<?xml version="1.0" encoding="UTF-8"?>
<!DOCTYPE html PUBLIC "-//W3C//DTD XHTML 1.0 Transitional//EN"
    "http://www.w3.org/TR/xhtml1/DTD/xhtml1-transitional.dtd">
<html xmlns="http://www.w3.org/1999/xhtml" xml:lang="en" lang="en">
 <head>
  <title>
</title>
<meta http-equiv="Content-Type" content="text/html;charset=utf-8" />
  <meta name='ocr-system' content='tesseract 3.04.00' />
  <meta name='ocr-capabilities' content='ocr_page ocr_carea ocr_par ocr_line ocrx_word'/>
</head>
<body>
  <div class='ocr_page' id='page_1' title='image "./theologiamorali01busegoog_0081.png"; bbox 0 0 4032 6340; ppageno 0'>
   <div class='ocr_carea' id='block_1_1' title="bbox 698 531 1768 612">
    <p class='ocr_par' dir='ltr' id='par_1_1' title="bbox 698 531 1768 612">
     <span class='ocr_line' id='line_1_1' title="bbox 698 531 1768 612; baseline 0 -16"><span class='ocrx_word' id='word_1_1' title='bbox 698 531 816 597; x_wconf 84' lang='grc'><strong>0000</strong></span> <span class='ocrx_word' id='word_1_2' title='bbox 836 531 1017 612; x_wconf 75' lang='lat' dir='ltr'><strong>reamur,</strong></span> <span class='ocrx_word' id='word_1_3' title='bbox 1041 534 1142 598; x_wconf 81' lang='lat' dir='ltr'><strong>mas</strong></span> <span class='ocrx_word' id='word_1_4' title='bbox 1164 538 1189 600; x_wconf 88' lang='lat' dir='ltr'><strong>r.</strong></span> <span class='ocrx_word' id='word_1_5' title='bbox 1729 533 1768 596; x_wconf 84' lang='lat' dir='ltr'><strong>ra</strong></span> 
     </span>
    </p>
   </div>
   <div class='ocr_carea' id='block_1_2' title="bbox 79 713 1841 5542">
    <p class='ocr_par' dir='ltr' id='par_1_2' title="bbox 140 713 1770 1150">
     <span class='ocr_line' id='line_1_2' title="bbox 140 713 1768 801; baseline 0.001 -23"><span class='ocrx_word' id='word_1_6' title='bbox 140 716 192 798; x_wconf 87' lang='lat' dir='ltr'><strong>jus,</strong></span> <span class='ocrx_word' id='word_1_7' title='bbox 205 714 283 796; x_wconf 87' lang='lat' dir='ltr'><strong>qnod</strong></span> <span class='ocrx_word' id='word_1_8' title='bbox 296 732 316 777; x_wconf 87' lang='lat' dir='ltr'><strong>a</strong></span> <span class='ocrx_word' id='word_1_9' title='bbox 329 713 451 780; x_wconf 82' lang='lat' dir='ltr'><strong>Christo</strong></span> <span class='ocrx_word' id='word_1_10' title='bbox 466 715 568 780; x_wconf 89' lang='lat' dir='ltr'><strong>babet</strong></span> <span class='ocrx_word' id='word_1_11' title='bbox 590 717 742 796; x_wconf 76' lang='lat' dir='ltr'><strong>Ecclesia,</strong></span> <span class='ocrx_word' id='word_1_12' title='bbox 760 720 923 801; x_wconf 87' lang='lat' dir='ltr'><strong>evangeli·</strong></span> <span class='ocrx_word' id='word_1_13' title='bbox 976 723 1031 784; x_wconf 88' lang='lat' dir='ltr'><strong>ant</strong></span> <span class='ocrx_word' id='word_1_14' title='bbox 1044 719 1126 782; x_wconf 89' lang='lat' dir='ltr'><strong>male</strong></span> <span class='ocrx_word' id='word_1_15' title='bbox 1140 719 1275 784; x_wconf 87' lang='lat' dir='ltr'><strong>antehac</strong></span> <span class='ocrx_word' id='word_1_16' title='bbox 1289 721 1450 800; x_wconf 86' lang='lat' dir='ltr'><strong>persoluti,</strong></span> <span class='ocrx_word' id='word_1_17' title='bbox 1467 722 1576 800; x_wconf 89' lang='lat' dir='ltr'><strong>postea</strong></span> <span class='ocrx_word' id='word_1_18' title='bbox 1598 721 1631 782; x_wconf 91' lang='lat' dir='ltr'><strong>in</strong></span> <span class='ocrx_word' id='word_1_19' title='bbox 1653 719 1768 782; x_wconf 90' lang='lat' dir='ltr'><strong>lustra-</strong></span> 
     </span>
     <span class='ocr_line' id='line_1_3' title="bbox 143 803 1770 888; baseline 0.001 -22"><span class='ocrx_word' id='word_1_20' title='bbox 143 803 356 885; x_wconf 83' lang='lat' dir='ltr'><strong>randiubique.</strong></span> <span class='ocrx_word' id='word_1_21' title='bbox 377 809 407 867; x_wconf 74' lang='grc'><strong>1.</strong></span> <span class='ocrx_word' id='word_1_22' title='bbox 433 806 567 878; x_wconf 84' lang='lat' dir='ltr'><strong>Quando</strong></span> <span class='ocrx_word' id='word_1_23' title='bbox 590 807 795 872; x_wconf 81' lang='lat' dir='ltr'><strong>damnificant</strong></span> <span class='ocrx_word' id='word_1_24' title='bbox 816 808 923 888; x_wconf 90' lang='lat' dir='ltr'><strong>proxi·</strong></span> <span class='ocrx_word' id='word_1_25' title='bbox 975 808 1060 871; x_wconf 89' lang='lat' dir='ltr'><strong>tione</strong></span> <span class='ocrx_word' id='word_1_26' title='bbox 1083 808 1218 871; x_wconf 92' lang='lat' dir='ltr'><strong>militum</strong></span> <span class='ocrx_word' id='word_1_27' title='bbox 1241 809 1314 870; x_wconf 89' lang='lat' dir='ltr'><strong>srcte</strong></span> <span class='ocrx_word' id='word_1_28' title='bbox 1341 807 1469 870; x_wconf 89' lang='lat' dir='ltr'><strong>nomina</strong></span> <span class='ocrx_word' id='word_1_29' title='bbox 1491 807 1699 885; x_wconf 80' lang='lat' dir='ltr'><strong>conscribere,</strong></span> <span class='ocrx_word' id='word_1_30' title='bbox 1734 811 1770 868; x_wconf 90' lang='lat' dir='ltr'><strong>ut</strong></span> 
     </span>
     <span class='ocr_line' id='line_1_4' title="bbox 143 893 1768 977; baseline 0.001 -23"><span class='ocrx_word' id='word_1_31' title='bbox 143 909 216 954; x_wconf 90' lang='lat' dir='ltr'><strong>mum</strong></span> <span class='ocrx_word' id='word_1_32' title='bbox 231 913 237 954; x_wconf 94' lang='lat'><strong>:</strong></span> <span class='ocrx_word' id='word_1_33' title='bbox 253 909 326 954; x_wconf 90' lang='lat' dir='ltr'><strong>nam</strong></span> <span class='ocrx_word' id='word_1_34' title='bbox 340 893 422 958; x_wconf 90' lang='lat' dir='ltr'><strong>sicut</strong></span> <span class='ocrx_word' id='word_1_35' title='bbox 435 895 490 974; x_wconf 88' lang='lat' dir='ltr'><strong>qui</strong></span> <span class='ocrx_word' id='word_1_36' title='bbox 505 894 656 956; x_wconf 90' lang='lat' dir='ltr'><strong>damnum</strong></span> <span class='ocrx_word' id='word_1_37' title='bbox 671 895 785 976; x_wconf 87' lang='lat' dir='ltr'><strong>injuste</strong></span> <span class='ocrx_word' id='word_1_38' title='bbox 804 897 922 977; x_wconf 88' lang='lat' dir='ltr'><strong>patitur</strong></span> <span class='ocrx_word' id='word_1_39' title='bbox 976 896 1159 976; x_wconf 84' lang='lat' dir='ltr'><strong>suppleatur</strong></span> <span class='ocrx_word' id='word_1_40' title='bbox 1178 895 1368 976; x_wconf 69' lang='lat' dir='ltr'><strong>stipendium</strong></span> <span class='ocrx_word' id='word_1_41' title='bbox 1386 896 1547 958; x_wconf 90' lang='lat' dir='ltr'><strong>debitum:</strong></span> <span class='ocrx_word' id='word_1_42' title='bbox 1565 899 1594 958; x_wconf 93' lang='grc'><strong>1.</strong></span> <span class='ocrx_word' id='word_1_43' title='bbox 1612 895 1692 968; x_wconf 84' lang='lat' dir='ltr'><strong>Quia</strong></span> <span class='ocrx_word' id='word_1_44' title='bbox 1704 913 1768 958; x_wconf 92' lang='lat' dir='ltr'><strong>non</strong></span> 
     </span>
     <span class='ocr_line' id='line_1_5' title="bbox 142 981 1768 1064; baseline 0.002 -22"><span class='ocrx_word' id='word_1_45' title='bbox 142 984 231 1060; x_wconf 89' lang='lat' dir='ltr'><strong>potest</strong></span> <span class='ocrx_word' id='word_1_46' title='bbox 243 999 275 1042; x_wconf 88' lang='lat' dir='ltr'><strong>se</strong></span> <span class='ocrx_word' id='word_1_47' title='bbox 290 981 471 1061; x_wconf 88' lang='lat' dir='ltr'><strong>defendere,</strong></span> <span class='ocrx_word' id='word_1_48' title='bbox 488 983 533 1045; x_wconf 88' lang='lat' dir='ltr'><strong>ita</strong></span> <span class='ocrx_word' id='word_1_49' title='bbox 547 987 579 1047; x_wconf 91' lang='lat' dir='ltr'><strong>et</strong></span> <span class='ocrx_word' id='word_1_50' title='bbox 592 983 670 1046; x_wconf 88' lang='lat' dir='ltr'><strong>alius</strong></span> <span class='ocrx_word' id='word_1_51' title='bbox 684 989 788 1064; x_wconf 87' lang='lat' dir='ltr'><strong>potest</strong></span> <span class='ocrx_word' id='word_1_52' title='bbox 801 986 829 1047; x_wconf 90' lang='grc'><strong>01</strong></span> <span class='ocrx_word' id='word_1_53' title='bbox 839 986 921 1048; x_wconf 82' lang='lat' dir='ltr'><strong>ferre</strong></span> <span class='ocrx_word' id='word_1_54' title='bbox 975 984 1048 1048; x_wconf 92' lang='lat' dir='ltr'><strong>licet</strong></span> <span class='ocrx_word' id='word_1_55' title='bbox 1070 985 1295 1063; x_wconf 89' lang='lat' dir='ltr'><strong>compensatio,</strong></span> <span class='ocrx_word' id='word_1_56' title='bbox 1320 984 1346 1045; x_wconf 91' lang='lat' dir='ltr'><strong>si</strong></span> <span class='ocrx_word' id='word_1_57' title='bbox 1368 984 1436 1046; x_wconf 86' lang='lat' dir='ltr'><strong>lleri</strong></span> <span class='ocrx_word' id='word_1_58' title='bbox 1459 985 1574 1046; x_wconf 90' lang='lat' dir='ltr'><strong>debeat</strong></span> <span class='ocrx_word' id='word_1_59' title='bbox 1595 1001 1668 1044; x_wconf 88' lang='lat' dir='ltr'><strong>cum</strong></span> <span class='ocrx_word' id='word_1_60' title='bbox 1681 983 1768 1046; x_wconf 87' lang='lat' dir='ltr'><strong>falla·</strong></span> 
     </span>
     <span class='ocr_line' id='line_1_6' title="bbox 140 1067 1768 1150; baseline 0.005 -23"><span class='ocrx_word' id='word_1_61' title='bbox 140 1067 288 1130; x_wconf 76' lang='lat' dir='ltr'><strong>auxiium.</strong></span> <span class='ocrx_word' id='word_1_62' title='bbox 976 1072 1026 1138; x_wconf 87' lang='lat' dir='ltr'><strong>oia</strong></span> <span class='ocrx_word' id='word_1_63' title='bbox 1045 1077 1077 1133; x_wconf 91' lang='lat' dir='ltr'><strong>et</strong></span> <span class='ocrx_word' id='word_1_64' title='bbox 1097 1072 1241 1134; x_wconf 84' lang='lat' dir='ltr'><strong>falsitate.</strong></span> <span class='ocrx_word' id='word_1_65' title='bbox 1256 1077 1286 1134; x_wconf 77' lang='lat'><strong>2.</strong></span> <span class='ocrx_word' id='word_1_66' title='bbox 1305 1072 1385 1146; x_wconf 85' lang='lat' dir='ltr'><strong>Quia</strong></span> <span class='ocrx_word' id='word_1_67' title='bbox 1402 1072 1463 1134; x_wconf 90' lang='lat' dir='ltr'><strong>hoc</strong></span> <span class='ocrx_word' id='word_1_68' title='bbox 1485 1073 1521 1133; x_wconf 87' lang='grc'><strong>111</strong></span> <span class='ocrx_word' id='word_1_69' title='bbox 1542 1090 1614 1134; x_wconf 88' lang='lat' dir='ltr'><strong>cum</strong></span> <span class='ocrx_word' id='word_1_70' title='bbox 1628 1071 1768 1150; x_wconf 90' lang='lat' dir='ltr'><strong>periculo</strong></span> 
     </span>
    </p>

    <p class='ocr_par' dir='ltr' id='par_1_3' title="bbox 80 1155 1769 1678">
     <span class='ocr_line' id='line_1_7' title="bbox 80 1155 1769 1242; baseline 0.004 -26"><span class='ocrx_word' id='word_1_71' title='bbox 80 1163 122 1216; x_wconf 68' lang='lat' dir='ltr'><strong>alt</strong></span> <span class='ocrx_word' id='word_1_72' title='bbox 172 1155 426 1235; x_wconf 64' lang='lat' dir='ltr'><strong>§trapanauet</strong></span> <span class='ocrx_word' id='word_1_73' title='bbox 439 1159 627 1236; x_wconf 86' lang='lat' dir='ltr'><strong>potestatem</strong></span> <span class='ocrx_word' id='word_1_74' title='bbox 637 1159 824 1238; x_wconf 91' lang='lat' dir='ltr'><strong>prohibendi</strong></span> <span class='ocrx_word' id='word_1_75' title='bbox 839 1161 923 1224; x_wconf 89' lang='lat' dir='ltr'><strong>bella</strong></span> <span class='ocrx_word' id='word_1_76' title='bbox 975 1160 1081 1240; x_wconf 88' lang='lat' dir='ltr'><strong>gravis</strong></span> <span class='ocrx_word' id='word_1_77' title='bbox 1095 1160 1201 1222; x_wconf 89' lang='lat' dir='ltr'><strong>damni</strong></span> <span class='ocrx_word' id='word_1_78' title='bbox 1216 1161 1418 1239; x_wconf 83' lang='lat' dir='ltr'><strong>Reipublicae,</strong></span> <span class='ocrx_word' id='word_1_79' title='bbox 1436 1179 1506 1242; x_wconf 81' lang='lat' dir='ltr'><strong>quae</strong></span> <span class='ocrx_word' id='word_1_80' title='bbox 1530 1160 1653 1240; x_wconf 90' lang='lat' dir='ltr'><strong>putabit</strong></span> <span class='ocrx_word' id='word_1_81' title='bbox 1674 1163 1769 1223; x_wconf 90' lang='grc'><strong>50101</strong></span> 
     </span>
     <span class='ocr_line' id='line_1_8' title="bbox 140 1241 1769 1329; baseline 0.004 -25"><span class='ocrx_word' id='word_1_82' title='bbox 140 1241 322 1322; x_wconf 90' lang='lat' dir='ltr'><strong>Principibus</strong></span> <span class='ocrx_word' id='word_1_83' title='bbox 352 1243 556 1322; x_wconf 86' lang='lat' dir='ltr'><strong>Christianis,</strong></span> <span class='ocrx_word' id='word_1_84' title='bbox 596 1247 722 1325; x_wconf 89' lang='lat' dir='ltr'><strong>quando</strong></span> <span class='ocrx_word' id='word_1_85' title='bbox 752 1247 796 1310; x_wconf 89' lang='lat' dir='ltr'><strong>ita</strong></span> <span class='ocrx_word' id='word_1_86' title='bbox 827 1248 924 1329; x_wconf 79' lang='lat' dir='ltr'><strong>exigit</strong></span> <span class='ocrx_word' id='word_1_87' title='bbox 976 1247 1093 1310; x_wconf 88' lang='lat' dir='ltr'><strong>habere</strong></span> <span class='ocrx_word' id='word_1_88' title='bbox 1120 1249 1244 1312; x_wconf 84' lang='lat' dir='ltr'><strong>milites.</strong></span> <span class='ocrx_word' id='word_1_89' title='bbox 1267 1251 1297 1310; x_wconf 93' lang='grc'><strong>3.</strong></span> <span class='ocrx_word' id='word_1_90' title='bbox 1324 1247 1403 1321; x_wconf 82' lang='lat' dir='ltr'><strong>Quia</strong></span> <span class='ocrx_word' id='word_1_91' title='bbox 1424 1249 1475 1328; x_wconf 90' lang='lat' dir='ltr'><strong>qui</strong></span> <span class='ocrx_word' id='word_1_92' title='bbox 1496 1248 1573 1310; x_wconf 87' lang='lat' dir='ltr'><strong>talia</strong></span> <span class='ocrx_word' id='word_1_93' title='bbox 1596 1247 1769 1311; x_wconf 72' lang='lat' dir='ltr'><strong>officiand-</strong></span> 
     </span>
     <span class='ocr_line' id='line_1_9' title="bbox 139 1331 1768 1416; baseline 0.004 -24"><span class='ocrx_word' id='word_1_94' title='bbox 139 1331 244 1392; x_wconf 89' lang='lat' dir='ltr'><strong>bonam</strong></span> <span class='ocrx_word' id='word_1_95' title='bbox 266 1349 433 1394; x_wconf 88' lang='lat' dir='ltr'><strong>commune</strong></span> <span class='ocrx_word' id='word_1_96' title='bbox 456 1333 545 1411; x_wconf 85' lang='lat' dir='ltr'><strong>fidei,</strong></span> <span class='ocrx_word' id='word_1_97' title='bbox 566 1334 615 1395; x_wconf 89' lang='lat' dir='ltr'><strong>vel</strong></span> <span class='ocrx_word' id='word_1_98' title='bbox 640 1335 820 1415; x_wconf 79' lang='lat' dir='ltr'><strong>Religionis,</strong></span> <span class='ocrx_word' id='word_1_99' title='bbox 847 1336 922 1416; x_wconf 90' lang='lat' dir='ltr'><strong>quia</strong></span> <span class='ocrx_word' id='word_1_100' title='bbox 976 1335 1115 1415; x_wconf 88' lang='lat' dir='ltr'><strong>mittunt,</strong></span> <span class='ocrx_word' id='word_1_101' title='bbox 1132 1337 1208 1400; x_wconf 88' lang='lat' dir='ltr'><strong>satis</strong></span> <span class='ocrx_word' id='word_1_102' title='bbox 1222 1337 1326 1399; x_wconf 90' lang='lat' dir='ltr'><strong>sciunt</strong></span> <span class='ocrx_word' id='word_1_103' title='bbox 1339 1354 1402 1397; x_wconf 92' lang='grc'><strong>000</strong></span> <span class='ocrx_word' id='word_1_104' title='bbox 1416 1335 1702 1416; x_wconf 87' lang='lat' dir='ltr'><strong>persolvendatam</strong></span> <span class='ocrx_word' id='word_1_105' title='bbox 1715 1352 1768 1398; x_wconf 88' lang='lat' dir='ltr'><strong>ac-</strong></span> 
     </span>
     <span class='ocr_line' id='line_1_10' title="bbox 140 1417 1767 1504; baseline 0.004 -26"><span class='ocrx_word' id='word_1_106' title='bbox 140 1417 167 1479; x_wconf 95' lang='lat' dir='ltr'><strong>in</strong></span> <span class='ocrx_word' id='word_1_107' title='bbox 190 1419 235 1480; x_wconf 89' lang='lat' dir='ltr'><strong>bis</strong></span> <span class='ocrx_word' id='word_1_108' title='bbox 265 1423 312 1482; x_wconf 88' lang='lat' dir='ltr'><strong>ast</strong></span> <span class='ocrx_word' id='word_1_109' title='bbox 343 1420 459 1482; x_wconf 78' lang='lat' dir='ltr'><strong>Christi</strong></span> <span class='ocrx_word' id='word_1_110' title='bbox 491 1421 633 1485; x_wconf 86' lang='lat' dir='ltr'><strong>Vicarius</strong></span> <span class='ocrx_word' id='word_1_111' title='bbox 665 1441 738 1484; x_wconf 90' lang='lat' dir='ltr'><strong>cnm</strong></span> <span class='ocrx_word' id='word_1_112' title='bbox 769 1428 921 1503; x_wconf 79' lang='lat' dir='ltr'><strong>potestate</strong></span> <span class='ocrx_word' id='word_1_113' title='bbox 978 1427 1086 1486; x_wconf 90' lang='lat' dir='ltr'><strong>curate</strong></span> <span class='ocrx_word' id='word_1_114' title='bbox 1096 1425 1253 1504; x_wconf 88' lang='lat' dir='ltr'><strong>stipendia</strong></span> <span class='ocrx_word' id='word_1_115' title='bbox 1270 1445 1276 1487; x_wconf 95' lang='lat'><strong>:</strong></span> <span class='ocrx_word' id='word_1_116' title='bbox 1295 1443 1370 1504; x_wconf 88' lang='lat' dir='ltr'><strong>ergo</strong></span> <span class='ocrx_word' id='word_1_117' title='bbox 1385 1429 1554 1487; x_wconf 89' lang='lat' dir='ltr'><strong>censentur</strong></span> <span class='ocrx_word' id='word_1_118' title='bbox 1566 1441 1624 1486; x_wconf 90' lang='lat' dir='ltr'><strong>suo</strong></span> <span class='ocrx_word' id='word_1_119' title='bbox 1638 1422 1706 1487; x_wconf 86' lang='lat' dir='ltr'><strong>iuri</strong></span> <span class='ocrx_word' id='word_1_120' title='bbox 1720 1440 1767 1484; x_wconf 88' lang='lat' dir='ltr'><strong>re·</strong></span> 
     </span>
     <span class='ocr_line' id='line_1_11' title="bbox 141 1507 1768 1592; baseline 0.004 -26"><span class='ocrx_word' id='word_1_121' title='bbox 141 1507 323 1584; x_wconf 86' lang='lat' dir='ltr'><strong>constitutus,</strong></span> <span class='ocrx_word' id='word_1_122' title='bbox 340 1511 549 1590; x_wconf 85' lang='lat' dir='ltr'><strong>teneaturque</strong></span> <span class='ocrx_word' id='word_1_123' title='bbox 564 1509 624 1588; x_wconf 91' lang='lat' dir='ltr'><strong>ipsi</strong></span> <span class='ocrx_word' id='word_1_124' title='bbox 638 1510 808 1591; x_wconf 76' lang='lat' dir='ltr'><strong>Principes,</strong></span> <span class='ocrx_word' id='word_1_125' title='bbox 825 1511 921 1588; x_wconf 85' lang='lat' dir='ltr'><strong>etiam</strong></span> <span class='ocrx_word' id='word_1_126' title='bbox 975 1512 1158 1576; x_wconf 83' lang='lat' dir='ltr'><strong>nuntiasse:</strong></span> <span class='ocrx_word' id='word_1_127' title='bbox 1184 1531 1243 1574; x_wconf 90' lang='lat' dir='ltr'><strong>usu</strong></span> <span class='ocrx_word' id='word_1_128' title='bbox 1267 1519 1371 1575; x_wconf 88' lang='lat' dir='ltr'><strong>tamen</strong></span> <span class='ocrx_word' id='word_1_129' title='bbox 1392 1513 1550 1575; x_wconf 86' lang='lat' dir='ltr'><strong>inmilitie</strong></span> <span class='ocrx_word' id='word_1_130' title='bbox 1571 1515 1696 1592; x_wconf 90' lang='lat' dir='ltr'><strong>recepto</strong></span> <span class='ocrx_word' id='word_1_131' title='bbox 1712 1513 1768 1574; x_wconf 83' lang='lat' dir='ltr'><strong>Ga·</strong></span> 
     </span>
     <span class='ocr_line' id='line_1_12' title="bbox 140 1593 1768 1678; baseline 0.004 -24"><span class='ocrx_word' id='word_1_132' title='bbox 140 1593 286 1673; x_wconf 88' lang='lat' dir='ltr'><strong>primario,</strong></span> <span class='ocrx_word' id='word_1_133' title='bbox 302 1595 364 1657; x_wconf 91' lang='lat' dir='ltr'><strong>boe</strong></span> <span class='ocrx_word' id='word_1_134' title='bbox 377 1596 497 1658; x_wconf 90' lang='lat' dir='ltr'><strong>bonnm</strong></span> <span class='ocrx_word' id='word_1_135' title='bbox 510 1597 682 1661; x_wconf 89' lang='lat' dir='ltr'><strong>attendere.</strong></span> <span class='ocrx_word' id='word_1_136' title='bbox 974 1598 1109 1677; x_wconf 87' lang='lat' dir='ltr'><strong>pitaneis</strong></span> <span class='ocrx_word' id='word_1_137' title='bbox 1131 1600 1315 1662; x_wconf 87' lang='lat' dir='ltr'><strong>conceditur</strong></span> <span class='ocrx_word' id='word_1_138' title='bbox 1337 1599 1425 1660; x_wconf 92' lang='lat' dir='ltr'><strong>locus</strong></span> <span class='ocrx_word' id='word_1_139' title='bbox 1447 1603 1590 1662; x_wconf 88' lang='lat' dir='ltr'><strong>mortuus</strong></span> <span class='ocrx_word' id='word_1_140' title='bbox 1613 1617 1670 1678; x_wconf 90' lang='lat' dir='ltr'><strong>pro</strong></span> <span class='ocrx_word' id='word_1_141' title='bbox 1689 1598 1768 1660; x_wconf 90' lang='lat' dir='ltr'><strong>duo·</strong></span> 
     </span>
    </p>

    <p class='ocr_par' dir='ltr' id='par_1_4' title="bbox 79 1683 1836 2559">
     <span class='ocr_line' id='line_1_13' title="bbox 79 1683 1765 1766; baseline 0.001 -22"><span class='ocrx_word' id='word_1_142' title='bbox 79 1693 121 1745; x_wconf 62' lang='lat' dir='ltr'>n</span> <span class='ocrx_word' id='word_1_143' title='bbox 172 1683 227 1762; x_wconf 77' lang='lat' dir='ltr'><strong>§a</strong></span> <span class='ocrx_word' id='word_1_144' title='bbox 244 1685 378 1746; x_wconf 90' lang='lat' dir='ltr'><strong>Peccant</strong></span> <span class='ocrx_word' id='word_1_145' title='bbox 391 1685 465 1746; x_wconf 93' lang='lat' dir='ltr'><strong>belli</strong></span> <span class='ocrx_word' id='word_1_146' title='bbox 490 1685 596 1754; x_wconf 90' lang='lat' dir='ltr'><strong>duces,</strong></span> <span class='ocrx_word' id='word_1_147' title='bbox 613 1691 645 1746; x_wconf 91' lang='lat' dir='ltr'><strong>et</strong></span> <span class='ocrx_word' id='word_1_148' title='bbox 665 1691 813 1750; x_wconf 89' lang='lat' dir='ltr'><strong>tenentur</strong></span> <span class='ocrx_word' id='word_1_149' title='bbox 830 1688 921 1750; x_wconf 88' lang='lat' dir='ltr'><strong>resti·</strong></span> <span class='ocrx_word' id='word_1_150' title='bbox 974 1684 1035 1746; x_wconf 89' lang='lat' dir='ltr'><strong>bus</strong></span> <span class='ocrx_word' id='word_1_151' title='bbox 1048 1689 1103 1748; x_wconf 91' lang='lat' dir='ltr'><strong>aut</strong></span> <span class='ocrx_word' id='word_1_152' title='bbox 1117 1687 1217 1749; x_wconf 88' lang='lat' dir='ltr'><strong>tribus</strong></span> <span class='ocrx_word' id='word_1_153' title='bbox 1239 1686 1375 1763; x_wconf 88' lang='lat' dir='ltr'><strong>famulis,</strong></span> <span class='ocrx_word' id='word_1_154' title='bbox 1388 1685 1518 1748; x_wconf 91' lang='lat' dir='ltr'><strong>etunius</strong></span> <span class='ocrx_word' id='word_1_155' title='bbox 1527 1704 1583 1764; x_wconf 92' lang='lat' dir='ltr'><strong>pro</strong></span> <span class='ocrx_word' id='word_1_156' title='bbox 1598 1686 1765 1766; x_wconf 82' lang='lat' dir='ltr'><strong>Signifero,</strong></span> 
     </span>
     <span class='ocr_line' id='line_1_14' title="bbox 140 1771 1768 1855; baseline 0.001 -23"><span class='ocrx_word' id='word_1_157' title='bbox 140 1773 228 1847; x_wconf 85' lang='lat' dir='ltr'><strong>tuere,</strong></span> <span class='ocrx_word' id='word_1_158' title='bbox 247 1771 272 1832; x_wconf 93' lang='lat' dir='ltr'><strong>si</strong></span> <span class='ocrx_word' id='word_1_159' title='bbox 293 1771 502 1850; x_wconf 88' lang='lat' dir='ltr'><strong>dissimulent,</strong></span> <span class='ocrx_word' id='word_1_160' title='bbox 527 1793 591 1854; x_wconf 88' lang='lat' dir='ltr'><strong>que</strong></span> <span class='ocrx_word' id='word_1_161' title='bbox 612 1775 664 1837; x_wconf 89' lang='lat' dir='ltr'><strong>via</strong></span> <span class='ocrx_word' id='word_1_162' title='bbox 682 1776 780 1838; x_wconf 90' lang='lat' dir='ltr'><strong>velint</strong></span> <span class='ocrx_word' id='word_1_163' title='bbox 803 1775 922 1836; x_wconf 85' lang='lat' dir='ltr'><strong>exerci-</strong></span> <span class='ocrx_word' id='word_1_164' title='bbox 975 1773 1096 1835; x_wconf 91' lang='lat' dir='ltr'><strong>etiamsi</strong></span> <span class='ocrx_word' id='word_1_165' title='bbox 1113 1774 1181 1837; x_wconf 92' lang='lat' dir='ltr'><strong>illos</strong></span> <span class='ocrx_word' id='word_1_166' title='bbox 1195 1780 1267 1836; x_wconf 86' lang='lat' dir='ltr'><strong>actu</strong></span> <span class='ocrx_word' id='word_1_167' title='bbox 1283 1793 1346 1836; x_wconf 94' lang='grc'><strong>000</strong></span> <span class='ocrx_word' id='word_1_168' title='bbox 1361 1773 1509 1852; x_wconf 90' lang='lat' dir='ltr'><strong>habeant,</strong></span> <span class='ocrx_word' id='word_1_169' title='bbox 1526 1774 1570 1836; x_wconf 90' lang='lat' dir='ltr'><strong>ita</strong></span> <span class='ocrx_word' id='word_1_170' title='bbox 1583 1773 1688 1855; x_wconf 86' lang='lat' dir='ltr'><strong>quoad</strong></span> <span class='ocrx_word' id='word_1_171' title='bbox 1703 1790 1768 1836; x_wconf 91' lang='lat' dir='ltr'><strong>om·</strong></span> 
     </span>
     <span class='ocr_line' id='line_1_15' title="bbox 141 1857 1262 1942; baseline 0.005 -24"><span class='ocrx_word' id='word_1_172' title='bbox 141 1860 198 1919; x_wconf 89' lang='grc'><strong>100</strong></span> <span class='ocrx_word' id='word_1_173' title='bbox 210 1857 334 1937; x_wconf 86' lang='lat' dir='ltr'><strong>ducere,</strong></span> <span class='ocrx_word' id='word_1_174' title='bbox 350 1863 386 1920; x_wconf 93' lang='lat' dir='ltr'><strong>ut</strong></span> <span class='ocrx_word' id='word_1_175' title='bbox 399 1859 444 1921; x_wconf 92' lang='lat' dir='ltr'><strong>sic</strong></span> <span class='ocrx_word' id='word_1_176' title='bbox 467 1879 487 1920; x_wconf 91' lang='lat' dir='ltr'><strong>a</strong></span> <span class='ocrx_word' id='word_1_177' title='bbox 509 1860 640 1924; x_wconf 88' lang='lat' dir='ltr'><strong>diversis</strong></span> <span class='ocrx_word' id='word_1_178' title='bbox 664 1862 787 1942; x_wconf 91' lang='lat' dir='ltr'><strong>oppidis</strong></span> <span class='ocrx_word' id='word_1_179' title='bbox 807 1863 922 1925; x_wconf 87' lang='lat' dir='ltr'><strong>transi·</strong></span> <span class='ocrx_word' id='word_1_180' title='bbox 975 1861 1029 1921; x_wconf 90' lang='lat' dir='ltr'><strong>nia</strong></span> <span class='ocrx_word' id='word_1_181' title='bbox 1042 1862 1136 1924; x_wconf 82' lang='lat' dir='ltr'><strong>Arsd.</strong></span> <span class='ocrx_word' id='word_1_182' title='bbox 1156 1879 1262 1942; x_wconf 89' lang='lat' dir='ltr'><strong>supra.</strong></span> 
     </span>
     <span class='ocr_line' id='line_1_16' title="bbox 141 1945 1836 2031; baseline 0.002 -24"><span class='ocrx_word' id='word_1_183' title='bbox 141 1951 199 2007; x_wconf 87' lang='lat' dir='ltr'><strong>tum</strong></span> <span class='ocrx_word' id='word_1_184' title='bbox 219 1945 443 2008; x_wconf 87' lang='lat' dir='ltr'><strong>redimentibus</strong></span> <span class='ocrx_word' id='word_1_185' title='bbox 475 1949 624 2026; x_wconf 88' lang='lat' dir='ltr'><strong>pecunias</strong></span> <span class='ocrx_word' id='word_1_186' title='bbox 647 1951 812 2029; x_wconf 88' lang='lat' dir='ltr'><strong>accipiant,</strong></span> <span class='ocrx_word' id='word_1_187' title='bbox 847 1951 922 2031; x_wconf 89' lang='lat' dir='ltr'><strong>quia</strong></span> <span class='ocrx_word' id='word_1_188' title='bbox 1014 1947 1768 2028; x_wconf 59' lang='grc'><strong>11181011105000100100,1050151000-</strong></span> <span class='ocrx_word' id='word_1_189' title='bbox 1794 1957 1836 2002; x_wconf 77' lang='grc'><strong>819</strong></span> 
     </span>
     <span class='ocr_line' id='line_1_17' title="bbox 141 2034 1769 2116; baseline 0 -19"><span class='ocrx_word' id='word_1_190' title='bbox 141 2053 195 2097; x_wconf 91' lang='grc'><strong>000</strong></span> <span class='ocrx_word' id='word_1_191' title='bbox 221 2039 341 2096; x_wconf 88' lang='lat' dir='ltr'><strong>tantum</strong></span> <span class='ocrx_word' id='word_1_192' title='bbox 364 2034 434 2097; x_wconf 91' lang='lat' dir='ltr'><strong>loco</strong></span> <span class='ocrx_word' id='word_1_193' title='bbox 458 2036 590 2099; x_wconf 89' lang='lat' dir='ltr'><strong>debetur</strong></span> <span class='ocrx_word' id='word_1_194' title='bbox 613 2038 657 2099; x_wconf 88' lang='lat' dir='ltr'><strong>eis</strong></span> <span class='ocrx_word' id='word_1_195' title='bbox 680 2040 841 2116; x_wconf 84' lang='lat' dir='ltr'><strong>transitus,</strong></span> <span class='ocrx_word' id='word_1_196' title='bbox 863 2058 921 2101; x_wconf 92' lang='lat' dir='ltr'><strong>nec</strong></span> <span class='ocrx_word' id='word_1_197' title='bbox 976 2037 1074 2115; x_wconf 93' lang='lat' dir='ltr'><strong>dium,</strong></span> <span class='ocrx_word' id='word_1_198' title='bbox 1092 2038 1176 2116; x_wconf 87' lang='lat' dir='ltr'><strong>quod</strong></span> <span class='ocrx_word' id='word_1_199' title='bbox 1190 2037 1302 2099; x_wconf 91' lang='lat' dir='ltr'><strong>lucrati</strong></span> <span class='ocrx_word' id='word_1_200' title='bbox 1318 2039 1401 2114; x_wconf 91' lang='lat' dir='ltr'><strong>sunt,</strong></span> <span class='ocrx_word' id='word_1_201' title='bbox 1419 2037 1597 2099; x_wconf 87' lang='lat' dir='ltr'><strong>devolvitur</strong></span> <span class='ocrx_word' id='word_1_202' title='bbox 1614 2039 1655 2099; x_wconf 91' lang='lat' dir='ltr'><strong>ad</strong></span> <span class='ocrx_word' id='word_1_203' title='bbox 1671 2037 1769 2098; x_wconf 88' lang='lat' dir='ltr'><strong>heere·</strong></span> 
     </span>
     <span class='ocr_line' id='line_1_18' title="bbox 141 2122 1770 2205; baseline 0.001 -21"><span class='ocrx_word' id='word_1_204' title='bbox 141 2125 258 2204; x_wconf 90' lang='lat' dir='ltr'><strong>possunt</strong></span> <span class='ocrx_word' id='word_1_205' title='bbox 276 2122 335 2202; x_wconf 91' lang='lat' dir='ltr'><strong>ipsi</strong></span> <span class='ocrx_word' id='word_1_206' title='bbox 360 2122 449 2184; x_wconf 91' lang='lat' dir='ltr'><strong>illum</strong></span> <span class='ocrx_word' id='word_1_207' title='bbox 468 2124 611 2186; x_wconf 89' lang='lat' dir='ltr'><strong>venalem</strong></span> <span class='ocrx_word' id='word_1_208' title='bbox 632 2127 756 2204; x_wconf 89' lang='lat' dir='ltr'><strong>facere,</strong></span> <span class='ocrx_word' id='word_1_209' title='bbox 781 2130 837 2188; x_wconf 86' lang='lat' dir='ltr'><strong>aut</strong></span> <span class='ocrx_word' id='word_1_210' title='bbox 863 2143 920 2205; x_wconf 91' lang='lat' dir='ltr'><strong>pro</strong></span> <span class='ocrx_word' id='word_1_211' title='bbox 975 2127 1042 2204; x_wconf 90' lang='lat' dir='ltr'><strong>des,</strong></span> <span class='ocrx_word' id='word_1_212' title='bbox 1058 2126 1139 2188; x_wconf 90' lang='lat' dir='ltr'><strong>sicut</strong></span> <span class='ocrx_word' id='word_1_213' title='bbox 1153 2125 1221 2188; x_wconf 84' lang='lat' dir='ltr'><strong>aliae</strong></span> <span class='ocrx_word' id='word_1_214' title='bbox 1237 2126 1386 2202; x_wconf 89' lang='lat' dir='ltr'><strong>actiones,</strong></span> <span class='ocrx_word' id='word_1_215' title='bbox 1412 2130 1444 2188; x_wconf 91' lang='grc'><strong>01</strong></span> <span class='ocrx_word' id='word_1_216' title='bbox 1464 2126 1583 2188; x_wconf 86' lang='lat' dir='ltr'><strong>credita</strong></span> <span class='ocrx_word' id='word_1_217' title='bbox 1606 2125 1770 2188; x_wconf 86' lang='lat' dir='ltr'><strong>defuncto·</strong></span> 
     </span>
     <span class='ocr_line' id='line_1_19' title="bbox 141 2209 1771 2294; baseline 0.001 -22"><span class='ocrx_word' id='word_1_218' title='bbox 141 2210 217 2272; x_wconf 83' lang='lat' dir='ltr'><strong>libito</strong></span> <span class='ocrx_word' id='word_1_219' title='bbox 239 2209 294 2271; x_wconf 89' lang='lat' dir='ltr'><strong>hos</strong></span> <span class='ocrx_word' id='word_1_220' title='bbox 316 2229 383 2288; x_wconf 79' lang='lat' dir='ltr'><strong>prae</strong></span> <span class='ocrx_word' id='word_1_221' title='bbox 407 2210 467 2271; x_wconf 90' lang='lat' dir='ltr'><strong>illis</strong></span> <span class='ocrx_word' id='word_1_222' title='bbox 489 2231 635 2291; x_wconf 88' lang='lat' dir='ltr'><strong>gravare,</strong></span> <span class='ocrx_word' id='word_1_223' title='bbox 652 2231 753 2294; x_wconf 86' lang='lat' dir='ltr'><strong>neque</strong></span> <span class='ocrx_word' id='word_1_224' title='bbox 773 2214 921 2292; x_wconf 88' lang='lat' dir='ltr'><strong>Princeps</strong></span> <span class='ocrx_word' id='word_1_225' title='bbox 975 2231 1066 2286; x_wconf 90' lang='lat' dir='ltr'><strong>rum;</strong></span> <span class='ocrx_word' id='word_1_226' title='bbox 1083 2231 1140 2273; x_wconf 92' lang='lat' dir='ltr'><strong>nec</strong></span> <span class='ocrx_word' id='word_1_227' title='bbox 1164 2213 1387 2292; x_wconf 89' lang='lat' dir='ltr'><strong>apparetunde</strong></span> <span class='ocrx_word' id='word_1_228' title='bbox 1398 2212 1451 2293; x_wconf 90' lang='lat' dir='ltr'><strong>jus</strong></span> <span class='ocrx_word' id='word_1_229' title='bbox 1466 2212 1649 2274; x_wconf 85' lang='lat' dir='ltr'><strong>officialibus</strong></span> <span class='ocrx_word' id='word_1_230' title='bbox 1673 2212 1771 2291; x_wconf 88' lang='lat' dir='ltr'><strong>possit</strong></span> 
     </span>
     <span class='ocr_line' id='line_1_20' title="bbox 143 2297 1768 2384; baseline 0.003 -25"><span class='ocrx_word' id='word_1_231' title='bbox 143 2297 199 2377; x_wconf 90' lang='lat' dir='ltr'><strong>ipse</strong></span> <span class='ocrx_word' id='word_1_232' title='bbox 221 2298 278 2360; x_wconf 89' lang='lat' dir='ltr'><strong>boc</strong></span> <span class='ocrx_word' id='word_1_233' title='bbox 296 2299 471 2360; x_wconf 90' lang='lat' dir='ltr'><strong>concedere</strong></span> <span class='ocrx_word' id='word_1_234' title='bbox 494 2305 597 2379; x_wconf 87' lang='lat' dir='ltr'><strong>potest</strong></span> <span class='ocrx_word' id='word_1_235' title='bbox 620 2318 692 2362; x_wconf 92' lang='lat' dir='ltr'><strong>cum</strong></span> <span class='ocrx_word' id='word_1_236' title='bbox 716 2305 803 2364; x_wconf 89' lang='lat' dir='ltr'><strong>tanto</strong></span> <span class='ocrx_word' id='word_1_237' title='bbox 831 2301 919 2379; x_wconf 82' lang='lat' dir='ltr'><strong>Reip.</strong></span> <span class='ocrx_word' id='word_1_238' title='bbox 975 2306 1165 2380; x_wconf 90' lang='lat' dir='ltr'><strong>competere,</strong></span> <span class='ocrx_word' id='word_1_239' title='bbox 1181 2302 1274 2364; x_wconf 82' lang='lat' dir='ltr'><strong>Arsd.</strong></span> <span class='ocrx_word' id='word_1_240' title='bbox 1290 2303 1482 2384; x_wconf 72' lang='lat' dir='ltr'><strong>q.2;beym.</strong></span> <span class='ocrx_word' id='word_1_241' title='bbox 1499 2301 1720 2363; x_wconf 87' lang='lat' dir='ltr'><strong>tamenetDie.</strong></span> <span class='ocrx_word' id='word_1_242' title='bbox 1736 2320 1768 2364; x_wconf 83' lang='lat' dir='ltr'><strong>a.</strong></span> 
     </span>
     <span class='ocr_line' id='line_1_21' title="bbox 144 2386 1771 2470; baseline 0.004 -24"><span class='ocrx_word' id='word_1_243' title='bbox 144 2386 325 2463; x_wconf 83' lang='lat' dir='ltr'><strong>detrimento,</strong></span> <span class='ocrx_word' id='word_1_244' title='bbox 342 2387 415 2448; x_wconf 86' lang='grc'><strong>11101.</strong></span> <span class='ocrx_word' id='word_1_245' title='bbox 432 2387 510 2450; x_wconf 92' lang='lat' dir='ltr'><strong>Bon.</strong></span> <span class='ocrx_word' id='word_1_246' title='bbox 527 2388 703 2450; x_wconf 76' lang='grc'><strong>11001050.</strong></span> <span class='ocrx_word' id='word_1_247' title='bbox 716 2397 739 2450; x_wconf 81' lang='lat' dir='ltr'><strong>t.</strong></span> <span class='ocrx_word' id='word_1_248' title='bbox 755 2393 831 2470; x_wconf 67' lang='lat' dir='ltr'><strong>up.</strong></span> <span class='ocrx_word' id='word_1_249' title='bbox 848 2392 878 2466; x_wconf 74' lang='grc'><strong>1,</strong></span> <span class='ocrx_word' id='word_1_250' title='bbox 892 2395 914 2450; x_wconf 84' lang='grc'><strong>1.</strong></span> <span class='ocrx_word' id='word_1_251' title='bbox 974 2394 1044 2467; x_wconf 82' lang='grc'><strong>161,</strong></span> <span class='ocrx_word' id='word_1_252' title='bbox 1061 2390 1199 2452; x_wconf 89' lang='lat' dir='ltr'><strong>latentur</strong></span> <span class='ocrx_word' id='word_1_253' title='bbox 1213 2390 1440 2452; x_wconf 89' lang='lat' dir='ltr'><strong>consuetudine</strong></span> <span class='ocrx_word' id='word_1_254' title='bbox 1454 2394 1617 2468; x_wconf 89' lang='lat' dir='ltr'><strong>receptum</strong></span> <span class='ocrx_word' id='word_1_255' title='bbox 1640 2407 1718 2466; x_wconf 89' lang='lat' dir='ltr'><strong>esse,</strong></span> <span class='ocrx_word' id='word_1_256' title='bbox 1736 2391 1771 2452; x_wconf 85' lang='grc'><strong>01</strong></span> 
     </span>
     <span class='ocr_line' id='line_1_22' title="bbox 143 2473 1770 2559; baseline 0.002 -25"><span class='ocrx_word' id='word_1_257' title='bbox 143 2477 169 2552; x_wconf 84' lang='grc'><strong>1,</strong></span> <span class='ocrx_word' id='word_1_258' title='bbox 185 2473 214 2534; x_wconf 86' lang='lat' dir='ltr'><strong>ia</strong></span> <span class='ocrx_word' id='word_1_259' title='bbox 226 2475 307 2555; x_wconf 81' lang='lat' dir='ltr'><strong>Hesp.</strong></span> <span class='ocrx_word' id='word_1_260' title='bbox 322 2482 408 2536; x_wconf 83' lang='lat' dir='ltr'><strong>castr.</strong></span> <span class='ocrx_word' id='word_1_261' title='bbox 420 2493 450 2555; x_wconf 85' lang='lat' dir='ltr'><strong>q.</strong></span> <span class='ocrx_word' id='word_1_262' title='bbox 466 2477 502 2548; x_wconf 79' lang='lat'><strong>33</strong></span> <span class='ocrx_word' id='word_1_263' title='bbox 518 2474 586 2536; x_wconf 87' lang='lat' dir='ltr'><strong>Dic.</strong></span> <span class='ocrx_word' id='word_1_264' title='bbox 603 2495 635 2537; x_wconf 85' lang='lat' dir='ltr'><strong>n.</strong></span> <span class='ocrx_word' id='word_1_265' title='bbox 650 2478 719 2538; x_wconf 84' lang='grc'><strong>159.</strong></span> <span class='ocrx_word' id='word_1_266' title='bbox 974 2479 1081 2556; x_wconf 90' lang='lat' dir='ltr'><strong>trium,</strong></span> <span class='ocrx_word' id='word_1_267' title='bbox 1102 2479 1151 2541; x_wconf 93' lang='lat' dir='ltr'><strong>vel</strong></span> <span class='ocrx_word' id='word_1_268' title='bbox 1173 2483 1309 2559; x_wconf 88' lang='lat' dir='ltr'><strong>quatuor</strong></span> <span class='ocrx_word' id='word_1_269' title='bbox 1331 2478 1489 2540; x_wconf 90' lang='lat' dir='ltr'><strong>mensium</strong></span> <span class='ocrx_word' id='word_1_270' title='bbox 1516 2477 1673 2556; x_wconf 90' lang='lat' dir='ltr'><strong>stipendia</strong></span> <span class='ocrx_word' id='word_1_271' title='bbox 1698 2476 1770 2538; x_wconf 88' lang='lat' dir='ltr'><strong>reti·</strong></span> 
     </span>
    </p>

    <p class='ocr_par' dir='ltr' id='par_1_5' title="bbox 118 2561 1772 2911">
     <span class='ocr_line' id='line_1_23' title="bbox 118 2561 1770 2647; baseline 0 -23"><span class='ocrx_word' id='word_1_272' title='bbox 118 2625 120 2633; x_wconf 44' lang='lat'><strong>,</strong></span> <span class='ocrx_word' id='word_1_273' title='bbox 174 2563 191 2642; x_wconf 61' lang='grc' dir='ltr'>ᾖ</span> <span class='ocrx_word' id='word_1_274' title='bbox 208 2565 235 2624; x_wconf 89' lang='grc'><strong>9.</strong></span> <span class='ocrx_word' id='word_1_275' title='bbox 255 2561 503 2639; x_wconf 81' lang='lat' dir='ltr'><strong>Commisserius,</strong></span> <span class='ocrx_word' id='word_1_276' title='bbox 530 2561 584 2642; x_wconf 90' lang='lat' dir='ltr'><strong>qui</strong></span> <span class='ocrx_word' id='word_1_277' title='bbox 608 2563 777 2642; x_wconf 75' lang='lat' dir='ltr'><strong>capitaneo</strong></span> <span class='ocrx_word' id='word_1_278' title='bbox 802 2561 920 2643; x_wconf 89' lang='lat' dir='ltr'><strong>petenti</strong></span> <span class='ocrx_word' id='word_1_279' title='bbox 975 2569 1110 2628; x_wconf 89' lang='lat' dir='ltr'><strong>neantur</strong></span> <span class='ocrx_word' id='word_1_280' title='bbox 1124 2566 1212 2647; x_wconf 89' lang='lat' dir='ltr'><strong>quasi</strong></span> <span class='ocrx_word' id='word_1_281' title='bbox 1227 2567 1260 2628; x_wconf 94' lang='grc'><strong>10</strong></span> <span class='ocrx_word' id='word_1_282' title='bbox 1274 2565 1429 2644; x_wconf 89' lang='lat' dir='ltr'><strong>deposito,</strong></span> <span class='ocrx_word' id='word_1_283' title='bbox 1442 2565 1483 2626; x_wconf 90' lang='lat' dir='ltr'><strong>ad</strong></span> <span class='ocrx_word' id='word_1_284' title='bbox 1498 2565 1612 2626; x_wconf 85' lang='lat' dir='ltr'><strong>milites</strong></span> <span class='ocrx_word' id='word_1_285' title='bbox 1625 2565 1658 2625; x_wconf 93' lang='lat' dir='ltr'><strong>in</strong></span> <span class='ocrx_word' id='word_1_286' title='bbox 1669 2563 1770 2626; x_wconf 84' lang='lat' dir='ltr'><strong>officie</strong></span> 
     </span>
     <span class='ocr_line' id='line_1_24' title="bbox 145 2650 1771 2733; baseline 0 -21"><span class='ocrx_word' id='word_1_287' title='bbox 145 2650 289 2712; x_wconf 87' lang='lat' dir='ltr'><strong>annotavit</strong></span> <span class='ocrx_word' id='word_1_288' title='bbox 310 2650 417 2729; x_wconf 91' lang='lat' dir='ltr'><strong>plures</strong></span> <span class='ocrx_word' id='word_1_289' title='bbox 439 2651 563 2728; x_wconf 89' lang='lat' dir='ltr'><strong>milites,</strong></span> <span class='ocrx_word' id='word_1_290' title='bbox 581 2670 675 2732; x_wconf 88' lang='lat' dir='ltr'><strong>quam</strong></span> <span class='ocrx_word' id='word_1_291' title='bbox 692 2652 817 2729; x_wconf 89' lang='lat' dir='ltr'><strong>habeat,</strong></span> <span class='ocrx_word' id='word_1_292' title='bbox 833 2655 921 2714; x_wconf 90' lang='lat' dir='ltr'><strong>tene·</strong></span> <span class='ocrx_word' id='word_1_293' title='bbox 975 2653 1192 2731; x_wconf 87' lang='lat' dir='ltr'><strong>continendos,</strong></span> <span class='ocrx_word' id='word_1_294' title='bbox 1209 2652 1334 2733; x_wconf 88' lang='lat' dir='ltr'><strong>quodsi</strong></span> <span class='ocrx_word' id='word_1_295' title='bbox 1354 2651 1546 2729; x_wconf 89' lang='lat' dir='ltr'><strong>moriantur,</strong></span> <span class='ocrx_word' id='word_1_296' title='bbox 1563 2652 1672 2714; x_wconf 88' lang='lat' dir='ltr'><strong>dicunt</strong></span> <span class='ocrx_word' id='word_1_297' title='bbox 1693 2650 1771 2712; x_wconf 91' lang='lat' dir='ltr'><strong>nihil</strong></span> 
     </span>
     <span class='ocr_line' id='line_1_25' title="bbox 143 2737 1772 2817; baseline -0.001 -17"><span class='ocrx_word' id='word_1_298' title='bbox 143 2738 216 2800; x_wconf 91' lang='lat' dir='ltr'><strong>bitur</strong></span> <span class='ocrx_word' id='word_1_299' title='bbox 228 2737 398 2814; x_wconf 86' lang='lat' dir='ltr'><strong>restituere,</strong></span> <span class='ocrx_word' id='word_1_300' title='bbox 415 2737 440 2797; x_wconf 92' lang='lat' dir='ltr'><strong>si</strong></span> <span class='ocrx_word' id='word_1_301' title='bbox 455 2739 642 2817; x_wconf 73' lang='lat' dir='ltr'><strong>capitaneus</strong></span> <span class='ocrx_word' id='word_1_302' title='bbox 657 2739 784 2801; x_wconf 84' lang='lat' dir='ltr'><strong>deficiat</strong></span> <span class='ocrx_word' id='word_1_303' title='bbox 802 2759 809 2800; x_wconf 92' lang='lat'>:</span> <span class='ocrx_word' id='word_1_304' title='bbox 827 2757 919 2800; x_wconf 85' lang='lat' dir='ltr'><strong>ercu·</strong></span> <span class='ocrx_word' id='word_1_305' title='bbox 975 2741 1065 2804; x_wconf 88' lang='lat' dir='ltr'><strong>reddi</strong></span> <span class='ocrx_word' id='word_1_306' title='bbox 1089 2741 1285 2814; x_wconf 81' lang='lat' dir='ltr'><strong>haeredibus3</strong></span> <span class='ocrx_word' id='word_1_307' title='bbox 1311 2740 1367 2802; x_wconf 90' lang='lat' dir='ltr'><strong>sed</strong></span> <span class='ocrx_word' id='word_1_308' title='bbox 1391 2739 1436 2800; x_wconf 94' lang='lat' dir='ltr'><strong>nil</strong></span> <span class='ocrx_word' id='word_1_309' title='bbox 1451 2739 1528 2802; x_wconf 92' lang='lat' dir='ltr'><strong>certi</strong></span> <span class='ocrx_word' id='word_1_310' title='bbox 1553 2741 1699 2816; x_wconf 80' lang='lat' dir='ltr'><strong>aderunt,</strong></span> <span class='ocrx_word' id='word_1_311' title='bbox 1714 2756 1772 2817; x_wconf 90' lang='lat' dir='ltr'><strong>per</strong></span> 
     </span>
     <span class='ocr_line' id='line_1_26' title="bbox 145 2826 1771 2911; baseline 0 -23"><span class='ocrx_word' id='word_1_312' title='bbox 145 2826 197 2888; x_wconf 88' lang='lat' dir='ltr'><strong>sari</strong></span> <span class='ocrx_word' id='word_1_313' title='bbox 209 2831 308 2888; x_wconf 88' lang='lat' dir='ltr'><strong>autem</strong></span> <span class='ocrx_word' id='word_1_314' title='bbox 322 2827 439 2906; x_wconf 90' lang='lat' dir='ltr'><strong>poterit</strong></span> <span class='ocrx_word' id='word_1_315' title='bbox 459 2828 685 2890; x_wconf 92' lang='lat' dir='ltr'><strong>arestitutione</strong></span> <span class='ocrx_word' id='word_1_316' title='bbox 704 2828 892 2907; x_wconf 82' lang='lat' dir='ltr'><strong>Capitoneus</strong></span> <span class='ocrx_word' id='word_1_317' title='bbox 912 2845 919 2888; x_wconf 96' lang='lat'><strong>:</strong></span> <span class='ocrx_word' id='word_1_318' title='bbox 976 2831 1061 2911; x_wconf 88' lang='lat' dir='ltr'><strong>quod</strong></span> <span class='ocrx_word' id='word_1_319' title='bbox 1075 2833 1234 2906; x_wconf 87' lang='lat' dir='ltr'><strong>excusent,</strong></span> <span class='ocrx_word' id='word_1_320' title='bbox 1251 2829 1310 2890; x_wconf 92' lang='lat' dir='ltr'><strong>nisi</strong></span> <span class='ocrx_word' id='word_1_321' title='bbox 1326 2830 1406 2890; x_wconf 82' lang='lat' dir='ltr'><strong>forte</strong></span> <span class='ocrx_word' id='word_1_322' title='bbox 1420 2827 1506 2909; x_wconf 87' lang='lat' dir='ltr'><strong>quod</strong></span> <span class='ocrx_word' id='word_1_323' title='bbox 1529 2827 1704 2906; x_wconf 72' lang='lat' dir='ltr'><strong>prevaleat</strong></span> <span class='ocrx_word' id='word_1_324' title='bbox 1716 2827 1771 2888; x_wconf 91' lang='lat' dir='ltr'><strong>bo·</strong></span> 
     </span>
    </p>

    <p class='ocr_par' dir='ltr' id='par_1_6' title="bbox 146 2911 1771 3173">
     <span class='ocr_line' id='line_1_27' title="bbox 147 2911 1771 2996; baseline -0.001 -20"><span class='ocrx_word' id='word_1_325' title='bbox 147 2918 171 2976; x_wconf 91' lang='grc'><strong>1.</strong></span> <span class='ocrx_word' id='word_1_326' title='bbox 185 2915 214 2976; x_wconf 85' lang='lat' dir='ltr'><strong>Si</strong></span> <span class='ocrx_word' id='word_1_327' title='bbox 226 2914 379 2994; x_wconf 82' lang='lat' dir='ltr'><strong>stipendia</strong></span> <span class='ocrx_word' id='word_1_328' title='bbox 393 2915 552 2977; x_wconf 89' lang='lat' dir='ltr'><strong>ordinaria</strong></span> <span class='ocrx_word' id='word_1_329' title='bbox 569 2915 689 2996; x_wconf 88' lang='lat' dir='ltr'><strong>judicio</strong></span> <span class='ocrx_word' id='word_1_330' title='bbox 718 2916 922 2978; x_wconf 88' lang='lat' dir='ltr'><strong>bonorumet</strong></span> <span class='ocrx_word' id='word_1_331' title='bbox 975 2935 1052 2978; x_wconf 91' lang='lat' dir='ltr'><strong>num</strong></span> <span class='ocrx_word' id='word_1_332' title='bbox 1070 2934 1248 2994; x_wconf 90' lang='lat' dir='ltr'><strong>commune,</strong></span> <span class='ocrx_word' id='word_1_333' title='bbox 1271 2920 1326 2979; x_wconf 90' lang='lat' dir='ltr'><strong>aut</strong></span> <span class='ocrx_word' id='word_1_334' title='bbox 1347 2914 1432 2996; x_wconf 91' lang='lat' dir='ltr'><strong>quod</strong></span> <span class='ocrx_word' id='word_1_335' title='bbox 1455 2915 1567 2976; x_wconf 89' lang='lat' dir='ltr'><strong>dautes</strong></span> <span class='ocrx_word' id='word_1_336' title='bbox 1583 2932 1698 2976; x_wconf 91' lang='lat' dir='ltr'><strong>nomen</strong></span> <span class='ocrx_word' id='word_1_337' title='bbox 1713 2911 1771 2974; x_wconf 92' lang='lat' dir='ltr'><strong>mi-</strong></span> 
     </span>
     <span class='ocr_line' id='line_1_28' title="bbox 146 2999 1771 3086; baseline -0.001 -22"><span class='ocrx_word' id='word_1_338' title='bbox 146 3003 369 3082; x_wconf 87' lang='lat' dir='ltr'><strong>intelligentium</strong></span> <span class='ocrx_word' id='word_1_339' title='bbox 393 3020 456 3063; x_wconf 92' lang='grc'><strong>000</strong></span> <span class='ocrx_word' id='word_1_340' title='bbox 479 3003 542 3065; x_wconf 91' lang='grc'><strong>5101</strong></span> <span class='ocrx_word' id='word_1_341' title='bbox 559 3003 758 3082; x_wconf 87' lang='grc'><strong>501110100110,</strong></span> <span class='ocrx_word' id='word_1_342' title='bbox 775 3005 859 3086; x_wconf 90' lang='lat' dir='ltr'><strong>quod</strong></span> <span class='ocrx_word' id='word_1_343' title='bbox 874 3008 922 3066; x_wconf 86' lang='lat' dir='ltr'><strong>tn·</strong></span> <span class='ocrx_word' id='word_1_344' title='bbox 973 3004 1048 3065; x_wconf 83' lang='lat' dir='ltr'><strong>litiae</strong></span> <span class='ocrx_word' id='word_1_345' title='bbox 1065 3003 1231 3066; x_wconf 88' lang='lat' dir='ltr'><strong>videantur</strong></span> <span class='ocrx_word' id='word_1_346' title='bbox 1245 3004 1275 3064; x_wconf 92' lang='grc'><strong>10</strong></span> <span class='ocrx_word' id='word_1_347' title='bbox 1300 3004 1361 3064; x_wconf 91' lang='lat' dir='ltr'><strong>boc</strong></span> <span class='ocrx_word' id='word_1_348' title='bbox 1382 3001 1590 3080; x_wconf 89' lang='lat' dir='ltr'><strong>consensisse,</strong></span> <span class='ocrx_word' id='word_1_349' title='bbox 1616 2999 1702 3082; x_wconf 87' lang='lat' dir='ltr'><strong>quod</strong></span> <span class='ocrx_word' id='word_1_350' title='bbox 1722 3002 1771 3062; x_wconf 78' lang='lat' dir='ltr'><strong>ta-</strong></span> 
     </span>
     <span class='ocr_line' id='line_1_29' title="bbox 146 3091 1350 3173; baseline 0.002 -21"><span class='ocrx_word' id='word_1_351' title='bbox 146 3108 207 3152; x_wconf 86' lang='lat' dir='ltr'><strong>men</strong></span> <span class='ocrx_word' id='word_1_352' title='bbox 224 3109 284 3152; x_wconf 92' lang='lat' dir='ltr'><strong>non</strong></span> <span class='ocrx_word' id='word_1_353' title='bbox 305 3091 398 3152; x_wconf 84' lang='lat' dir='ltr'><strong>facile</strong></span> <span class='ocrx_word' id='word_1_354' title='bbox 412 3091 616 3154; x_wconf 86' lang='lat' dir='ltr'><strong>credendum.</strong></span> <span class='ocrx_word' id='word_1_355' title='bbox 633 3095 663 3154; x_wconf 73' lang='lat'><strong>2.</strong></span> <span class='ocrx_word' id='word_1_356' title='bbox 681 3092 713 3154; x_wconf 87' lang='lat' dir='ltr'><strong>Si</strong></span> <span class='ocrx_word' id='word_1_357' title='bbox 728 3091 783 3154; x_wconf 90' lang='lat' dir='ltr'><strong>illa</strong></span> <span class='ocrx_word' id='word_1_358' title='bbox 805 3092 922 3155; x_wconf 86' lang='lat' dir='ltr'><strong>utiliter</strong></span> <span class='ocrx_word' id='word_1_359' title='bbox 975 3111 1048 3154; x_wconf 87' lang='lat' dir='ltr'><strong>meu</strong></span> <span class='ocrx_word' id='word_1_360' title='bbox 1062 3110 1125 3167; x_wconf 91' lang='grc'><strong>000</strong></span> <span class='ocrx_word' id='word_1_361' title='bbox 1139 3092 1350 3173; x_wconf 79' lang='lat' dir='ltr'><strong>praesumitur.</strong></span> 
     </span>
    </p>

    <p class='ocr_par' dir='ltr' id='par_1_7' title="bbox 146 3177 920 3258">
     <span class='ocr_line' id='line_1_30' title="bbox 146 3177 920 3258; baseline -0.004 -18"><span class='ocrx_word' id='word_1_362' title='bbox 146 3197 194 3257; x_wconf 92' lang='lat' dir='ltr'><strong>pro</strong></span> <span class='ocrx_word' id='word_1_363' title='bbox 213 3177 351 3256; x_wconf 88' lang='lat' dir='ltr'><strong>Principe</strong></span> <span class='ocrx_word' id='word_1_364' title='bbox 383 3196 440 3240; x_wconf 91' lang='grc'><strong>500</strong></span> <span class='ocrx_word' id='word_1_365' title='bbox 464 3177 636 3258; x_wconf 88' lang='lat' dir='ltr'><strong>impendat.</strong></span> <span class='ocrx_word' id='word_1_366' title='bbox 662 3182 692 3241; x_wconf 93' lang='grc'><strong>3.</strong></span> <span class='ocrx_word' id='word_1_367' title='bbox 723 3180 755 3242; x_wconf 88' lang='lat' dir='ltr'><strong>Si</strong></span> <span class='ocrx_word' id='word_1_368' title='bbox 784 3177 920 3257; x_wconf 91' lang='lat' dir='ltr'><strong>Principi</strong></span> 
     </span>
    </p>

    <p class='ocr_par' dir='ltr' id='par_1_8' title="bbox 145 3265 919 3345">
     <span class='ocr_line' id='line_1_31' title="bbox 145 3265 919 3345; baseline 0.001 -19"><span class='ocrx_word' id='word_1_369' title='bbox 145 3285 193 3328; x_wconf 88' lang='lat' dir='ltr'><strong>sno</strong></span> <span class='ocrx_word' id='word_1_370' title='bbox 217 3266 408 3328; x_wconf 85' lang='lat' dir='ltr'><strong>tantumdem</strong></span> <span class='ocrx_word' id='word_1_371' title='bbox 431 3271 542 3345; x_wconf 87' lang='lat' dir='ltr'><strong>postea</strong></span> <span class='ocrx_word' id='word_1_372' title='bbox 568 3266 709 3329; x_wconf 87' lang='lat' dir='ltr'><strong>remittat</strong></span> <span class='ocrx_word' id='word_1_373' title='bbox 735 3286 773 3328; x_wconf 80' lang='lat' dir='ltr'><strong>ex</strong></span> <span class='ocrx_word' id='word_1_374' title='bbox 794 3265 919 3342; x_wconf 89' lang='lat' dir='ltr'><strong>debitis,</strong></span> 
     </span>
    </p>

    <p class='ocr_par' dir='ltr' id='par_1_9' title="bbox 145 3352 1549 3458">
     <span class='ocr_line' id='line_1_32' title="bbox 145 3352 1549 3458; baseline -0.001 -44"><span class='ocrx_word' id='word_1_375' title='bbox 145 3355 188 3414; x_wconf 86' lang='lat' dir='ltr'><strong>rel</strong></span> <span class='ocrx_word' id='word_1_376' title='bbox 204 3352 310 3416; x_wconf 91' lang='lat' dir='ltr'><strong>dandis</strong></span> <span class='ocrx_word' id='word_1_377' title='bbox 333 3353 460 3415; x_wconf 89' lang='lat' dir='ltr'><strong>uomina</strong></span> <span class='ocrx_word' id='word_1_378' title='bbox 479 3352 557 3433; x_wconf 81' lang='lat' dir='ltr'><strong>justi</strong></span> <span class='ocrx_word' id='word_1_379' title='bbox 578 3353 749 3434; x_wconf 85' lang='lat' dir='ltr'><strong>stipendii,</strong></span> <span class='ocrx_word' id='word_1_380' title='bbox 779 3357 863 3416; x_wconf 88' lang='lat' dir='ltr'><strong>Less.</strong></span> <span class='ocrx_word' id='word_1_381' title='bbox 889 3353 921 3414; x_wconf 82' lang='grc'><strong>10</strong></span> <span class='ocrx_word' id='word_1_382' title='bbox 1176 3394 1467 3458; x_wconf 62' lang='lat' dir='ltr'>ARTICULUS</span> <span class='ocrx_word' id='word_1_383' title='bbox 1490 3394 1549 3455; x_wconf 69' lang='lat' dir='ltr'><em>m</em></span> 
     </span>
    </p>

    <p class='ocr_par' dir='ltr' id='par_1_10' title="bbox 144 3438 1560 3518">
     <span class='ocr_line' id='line_1_33' title="bbox 144 3438 1560 3518; baseline 0 -16"><span class='ocrx_word' id='word_1_384' title='bbox 144 3441 218 3504; x_wconf 78' lang='grc'><strong>1001.</strong></span> <span class='ocrx_word' id='word_1_385' title='bbox 233 3461 261 3503; x_wconf 89' lang='grc'><strong>0.</strong></span> <span class='ocrx_word' id='word_1_386' title='bbox 276 3439 408 3518; x_wconf 82' lang='lat' dir='ltr'><strong>Bellum,</strong></span> <span class='ocrx_word' id='word_1_387' title='bbox 424 3443 516 3502; x_wconf 80' lang='grc'><strong>0001.</strong></span> <span class='ocrx_word' id='word_1_388' title='bbox 1552 3438 1560 3454; x_wconf 82' lang='grc'><strong>’</strong></span> 
     </span>
    </p>

    <p class='ocr_par' dir='ltr' id='par_1_11' title="bbox 89 3527 1841 5278">
     <span class='ocr_line' id='line_1_34' title="bbox 89 3527 922 3610; baseline -0.001 -18"><span class='ocrx_word' id='word_1_389' title='bbox 89 3543 122 3592; x_wconf 77' lang='lat' dir='ltr'><strong>su</strong></span> <span class='ocrx_word' id='word_1_390' title='bbox 175 3529 192 3609; x_wconf 73' lang='lat'>5</span> <span class='ocrx_word' id='word_1_391' title='bbox 205 3532 249 3592; x_wconf 88' lang='grc'><strong>111.</strong></span> <span class='ocrx_word' id='word_1_392' title='bbox 267 3528 299 3592; x_wconf 89' lang='lat' dir='ltr'><strong>Si</strong></span> <span class='ocrx_word' id='word_1_393' title='bbox 313 3528 462 3608; x_wconf 89' lang='lat' dir='ltr'><strong>Princeps</strong></span> <span class='ocrx_word' id='word_1_394' title='bbox 476 3528 614 3608; x_wconf 85' lang='lat' dir='ltr'><strong>assignet</strong></span> <span class='ocrx_word' id='word_1_395' title='bbox 627 3527 740 3610; x_wconf 88' lang='lat' dir='ltr'><strong>cuique</strong></span> <span class='ocrx_word' id='word_1_396' title='bbox 764 3527 854 3592; x_wconf 91' lang='lat' dir='ltr'><strong>militi</strong></span> <span class='ocrx_word' id='word_1_397' title='bbox 883 3530 922 3591; x_wconf 90' lang='grc'><strong>10</strong></span> 
     </span>
     <span class='ocr_line' id='line_1_35' title="bbox 141 3615 922 3696; baseline -0.001 -18"><span class='ocrx_word' id='word_1_398' title='bbox 141 3635 254 3694; x_wconf 83' lang='lat' dir='ltr'><strong>aureos,</strong></span> <span class='ocrx_word' id='word_1_399' title='bbox 270 3619 301 3680; x_wconf 89' lang='lat' dir='ltr'><strong>et</strong></span> <span class='ocrx_word' id='word_1_400' title='bbox 314 3615 503 3696; x_wconf 87' lang='lat' dir='ltr'><strong>Capitaneus</strong></span> <span class='ocrx_word' id='word_1_401' title='bbox 517 3618 695 3696; x_wconf 87' lang='lat' dir='ltr'><strong>paciscatur</strong></span> <span class='ocrx_word' id='word_1_402' title='bbox 709 3617 748 3678; x_wconf 91' lang='lat' dir='ltr'><strong>de</strong></span> <span class='ocrx_word' id='word_1_403' title='bbox 763 3621 793 3693; x_wconf 83' lang='lat'><strong>9,</strong></span> <span class='ocrx_word' id='word_1_404' title='bbox 810 3635 922 3678; x_wconf 90' lang='lat' dir='ltr'><strong>unum·</strong></span> 
     </span>
     <span class='ocr_line' id='line_1_36' title="bbox 139 3703 1064 3786; baseline -0.001 -20"><span class='ocrx_word' id='word_1_405' title='bbox 139 3706 272 3786; x_wconf 86' lang='lat' dir='ltr'><strong>quesibi</strong></span> <span class='ocrx_word' id='word_1_406' title='bbox 293 3708 445 3780; x_wconf 87' lang='lat' dir='ltr'><strong>reservet,</strong></span> <span class='ocrx_word' id='word_1_407' title='bbox 469 3708 594 3783; x_wconf 89' lang='lat' dir='ltr'><strong>peccat,</strong></span> <span class='ocrx_word' id='word_1_408' title='bbox 621 3703 696 3784; x_wconf 90' lang='lat' dir='ltr'><strong>quia</strong></span> <span class='ocrx_word' id='word_1_409' title='bbox 718 3704 745 3765; x_wconf 93' lang='lat' dir='ltr'><strong>si</strong></span> <span class='ocrx_word' id='word_1_410' title='bbox 772 3705 922 3785; x_wconf 89' lang='lat' dir='ltr'><strong>Princeps</strong></span> <span class='ocrx_word' id='word_1_411' title='bbox 1063 3738 1064 3742; x_wconf 62' lang='lat'><em>=</em></span> 
     </span>
     <span class='ocr_line' id='line_1_37' title="bbox 137 3788 1841 3875; baseline -0.002 -20"><span class='ocrx_word' id='word_1_412' title='bbox 137 3795 249 3856; x_wconf 82' lang='lat' dir='ltr'><strong>taxavit</strong></span> <span class='ocrx_word' id='word_1_413' title='bbox 262 3793 464 3875; x_wconf 89' lang='lat' dir='ltr'><strong>stipendium,</strong></span> <span class='ocrx_word' id='word_1_414' title='bbox 490 3811 604 3854; x_wconf 89' lang='lat' dir='ltr'><strong>aureus</strong></span> <span class='ocrx_word' id='word_1_415' title='bbox 622 3792 674 3852; x_wconf 92' lang='lat' dir='ltr'><strong>ille</strong></span> <span class='ocrx_word' id='word_1_416' title='bbox 698 3795 745 3854; x_wconf 91' lang='lat' dir='ltr'><strong>est</strong></span> <span class='ocrx_word' id='word_1_417' title='bbox 758 3793 875 3870; x_wconf 91' lang='lat' dir='ltr'><strong>militis,</strong></span> <span class='ocrx_word' id='word_1_418' title='bbox 892 3797 923 3855; x_wconf 90' lang='lat' dir='ltr'><strong>et</strong></span> <span class='ocrx_word' id='word_1_419' title='bbox 1022 3795 1139 3872; x_wconf 81' lang='lat' dir='ltr'><strong>«Resp.</strong></span> <span class='ocrx_word' id='word_1_420' title='bbox 1156 3788 1774 3872; x_wconf 67' lang='grc'><strong>1115101000100105100011010510110001</strong></span> <span class='ocrx_word' id='word_1_421' title='bbox 1800 3819 1841 3866; x_wconf 59' lang='grc' dir='ltr'><strong>ως,</strong></span> 
     </span>
     <span class='ocr_line' id='line_1_38' title="bbox 136 3879 1775 3962; baseline -0.002 -18"><span class='ocrx_word' id='word_1_422' title='bbox 136 3882 317 3962; x_wconf 83' lang='lat' dir='ltr'><strong>Capitaneus</strong></span> <span class='ocrx_word' id='word_1_423' title='bbox 340 3885 529 3944; x_wconf 78' lang='grc'><strong>0511001001</strong></span> <span class='ocrx_word' id='word_1_424' title='bbox 564 3881 651 3942; x_wconf 90' lang='lat' dir='ltr'><strong>velut</strong></span> <span class='ocrx_word' id='word_1_425' title='bbox 674 3899 874 3956; x_wconf 81' lang='lat' dir='ltr'><strong>oeconomus3</strong></span> <span class='ocrx_word' id='word_1_426' title='bbox 905 3900 922 3942; x_wconf 91' lang='grc'><strong>0</strong></span> <span class='ocrx_word' id='word_1_427' title='bbox 977 3881 1135 3942; x_wconf 91' lang='lat' dir='ltr'><strong>eaomnia</strong></span> <span class='ocrx_word' id='word_1_428' title='bbox 1150 3881 1273 3957; x_wconf 86' lang='lat' dir='ltr'><strong>lacere,</strong></span> <span class='ocrx_word' id='word_1_429' title='bbox 1291 3897 1361 3960; x_wconf 87' lang='lat' dir='ltr'><strong>quae</strong></span> <span class='ocrx_word' id='word_1_430' title='bbox 1376 3879 1525 3940; x_wconf 85' lang='lat' dir='ltr'><strong>adfinem</strong></span> <span class='ocrx_word' id='word_1_431' title='bbox 1543 3880 1617 3941; x_wconf 91' lang='lat' dir='ltr'><strong>belli</strong></span> <span class='ocrx_word' id='word_1_432' title='bbox 1632 3882 1705 3942; x_wconf 88' lang='lat' dir='ltr'><strong>sunt</strong></span> <span class='ocrx_word' id='word_1_433' title='bbox 1720 3899 1775 3941; x_wconf 95' lang='lat' dir='ltr'><strong>ne-</strong></span> 
     </span>
     <span class='ocr_line' id='line_1_39' title="bbox 134 3966 1774 4049; baseline -0.002 -17"><span class='ocrx_word' id='word_1_434' title='bbox 134 3976 241 4033; x_wconf 88' lang='lat' dir='ltr'><strong>contra</strong></span> <span class='ocrx_word' id='word_1_435' title='bbox 253 3970 278 4032; x_wconf 94' lang='lat' dir='ltr'><strong>si</strong></span> <span class='ocrx_word' id='word_1_436' title='bbox 293 3989 356 4032; x_wconf 93' lang='lat' dir='ltr'><strong>non</strong></span> <span class='ocrx_word' id='word_1_437' title='bbox 370 3969 542 4049; x_wconf 87' lang='lat' dir='ltr'><strong>assignavit</strong></span> <span class='ocrx_word' id='word_1_438' title='bbox 561 3974 595 4029; x_wconf 88' lang='lat' dir='ltr'><strong>ut</strong></span> <span class='ocrx_word' id='word_1_439' title='bbox 608 3969 747 4047; x_wconf 92' lang='lat' dir='ltr'><strong>pretium</strong></span> <span class='ocrx_word' id='word_1_440' title='bbox 762 3968 919 4049; x_wconf 90' lang='lat' dir='ltr'><strong>stipendii,</strong></span> <span class='ocrx_word' id='word_1_441' title='bbox 978 3968 1131 4045; x_wconf 88' lang='lat' dir='ltr'><strong>cessaria,</strong></span> <span class='ocrx_word' id='word_1_442' title='bbox 1152 3987 1182 4029; x_wconf 89' lang='lat' dir='ltr'><strong>v.</strong></span> <span class='ocrx_word' id='word_1_443' title='bbox 1199 3987 1231 4048; x_wconf 86' lang='lat' dir='ltr'><strong>g.</strong></span> <span class='ocrx_word' id='word_1_444' title='bbox 1248 3966 1410 4042; x_wconf 89' lang='lat' dir='ltr'><strong>occidere,</strong></span> <span class='ocrx_word' id='word_1_445' title='bbox 1427 3966 1579 4045; x_wconf 91' lang='lat' dir='ltr'><strong>spoliare,</strong></span> <span class='ocrx_word' id='word_1_446' title='bbox 1602 3971 1662 4028; x_wconf 90' lang='lat' dir='ltr'><strong>etc.</strong></span> <span class='ocrx_word' id='word_1_447' title='bbox 1685 3967 1774 4029; x_wconf 92' lang='grc'><strong>1000-</strong></span> 
     </span>
     <span class='ocr_line' id='line_1_40' title="bbox 132 4053 1770 4138; baseline -0.002 -18"><span class='ocrx_word' id='word_1_448' title='bbox 132 4059 185 4120; x_wconf 85' lang='lat' dir='ltr'><strong>sed</strong></span> <span class='ocrx_word' id='word_1_449' title='bbox 200 4063 322 4122; x_wconf 83' lang='lat' dir='ltr'><strong>tantum</strong></span> <span class='ocrx_word' id='word_1_450' title='bbox 337 4057 381 4135; x_wconf 95' lang='lat' dir='ltr'><strong>id,</strong></span> <span class='ocrx_word' id='word_1_451' title='bbox 398 4057 484 4138; x_wconf 86' lang='lat' dir='ltr'><strong>quod</strong></span> <span class='ocrx_word' id='word_1_452' title='bbox 498 4055 567 4116; x_wconf 89' lang='lat' dir='ltr'><strong>dari</strong></span> <span class='ocrx_word' id='word_1_453' title='bbox 581 4061 695 4136; x_wconf 90' lang='lat' dir='ltr'><strong>potest,</strong></span> <span class='ocrx_word' id='word_1_454' title='bbox 707 4057 732 4118; x_wconf 92' lang='lat' dir='ltr'><strong>si</strong></span> <span class='ocrx_word' id='word_1_455' title='bbox 746 4058 850 4119; x_wconf 91' lang='lat' dir='ltr'><strong>minus</strong></span> <span class='ocrx_word' id='word_1_456' title='bbox 861 4076 924 4118; x_wconf 90' lang='grc'><strong>000</strong></span> <span class='ocrx_word' id='word_1_457' title='bbox 978 4062 1085 4120; x_wconf 88' lang='grc'><strong>000105</strong></span> <span class='ocrx_word' id='word_1_458' title='bbox 1098 4060 1205 4119; x_wconf 89' lang='lat' dir='ltr'><strong>tamen</strong></span> <span class='ocrx_word' id='word_1_459' title='bbox 1216 4055 1289 4136; x_wconf 90' lang='lat' dir='ltr'><strong>(quo</strong></span> <span class='ocrx_word' id='word_1_460' title='bbox 1305 4053 1432 4115; x_wconf 92' lang='lat' dir='ltr'><strong>nomine</strong></span> <span class='ocrx_word' id='word_1_461' title='bbox 1443 4053 1660 4134; x_wconf 87' lang='lat' dir='ltr'><strong>intelliguntur</strong></span> <span class='ocrx_word' id='word_1_462' title='bbox 1669 4055 1770 4135; x_wconf 89' lang='lat' dir='ltr'><strong>pueri,</strong></span> 
     </span>
     <span class='ocr_line' id='line_1_41' title="bbox 131 4141 1774 4226; baseline -0.003 -18"><span class='ocrx_word' id='word_1_463' title='bbox 131 4147 298 4225; x_wconf 86' lang='lat' dir='ltr'><strong>sufficeret,</strong></span> <span class='ocrx_word' id='word_1_464' title='bbox 315 4163 431 4207; x_wconf 89' lang='lat' dir='ltr'><strong>aureus</strong></span> <span class='ocrx_word' id='word_1_465' title='bbox 445 4144 496 4206; x_wconf 90' lang='lat' dir='ltr'><strong>ille</strong></span> <span class='ocrx_word' id='word_1_466' title='bbox 511 4147 617 4205; x_wconf 87' lang='lat' dir='ltr'><strong>manet</strong></span> <span class='ocrx_word' id='word_1_467' title='bbox 632 4143 794 4224; x_wconf 87' lang='lat' dir='ltr'><strong>Principis,</strong></span> <span class='ocrx_word' id='word_1_468' title='bbox 811 4150 843 4206; x_wconf 90' lang='lat' dir='ltr'><strong>et</strong></span> <span class='ocrx_word' id='word_1_469' title='bbox 856 4164 924 4206; x_wconf 91' lang='lat' dir='ltr'><strong>cre·</strong></span> <span class='ocrx_word' id='word_1_470' title='bbox 979 4147 1033 4226; x_wconf 84' lang='lat' dir='ltr'><strong>qui</strong></span> <span class='ocrx_word' id='word_1_471' title='bbox 1056 4162 1145 4206; x_wconf 85' lang='lat' dir='ltr'><strong>arma</strong></span> <span class='ocrx_word' id='word_1_472' title='bbox 1158 4145 1282 4224; x_wconf 87' lang='lat' dir='ltr'><strong>gestare</strong></span> <span class='ocrx_word' id='word_1_473' title='bbox 1307 4159 1370 4202; x_wconf 93' lang='lat' dir='ltr'><strong>non</strong></span> <span class='ocrx_word' id='word_1_474' title='bbox 1389 4144 1532 4220; x_wconf 88' lang='lat' dir='ltr'><strong>possunt,</strong></span> <span class='ocrx_word' id='word_1_475' title='bbox 1547 4141 1707 4220; x_wconf 88' lang='lat' dir='ltr'><strong>mulieres,</strong></span> <span class='ocrx_word' id='word_1_476' title='bbox 1724 4160 1774 4204; x_wconf 90' lang='lat' dir='ltr'><strong>se-</strong></span> 
     </span>
     <span class='ocr_line' id='line_1_42' title="bbox 129 4227 1774 4311; baseline -0.003 -15"><span class='ocrx_word' id='word_1_477' title='bbox 129 4231 226 4296; x_wconf 86' lang='lat' dir='ltr'><strong>dibile</strong></span> <span class='ocrx_word' id='word_1_478' title='bbox 242 4237 288 4296; x_wconf 89' lang='lat' dir='ltr'><strong>est</strong></span> <span class='ocrx_word' id='word_1_479' title='bbox 306 4232 368 4294; x_wconf 92' lang='lat' dir='ltr'><strong>hoc</strong></span> <span class='ocrx_word' id='word_1_480' title='bbox 383 4231 492 4294; x_wconf 90' lang='lat' dir='ltr'><strong>ultimo</strong></span> <span class='ocrx_word' id='word_1_481' title='bbox 511 4231 607 4292; x_wconf 90' lang='lat' dir='ltr'><strong>modo</strong></span> <span class='ocrx_word' id='word_1_482' title='bbox 621 4231 701 4308; x_wconf 87' lang='lat' dir='ltr'><strong>fieri,</strong></span> <span class='ocrx_word' id='word_1_483' title='bbox 722 4233 747 4292; x_wconf 88' lang='lat' dir='ltr'><strong>si</strong></span> <span class='ocrx_word' id='word_1_484' title='bbox 764 4234 926 4296; x_wconf 88' lang='lat' dir='ltr'><strong>solvantur</strong></span> <span class='ocrx_word' id='word_1_485' title='bbox 979 4252 1046 4311; x_wconf 89' lang='lat' dir='ltr'><strong>nes,</strong></span> <span class='ocrx_word' id='word_1_486' title='bbox 1062 4229 1228 4310; x_wconf 84' lang='lat' dir='ltr'><strong>Religiosi,</strong></span> <span class='ocrx_word' id='word_1_487' title='bbox 1244 4227 1366 4304; x_wconf 87' lang='lat' dir='ltr'><strong>Clerici,</strong></span> <span class='ocrx_word' id='word_1_488' title='bbox 1384 4227 1561 4308; x_wconf 90' lang='lat' dir='ltr'><strong>peregrini,</strong></span> <span class='ocrx_word' id='word_1_489' title='bbox 1581 4233 1774 4291; x_wconf 88' lang='lat' dir='ltr'><strong>mercatores</strong></span> 
     </span>
     <span class='ocr_line' id='line_1_43' title="bbox 129 4313 1770 4404; baseline -0.002 -23"><span class='ocrx_word' id='word_1_490' title='bbox 129 4321 293 4384; x_wconf 85' lang='lat' dir='ltr'><strong>ordinaria</strong></span> <span class='ocrx_word' id='word_1_491' title='bbox 306 4319 463 4400; x_wconf 85' lang='lat' dir='ltr'><strong>stipendia</strong></span> <span class='ocrx_word' id='word_1_492' title='bbox 476 4319 643 4398; x_wconf 89' lang='lat' dir='ltr'><strong>meusium,</strong></span> <span class='ocrx_word' id='word_1_493' title='bbox 657 4322 726 4381; x_wconf 88' lang='lat' dir='ltr'><strong>Les.</strong></span> <span class='ocrx_word' id='word_1_494' title='bbox 738 4339 797 4383; x_wconf 81' lang='grc'><strong>005.</strong></span> <span class='ocrx_word' id='word_1_495' title='bbox 809 4325 838 4394; x_wconf 72' lang='grc'><strong>1;</strong></span> <span class='ocrx_word' id='word_1_496' title='bbox 851 4321 925 4404; x_wconf 89' lang='lat' dir='ltr'><strong>quia</strong></span> <span class='ocrx_word' id='word_1_497' title='bbox 979 4325 1011 4382; x_wconf 90' lang='lat' dir='ltr'><strong>et</strong></span> <span class='ocrx_word' id='word_1_498' title='bbox 1023 4317 1154 4397; x_wconf 87' lang='lat' dir='ltr'><strong>rustici),</strong></span> <span class='ocrx_word' id='word_1_499' title='bbox 1170 4315 1287 4378; x_wconf 89' lang='lat' dir='ltr'><strong>directe</strong></span> <span class='ocrx_word' id='word_1_500' title='bbox 1308 4313 1373 4376; x_wconf 90' lang='lat' dir='ltr'><strong>vita</strong></span> <span class='ocrx_word' id='word_1_501' title='bbox 1386 4313 1514 4392; x_wconf 88' lang='lat' dir='ltr'><strong>spoliari</strong></span> <span class='ocrx_word' id='word_1_502' title='bbox 1540 4332 1603 4374; x_wconf 92' lang='grc'><strong>000</strong></span> <span class='ocrx_word' id='word_1_503' title='bbox 1618 4319 1770 4394; x_wconf 88' lang='lat' dir='ltr'><strong>possunt;</strong></span> 
     </span>
     <span class='ocr_line' id='line_1_44' title="bbox 127 4400 1774 4490; baseline -0.007 -17"><span class='ocrx_word' id='word_1_504' title='bbox 127 4413 237 4472; x_wconf 77' lang='grc'><strong>100100</strong></span> <span class='ocrx_word' id='word_1_505' title='bbox 259 4410 419 4490; x_wconf 82' lang='lat' dir='ltr'><strong>Principes</strong></span> <span class='ocrx_word' id='word_1_506' title='bbox 451 4411 568 4470; x_wconf 91' lang='lat' dir='ltr'><strong>norunt</strong></span> <span class='ocrx_word' id='word_1_507' title='bbox 592 4409 696 4470; x_wconf 88' lang='lat' dir='ltr'><strong>varias</strong></span> <span class='ocrx_word' id='word_1_508' title='bbox 720 4409 771 4472; x_wconf 93' lang='lat' dir='ltr'><strong>hic</strong></span> <span class='ocrx_word' id='word_1_509' title='bbox 799 4410 925 4472; x_wconf 81' lang='lat' dir='ltr'><strong>fraudes</strong></span> <span class='ocrx_word' id='word_1_510' title='bbox 978 4407 1069 4470; x_wconf 89' lang='lat' dir='ltr'><strong>bonis</strong></span> <span class='ocrx_word' id='word_1_511' title='bbox 1092 4411 1198 4468; x_wconf 90' lang='lat' dir='ltr'><strong>tamen</strong></span> <span class='ocrx_word' id='word_1_512' title='bbox 1221 4401 1356 4464; x_wconf 85' lang='lat' dir='ltr'><strong>externis</strong></span> <span class='ocrx_word' id='word_1_513' title='bbox 1379 4405 1531 4480; x_wconf 90' lang='lat' dir='ltr'><strong>possunt,</strong></span> <span class='ocrx_word' id='word_1_514' title='bbox 1558 4400 1583 4461; x_wconf 92' lang='lat' dir='ltr'><strong>si</strong></span> <span class='ocrx_word' id='word_1_515' title='bbox 1612 4401 1673 4462; x_wconf 90' lang='grc'><strong>5101</strong></span> <span class='ocrx_word' id='word_1_516' title='bbox 1700 4419 1774 4480; x_wconf 89' lang='lat' dir='ltr'><strong>pars</strong></span> 
     </span>
     <span class='ocr_line' id='line_1_45' title="bbox 127 4489 1774 4576; baseline -0.005 -19"><span class='ocrx_word' id='word_1_517' title='bbox 127 4497 231 4558; x_wconf 87' lang='lat' dir='ltr'><strong>solere</strong></span> <span class='ocrx_word' id='word_1_518' title='bbox 246 4497 447 4573; x_wconf 90' lang='lat' dir='ltr'><strong>intervenire,</strong></span> <span class='ocrx_word' id='word_1_519' title='bbox 473 4496 622 4557; x_wconf 88' lang='lat' dir='ltr'><strong>videntur</strong></span> <span class='ocrx_word' id='word_1_520' title='bbox 636 4495 729 4560; x_wconf 87' lang='lat' dir='ltr'><strong>tacite</strong></span> <span class='ocrx_word' id='word_1_521' title='bbox 743 4497 925 4576; x_wconf 85' lang='lat' dir='ltr'><strong>permittere</strong></span> <span class='ocrx_word' id='word_1_522' title='bbox 981 4495 1069 4575; x_wconf 84' lang='lat' dir='ltr'><strong>Reip.</strong></span> <span class='ocrx_word' id='word_1_523' title='bbox 1085 4491 1218 4570; x_wconf 91' lang='lat' dir='ltr'><strong>hostilis,</strong></span> <span class='ocrx_word' id='word_1_524' title='bbox 1234 4491 1385 4571; x_wconf 89' lang='lat' dir='ltr'><strong>aliterque</strong></span> <span class='ocrx_word' id='word_1_525' title='bbox 1400 4489 1554 4550; x_wconf 88' lang='lat' dir='ltr'><strong>llnisbelli</strong></span> <span class='ocrx_word' id='word_1_526' title='bbox 1566 4489 1701 4551; x_wconf 87' lang='lat' dir='ltr'><strong>obtineri</strong></span> <span class='ocrx_word' id='word_1_527' title='bbox 1711 4507 1774 4550; x_wconf 92' lang='lat' dir='ltr'><strong>non</strong></span> 
     </span>
     <span class='ocr_line' id='line_1_46' title="bbox 127 4578 1771 4666; baseline -0.006 -20"><span class='ocrx_word' id='word_1_528' title='bbox 127 4585 281 4666; x_wconf 83' lang='lat' dir='ltr'><strong>aliquid:</strong></span> <span class='ocrx_word' id='word_1_529' title='bbox 316 4583 400 4645; x_wconf 86' lang='lat' dir='ltr'><strong>unde</strong></span> <span class='ocrx_word' id='word_1_530' title='bbox 427 4583 608 4645; x_wconf 81' lang='lat' dir='ltr'><strong>Alexander</strong></span> <span class='ocrx_word' id='word_1_531' title='bbox 650 4585 828 4647; x_wconf 90' lang='lat' dir='ltr'><strong>Parmensis</strong></span> <span class='ocrx_word' id='word_1_532' title='bbox 869 4585 927 4647; x_wconf 89' lang='lat' dir='ltr'><strong>eli·</strong></span> <span class='ocrx_word' id='word_1_533' title='bbox 979 4583 1088 4663; x_wconf 89' lang='lat' dir='ltr'><strong>possit,</strong></span> <span class='ocrx_word' id='word_1_534' title='bbox 1103 4580 1176 4643; x_wconf 90' lang='lat' dir='ltr'><strong>Mol.</strong></span> <span class='ocrx_word' id='word_1_535' title='bbox 1189 4581 1304 4640; x_wconf 90' lang='lat' dir='ltr'><strong>Becan.</strong></span> <span class='ocrx_word' id='word_1_536' title='bbox 1314 4597 1347 4658; x_wconf 87' lang='lat' dir='ltr'><strong>p.</strong></span> <span class='ocrx_word' id='word_1_537' title='bbox 1363 4582 1393 4652; x_wconf 78' lang='grc'><strong>9,</strong></span> <span class='ocrx_word' id='word_1_538' title='bbox 1410 4596 1435 4639; x_wconf 90' lang='grc'><strong>0.</strong></span> <span class='ocrx_word' id='word_1_539' title='bbox 1450 4578 1587 4654; x_wconf 85' lang='lat' dir='ltr'><strong>l0,llet</strong></span> <span class='ocrx_word' id='word_1_540' title='bbox 1602 4579 1649 4653; x_wconf 74' lang='grc'><strong>11,</strong></span> <span class='ocrx_word' id='word_1_541' title='bbox 1661 4579 1771 4655; x_wconf 84' lang='lat' dir='ltr'><strong>Laym.</strong></span> 
     </span>
     <span class='ocr_line' id='line_1_47' title="bbox 128 4665 1775 4751; baseline -0.005 -18"><span class='ocrx_word' id='word_1_542' title='bbox 128 4673 258 4750; x_wconf 84' lang='lat' dir='ltr'><strong>qnando</strong></span> <span class='ocrx_word' id='word_1_543' title='bbox 271 4671 432 4751; x_wconf 89' lang='lat' dir='ltr'><strong>respondit</strong></span> <span class='ocrx_word' id='word_1_544' title='bbox 445 4671 662 4734; x_wconf 87' lang='lat' dir='ltr'><strong>Castrensihus</strong></span> <span class='ocrx_word' id='word_1_545' title='bbox 679 4673 926 4736; x_wconf 83' lang='lat' dir='ltr'><strong>Societatisiesu</strong></span> <span class='ocrx_word' id='word_1_546' title='bbox 981 4672 1049 4734; x_wconf 82' lang='lat' dir='ltr'><strong>Pill.</strong></span> <span class='ocrx_word' id='word_1_547' title='bbox 1076 4678 1098 4731; x_wconf 85' lang='lat' dir='ltr'><strong>t.</strong></span> <span class='ocrx_word' id='word_1_548' title='bbox 1123 4671 1172 4744; x_wconf 75' lang='grc'><strong>19,</strong></span> <span class='ocrx_word' id='word_1_549' title='bbox 1190 4688 1220 4730; x_wconf 84' lang='grc'><strong>0.</strong></span> <span class='ocrx_word' id='word_1_550' title='bbox 1246 4668 1314 4744; x_wconf 91' lang='grc'><strong>191,</strong></span> <span class='ocrx_word' id='word_1_551' title='bbox 1335 4673 1386 4728; x_wconf 86' lang='grc'><strong>010.</strong></span> <span class='ocrx_word' id='word_1_552' title='bbox 1414 4665 1503 4728; x_wconf 82' lang='grc'><strong>110110</strong></span> <span class='ocrx_word' id='word_1_553' title='bbox 1525 4667 1583 4742; x_wconf 90' lang='grc'><strong>051,</strong></span> <span class='ocrx_word' id='word_1_554' title='bbox 1604 4665 1679 4745; x_wconf 89' lang='lat' dir='ltr'><strong>quia</strong></span> <span class='ocrx_word' id='word_1_555' title='bbox 1702 4682 1775 4726; x_wconf 91' lang='lat' dir='ltr'><strong>oum</strong></span> 
     </span>
     <span class='ocr_line' id='line_1_48' title="bbox 131 4751 1774 4841; baseline -0.005 -21"><span class='ocrx_word' id='word_1_556' title='bbox 131 4777 198 4822; x_wconf 91' lang='lat' dir='ltr'><strong>non</strong></span> <span class='ocrx_word' id='word_1_557' title='bbox 213 4780 278 4822; x_wconf 83' lang='lat' dir='ltr'><strong>esse</strong></span> <span class='ocrx_word' id='word_1_558' title='bbox 292 4759 470 4822; x_wconf 87' lang='lat' dir='ltr'><strong>laciendum</strong></span> <span class='ocrx_word' id='word_1_559' title='bbox 485 4759 668 4839; x_wconf 90' lang='lat' dir='ltr'><strong>scrupulum</strong></span> <span class='ocrx_word' id='word_1_560' title='bbox 687 4761 864 4841; x_wconf 73' lang='lat' dir='ltr'><strong>capitaneis</strong></span> <span class='ocrx_word' id='word_1_561' title='bbox 887 4761 926 4823; x_wconf 92' lang='lat' dir='ltr'><strong>ob</strong></span> <span class='ocrx_word' id='word_1_562' title='bbox 982 4758 1043 4819; x_wconf 91' lang='grc'><strong>5101</strong></span> <span class='ocrx_word' id='word_1_563' title='bbox 1063 4774 1138 4837; x_wconf 87' lang='lat' dir='ltr'><strong>pars</strong></span> <span class='ocrx_word' id='word_1_564' title='bbox 1155 4753 1360 4834; x_wconf 75' lang='lat' dir='ltr'><strong>Reipublicae,</strong></span> <span class='ocrx_word' id='word_1_565' title='bbox 1378 4756 1508 4832; x_wconf 92' lang='lat' dir='ltr'><strong>possunt</strong></span> <span class='ocrx_word' id='word_1_566' title='bbox 1529 4758 1658 4832; x_wconf 88' lang='lat' dir='ltr'><strong>propter</strong></span> <span class='ocrx_word' id='word_1_567' title='bbox 1680 4751 1774 4832; x_wconf 84' lang='lat' dir='ltr'><strong>hujus</strong></span> 
     </span>
     <span class='ocr_line' id='line_1_49' title="bbox 135 4839 1774 4930; baseline -0.004 -22"><span class='ocrx_word' id='word_1_568' title='bbox 135 4847 284 4930; x_wconf 80' lang='lat' dir='ltr'><strong>quinque,</strong></span> <span class='ocrx_word' id='word_1_569' title='bbox 309 4849 359 4909; x_wconf 87' lang='lat' dir='ltr'><strong>vel</strong></span> <span class='ocrx_word' id='word_1_570' title='bbox 381 4867 433 4910; x_wconf 77' lang='lat' dir='ltr'><strong>sex</strong></span> <span class='ocrx_word' id='word_1_571' title='bbox 449 4867 546 4930; x_wconf 75' lang='lat' dir='ltr'><strong>papus</strong></span> <span class='ocrx_word' id='word_1_572' title='bbox 567 4856 705 4917; x_wconf 80' lang='grc'><strong>0000105.</strong></span> <span class='ocrx_word' id='word_1_573' title='bbox 735 4853 771 4911; x_wconf 90' lang='grc'><strong>01</strong></span> <span class='ocrx_word' id='word_1_574' title='bbox 800 4854 924 4912; x_wconf 83' lang='grc'><strong>000001.</strong></span> <span class='ocrx_word' id='word_1_575' title='bbox 982 4846 1096 4909; x_wconf 90' lang='lat' dir='ltr'><strong>delicta</strong></span> <span class='ocrx_word' id='word_1_576' title='bbox 1117 4842 1220 4922; x_wconf 90' lang='lat' dir='ltr'><strong>puniri</strong></span> <span class='ocrx_word' id='word_1_577' title='bbox 1242 4841 1274 4902; x_wconf 92' lang='grc'><strong>10</strong></span> <span class='ocrx_word' id='word_1_578' title='bbox 1293 4841 1330 4902; x_wconf 87' lang='grc'><strong>115</strong></span> <span class='ocrx_word' id='word_1_579' title='bbox 1354 4839 1463 4918; x_wconf 90' lang='lat' dir='ltr'><strong>bonis,</strong></span> <span class='ocrx_word' id='word_1_580' title='bbox 1490 4858 1559 4921; x_wconf 83' lang='lat' dir='ltr'><strong>quoe</strong></span> <span class='ocrx_word' id='word_1_581' title='bbox 1584 4839 1774 4919; x_wconf 68' lang='lat' dir='ltr'><strong>Reipublicae</strong></span> 
     </span>
     <span class='ocr_line' id='line_1_50' title="bbox 137 4927 1538 5012; baseline -0.006 -16"><span class='ocrx_word' id='word_1_582' title='bbox 137 4933 280 4998; x_wconf 83' lang='lat' dir='ltr'><strong>llabess.</strong></span> <span class='ocrx_word' id='word_1_583' title='bbox 295 4955 352 4996; x_wconf 85' lang='lat' dir='ltr'><strong>cns.</strong></span> <span class='ocrx_word' id='word_1_584' title='bbox 374 4937 402 4996; x_wconf 87' lang='grc'><strong>3.</strong></span> <span class='ocrx_word' id='word_1_585' title='bbox 421 4938 464 4996; x_wconf 87' lang='lat' dir='ltr'><strong>De</strong></span> <span class='ocrx_word' id='word_1_586' title='bbox 488 4939 613 5012; x_wconf 71' lang='lat' dir='ltr'><strong>caetero,</strong></span> <span class='ocrx_word' id='word_1_587' title='bbox 630 4935 751 4997; x_wconf 89' lang='lat' dir='ltr'><strong>etiarnsi</strong></span> <span class='ocrx_word' id='word_1_588' title='bbox 772 4937 928 5000; x_wconf 85' lang='lat' dir='ltr'><strong>Officialos</strong></span> <span class='ocrx_word' id='word_1_589' title='bbox 982 4932 1119 4998; x_wconf 92' lang='lat' dir='ltr'><strong>dominio</strong></span> <span class='ocrx_word' id='word_1_590' title='bbox 1135 4930 1277 4993; x_wconf 91' lang='lat' dir='ltr'><strong>subsunt.</strong></span> <span class='ocrx_word' id='word_1_591' title='bbox 1297 4928 1381 4992; x_wconf 82' lang='lat' dir='ltr'><strong>Unde</strong></span> <span class='ocrx_word' id='word_1_592' title='bbox 1394 4927 1538 4990; x_wconf 82' lang='lat' dir='ltr'><strong>resolves:</strong></span> 
     </span>
     <span class='ocr_line' id='line_1_51' title="bbox 143 5015 1774 5104; baseline -0.002 -22"><span class='ocrx_word' id='word_1_593' title='bbox 143 5018 475 5084; x_wconf 81' lang='lat' dir='ltr'><strong>sciantGommissarios</strong></span> <span class='ocrx_word' id='word_1_594' title='bbox 489 5023 546 5084; x_wconf 88' lang='lat' dir='ltr'><strong>sibi</strong></span> <span class='ocrx_word' id='word_1_595' title='bbox 562 5023 676 5104; x_wconf 86' lang='lat' dir='ltr'><strong>injuste</strong></span> <span class='ocrx_word' id='word_1_596' title='bbox 686 5027 868 5086; x_wconf 88' lang='lat' dir='ltr'><strong>retenturos</strong></span> <span class='ocrx_word' id='word_1_597' title='bbox 881 5025 925 5102; x_wconf 92' lang='lat' dir='ltr'><strong>id,</strong></span> <span class='ocrx_word' id='word_1_598' title='bbox 1019 5046 1034 5082; x_wconf 81' lang='grc'><strong>0</strong></span> <span class='ocrx_word' id='word_1_599' title='bbox 1053 5025 1077 5085; x_wconf 96' lang='grc'><strong>1.</strong></span> <span class='ocrx_word' id='word_1_600' title='bbox 1096 5020 1154 5081; x_wconf 80' lang='lat' dir='ltr'><strong>Per</strong></span> <span class='ocrx_word' id='word_1_601' title='bbox 1166 5018 1297 5080; x_wconf 85' lang='lat' dir='ltr'><strong>occidens</strong></span> <span class='ocrx_word' id='word_1_602' title='bbox 1310 5017 1382 5079; x_wconf 91' lang='lat' dir='ltr'><strong>licet</strong></span> <span class='ocrx_word' id='word_1_603' title='bbox 1396 5015 1564 5098; x_wconf 88' lang='lat' dir='ltr'><strong>aliquando</strong></span> <span class='ocrx_word' id='word_1_604' title='bbox 1588 5015 1774 5078; x_wconf 87' lang='lat' dir='ltr'><strong>comburere</strong></span> 
     </span>
     <span class='ocr_line' id='line_1_52' title="bbox 148 5104 1774 5189; baseline -0.001 -21"><span class='ocrx_word' id='word_1_605' title='bbox 148 5105 229 5183; x_wconf 80' lang='lat' dir='ltr'><strong>quod</strong></span> <span class='ocrx_word' id='word_1_606' title='bbox 247 5112 312 5186; x_wconf 91' lang='lat' dir='ltr'><strong>post</strong></span> <span class='ocrx_word' id='word_1_607' title='bbox 333 5109 493 5188; x_wconf 87' lang='lat' dir='ltr'><strong>persoluta</strong></span> <span class='ocrx_word' id='word_1_608' title='bbox 511 5108 668 5188; x_wconf 86' lang='lat' dir='ltr'><strong>stipendia</strong></span> <span class='ocrx_word' id='word_1_609' title='bbox 682 5111 847 5189; x_wconf 87' lang='lat' dir='ltr'><strong>supererit,</strong></span> <span class='ocrx_word' id='word_1_610' title='bbox 865 5131 927 5175; x_wconf 92' lang='lat' dir='ltr'><strong>ncu</strong></span> <span class='ocrx_word' id='word_1_611' title='bbox 982 5111 1077 5173; x_wconf 87' lang='lat' dir='ltr'><strong>etiam</strong></span> <span class='ocrx_word' id='word_1_612' title='bbox 1099 5107 1254 5172; x_wconf 83' lang='grc'><strong>1100105105</strong></span> <span class='ocrx_word' id='word_1_613' title='bbox 1270 5112 1300 5170; x_wconf 88' lang='grc'><strong>01</strong></span> <span class='ocrx_word' id='word_1_614' title='bbox 1318 5107 1425 5169; x_wconf 86' lang='lat' dir='ltr'><strong>hostes</strong></span> <span class='ocrx_word' id='word_1_615' title='bbox 1440 5125 1478 5167; x_wconf 83' lang='lat' dir='ltr'><strong>ex</strong></span> <span class='ocrx_word' id='word_1_616' title='bbox 1491 5107 1530 5168; x_wconf 88' lang='lat' dir='ltr'><strong>iis</strong></span> <span class='ocrx_word' id='word_1_617' title='bbox 1550 5105 1725 5181; x_wconf 83' lang='lat' dir='ltr'><strong>extrahere,</strong></span> <span class='ocrx_word' id='word_1_618' title='bbox 1742 5104 1774 5166; x_wconf 93' lang='lat' dir='ltr'><strong>in</strong></span> 
     </span>
     <span class='ocr_line' id='line_1_53' title="bbox 152 5187 1776 5278; baseline 0.002 -28"><span class='ocrx_word' id='word_1_619' title='bbox 152 5187 337 5258; x_wconf 84' lang='lat' dir='ltr'><strong>ideolieitum</strong></span> <span class='ocrx_word' id='word_1_620' title='bbox 351 5199 399 5257; x_wconf 90' lang='lat' dir='ltr'><strong>cst</strong></span> <span class='ocrx_word' id='word_1_621' title='bbox 411 5194 496 5275; x_wconf 90' lang='lat' dir='ltr'><strong>ipsis,</strong></span> <span class='ocrx_word' id='word_1_622' title='bbox 513 5197 596 5276; x_wconf 90' lang='lat' dir='ltr'><strong>quod</strong></span> <span class='ocrx_word' id='word_1_623' title='bbox 610 5203 763 5278; x_wconf 90' lang='lat' dir='ltr'><strong>superest,</strong></span> <span class='ocrx_word' id='word_1_624' title='bbox 779 5199 925 5278; x_wconf 87' lang='lat' dir='ltr'><strong>retinere,</strong></span> <span class='ocrx_word' id='word_1_625' title='bbox 981 5197 1019 5258; x_wconf 91' lang='lat' dir='ltr'><strong>iis</strong></span> <span class='ocrx_word' id='word_1_626' title='bbox 1033 5196 1167 5276; x_wconf 86' lang='lat' dir='ltr'><strong>spoliare</strong></span> <span class='ocrx_word' id='word_1_627' title='bbox 1182 5202 1214 5258; x_wconf 88' lang='lat' dir='ltr'><strong>et</strong></span> <span class='ocrx_word' id='word_1_628' title='bbox 1228 5194 1382 5272; x_wconf 91' lang='lat' dir='ltr'><strong>occidere,</strong></span> <span class='ocrx_word' id='word_1_629' title='bbox 1399 5193 1425 5254; x_wconf 92' lang='lat' dir='ltr'><strong>si</strong></span> <span class='ocrx_word' id='word_1_630' title='bbox 1439 5213 1470 5256; x_wconf 92' lang='lat' dir='ltr'><strong>v.</strong></span> <span class='ocrx_word' id='word_1_631' title='bbox 1487 5213 1519 5274; x_wconf 90' lang='lat' dir='ltr'><strong>g.</strong></span> <span class='ocrx_word' id='word_1_632' title='bbox 1535 5193 1677 5256; x_wconf 79' lang='lat' dir='ltr'><strong>Ecclesia</strong></span> <span class='ocrx_word' id='word_1_633' title='bbox 1689 5193 1776 5254; x_wconf 90' lang='lat' dir='ltr'><strong>velut</strong></span> 
     </span>
    </p>

    <p class='ocr_par' dir='ltr' id='par_1_12' title="bbox 118 5278 1777 5542">
     <span class='ocr_line' id='line_1_54' title="bbox 159 5278 1777 5367; baseline 0 -27"><span class='ocrx_word' id='word_1_634' title='bbox 159 5278 227 5354; x_wconf 78' lang='lat' dir='ltr'><strong>quta</strong></span> <span class='ocrx_word' id='word_1_635' title='bbox 247 5281 384 5360; x_wconf 88' lang='lat' dir='ltr'><strong>Princeps</strong></span> <span class='ocrx_word' id='word_1_636' title='bbox 405 5286 506 5360; x_wconf 87' lang='lat' dir='ltr'><strong>potest</strong></span> <span class='ocrx_word' id='word_1_637' title='bbox 527 5283 642 5365; x_wconf 91' lang='lat' dir='ltr'><strong>(quoad</strong></span> <span class='ocrx_word' id='word_1_638' title='bbox 670 5285 833 5367; x_wconf 88' lang='lat' dir='ltr'><strong>utrosque)</strong></span> <span class='ocrx_word' id='word_1_639' title='bbox 859 5304 926 5348; x_wconf 90' lang='lat' dir='ltr'><strong>esse</strong></span> <span class='ocrx_word' id='word_1_640' title='bbox 965 5287 1083 5351; x_wconf 82' lang='lat' dir='ltr'><strong>‚castro</strong></span> <span class='ocrx_word' id='word_1_641' title='bbox 1098 5283 1139 5344; x_wconf 90' lang='lat' dir='ltr'><strong>ad</strong></span> <span class='ocrx_word' id='word_1_642' title='bbox 1157 5281 1398 5362; x_wconf 87' lang='lat' dir='ltr'><strong>repugnandum</strong></span> <span class='ocrx_word' id='word_1_643' title='bbox 1413 5284 1560 5354; x_wconf 79' lang='lat' dir='ltr'><strong>utantur3</strong></span> <span class='ocrx_word' id='word_1_644' title='bbox 1574 5279 1640 5359; x_wconf 86' lang='lat' dir='ltr'><strong>Syl.</strong></span> <span class='ocrx_word' id='word_1_645' title='bbox 1658 5297 1685 5341; x_wconf 88' lang='grc'><strong>0.</strong></span> <span class='ocrx_word' id='word_1_646' title='bbox 1702 5278 1777 5342; x_wconf 83' lang='grc'><strong>1101·</strong></span> 
     </span>
     <span class='ocr_line' id='line_1_55' title="bbox 163 5359 1772 5452; baseline 0.004 -29"><span class='ocrx_word' id='word_1_647' title='bbox 163 5359 375 5445; x_wconf 76' lang='grc'><strong>1001105,1051.</strong></span> <span class='ocrx_word' id='word_1_648' title='bbox 392 5387 424 5449; x_wconf 83' lang='lat' dir='ltr'><strong>q.</strong></span> <span class='ocrx_word' id='word_1_649' title='bbox 440 5371 469 5431; x_wconf 85' lang='grc'><strong>9.</strong></span> <span class='ocrx_word' id='word_1_650' title='bbox 982 5371 1056 5449; x_wconf 86' lang='lat' dir='ltr'><strong>lum,</strong></span> <span class='ocrx_word' id='word_1_651' title='bbox 1078 5391 1108 5433; x_wconf 85' lang='grc'><strong>0.</strong></span> <span class='ocrx_word' id='word_1_652' title='bbox 1126 5373 1174 5448; x_wconf 92' lang='grc'><strong>11,</strong></span> <span class='ocrx_word' id='word_1_653' title='bbox 1191 5373 1244 5448; x_wconf 92' lang='lat' dir='ltr'><strong>Sa,</strong></span> <span class='ocrx_word' id='word_1_654' title='bbox 1267 5369 1384 5431; x_wconf 90' lang='lat' dir='ltr'><strong>Bonae.</strong></span> <span class='ocrx_word' id='word_1_655' title='bbox 1405 5368 1440 5430; x_wconf 87' lang='lat' dir='ltr'><strong>de</strong></span> <span class='ocrx_word' id='word_1_656' title='bbox 1464 5365 1614 5441; x_wconf 74' lang='lat' dir='ltr'><strong>coatrae,</strong></span> <span class='ocrx_word' id='word_1_657' title='bbox 1640 5365 1670 5430; x_wconf 86' lang='lat' dir='ltr'><strong>d.</strong></span> <span class='ocrx_word' id='word_1_658' title='bbox 1695 5369 1726 5444; x_wconf 75' lang='lat'><strong>2,</strong></span> <span class='ocrx_word' id='word_1_659' title='bbox 1742 5387 1772 5452; x_wconf 84' lang='lat' dir='ltr'><strong>q.</strong></span> 
     </span>
     <span class='ocr_line' id='line_1_56' title="bbox 118 5449 1446 5542; baseline 0 -23"><span class='ocrx_word' id='word_1_660' title='bbox 118 5469 152 5519; x_wconf 78' lang='grc'><strong>01</strong></span> <span class='ocrx_word' id='word_1_661' title='bbox 202 5449 271 5528; x_wconf 70' lang='lat' dir='ltr'><strong>§lt</strong></span> <span class='ocrx_word' id='word_1_662' title='bbox 284 5455 347 5518; x_wconf 88' lang='lat' dir='ltr'><strong>llon</strong></span> <span class='ocrx_word' id='word_1_663' title='bbox 368 5454 442 5517; x_wconf 91' lang='lat' dir='ltr'><strong>licet</strong></span> <span class='ocrx_word' id='word_1_664' title='bbox 462 5455 576 5519; x_wconf 88' lang='lat' dir='ltr'><strong>ratione</strong></span> <span class='ocrx_word' id='word_1_665' title='bbox 591 5458 737 5540; x_wconf 89' lang='lat' dir='ltr'><strong>stipendii</strong></span> <span class='ocrx_word' id='word_1_666' title='bbox 758 5459 925 5538; x_wconf 88' lang='lat' dir='ltr'><strong>dimidiati,</strong></span> <span class='ocrx_word' id='word_1_667' title='bbox 981 5459 1164 5524; x_wconf 75' lang='grc'><strong>0111005001.</strong></span> <span class='ocrx_word' id='word_1_668' title='bbox 1182 5460 1210 5538; x_wconf 91' lang='grc'><strong>1,</strong></span> <span class='ocrx_word' id='word_1_669' title='bbox 1225 5477 1294 5542; x_wconf 83' lang='lat' dir='ltr'><strong>par.</strong></span> <span class='ocrx_word' id='word_1_670' title='bbox 1311 5457 1368 5518; x_wconf 87' lang='lat' dir='ltr'><strong>ult.</strong></span> <span class='ocrx_word' id='word_1_671' title='bbox 1384 5457 1402 5539; x_wconf 82' lang='lat'><strong>§</strong></span> <span class='ocrx_word' id='word_1_672' title='bbox 1416 5459 1446 5520; x_wconf 86' lang='lat'><strong>3.</strong></span> 
     </span>
    </p>
   </div>
   <div class='ocr_carea' id='block_1_3' title="bbox 1157 3585 1595 3670">
    <p class='ocr_par' dir='ltr' id='par_1_13' title="bbox 1157 3585 1595 3670">
     <span class='ocr_line' id='line_1_57' title="bbox 1157 3585 1595 3670; baseline -0.002 -21"><span class='ocrx_word' id='word_1_673' title='bbox 1157 3586 1284 3664; x_wconf 79' lang='lat' dir='ltr'><strong>Ouidio</strong></span> <span class='ocrx_word' id='word_1_674' title='bbox 1299 3585 1374 3648; x_wconf 85' lang='grc'><strong>10110</strong></span> <span class='ocrx_word' id='word_1_675' title='bbox 1384 3586 1468 3670; x_wconf 83' lang='lat' dir='ltr'><strong>justo</strong></span> <span class='ocrx_word' id='word_1_676' title='bbox 1483 3585 1595 3648; x_wconf 83' lang='lat' dir='ltr'><strong>liceat?</strong></span> 
     </span>
    </p>
   </div>
   <div class='ocr_carea' id='block_1_4' title="bbox 0 0 2020 6340">
    <p class='ocr_par' dir='ltr' id='par_1_14' title="bbox 0 0 2020 6340">
     <span class='ocr_line' id='line_1_58' title="bbox 0 0 2020 6340; baseline 0 0"><span class='ocrx_word' id='word_1_677' title='bbox 0 0 2020 6340; x_wconf 95' lang='lat' dir='ltr'><strong> </strong></span> 
     </span>
    </p>
   </div>
  </div>
 </body>
</html>
