4032 6340
659 453 772 516 11111
792 453 956 516 neurius
976 453 1079 516 raas
1101 457 1112 516 t
1641 439 1676 516 ir

10 587 12 592 .
104 621 147 681 rit.
162 619 212 680 nbi
224 619 285 680 ait:
302 617 465 698 demeare
483 619 526 681 ita
540 613 730 681 communiter
740 637 858 701 rapen-
910 619 1007 696 m'dus,
1018 621 1047 681 iu
1057 621 1174 704 templis
1185 620 1311 703 q'mdem
1325 620 1476 684 societatis
1487 602 1681 702 inrasae-mi

105 715 172 790 tae,
185 721 217 774 at
227 707 460 794 priailepiarum
473 711 734 795 aeorumfimdrias
742 713 859 794 11119111-
911 713 1040 775 comedit
1062 719 1097 776 at
1124 713 1229 776 ibidem
1252 714 1359 776 Missas
1383 714 1499 787 andire,
1524 722 1551 775 ct
1567 713 1679 778 Sacra·

10 815 11 842 1
105 803 187 890 ficeat,
205 811 234 866 et
246 802 380 866 dilatent
391 803 594 887 phylacteria,
611 811 641 866 et
659 810 766 866 eontra
780 806 859 866 Aac·
910 813 1007 867 menta
1021 808 1159 888 recipere,
1177 805 1309 870 liberent
1324 806 1406 868 licite
1428 805 1568 868 ualeant:
1588 825 1679 888 neque

10 955 12 972 ,
106 906 184 958 tarem
201 895 385 958 Paraetaceni
397 895 563 959 obedientis.
578 897 669 959 Ratio
681 902 787 959 autem
801 904 857 968 est,
909 897 949 960 ad
961 897 994 959 id
1006 898 1200 962 Parachiales
1208 899 1358 960 Ecclesiae
1369 898 1504 960 accedere
1515 905 1678 961 teneantur.

10 1049 12 1080 Ι
103 990 165 1070 pria
191 988 235 1072 (ut
254 989 299 1049 ait
322 987 447 1072 Navar.)
477 990 647 1071 Episcopus
669 1007 732 1050 non
761 994 861 1070 potest
910 993 1005 1052 Porro
1031 1010 1068 1052 ne
1091 992 1161 1072 quis
1171 993 1303 1053 meritur
1324 998 1389 1053 tam
1403 991 1507 1072 ampla
1520 992 1680 1072 privilegia

104 1081 212 1159 tollere,
237 1099 298 1144 nec
325 1083 513 1161 restringere
536 1082 588 1162 jus
615 1099 799 1160 commune,
829 1099 861 1145 et
910 1084 1120 1162 Reguleribus
1145 1103 1288 1145 concessa
1309 1103 1328 1144 a
1348 1084 1440 1146 variis
1467 1084 1677 1160 Pontificibus,

103 1175 265 1254 generalem
290 1175 386 1236 totius
408 1175 492 1236 orbis
519 1175 787 1236 consuetudinem.
813 1177 859 1236 Ita
908 1169 1680 1258 placebitinspicereeorumBullas,inquibusrepc-

10 1269 12 1288 '
102 1268 199 1330 docent
217 1273 335 1348 prater
353 1268 439 1330 Aust.
459 1286 553 1348 supra
572 1267 680 1330 citatos
693 1267 725 1329 S.
741 1267 856 1330 Antou.
908 1269 967 1330 niet
985 1269 1102 1330 motiva
1110 1270 1310 1348 gravissima,
1331 1275 1386 1330 aut
1405 1269 1430 1329 si
1450 1287 1508 1329 nec
1530 1269 1679 1349 inspicere

101 1379 126 1442 p.
139 1362 166 1422 1.
178 1359 223 1421 tit.
239 1361 271 1420 9.
286 1379 313 1421 c.
333 1363 380 1421 10.
397 1360 425 1440 ᾗ.
443 1363 472 1420 1.
489 1359 558 1421 dab.
574 1362 603 1420 l.
619 1359 694 1421 Silv.
708 1377 735 1420 v.
755 1359 855 1434 Missa,
908 1361 1003 1436 lubet,
1013 1361 1285 1440 recogitctsaltem,
1297 1363 1394 1422 Deum
1405 1360 1680 1440 ipsumlaaoceatio

103 1453 156 1514 lol.
176 1454 285 1532 Laym.
299 1452 320 1513 ἱ.
336 1455 366 1513 l.
382 1471 407 1514 c.
421 1457 451 1514 7.
473 1471 496 1514 c.
513 1455 603 1513 bete.
615 1451 861 1513 Etrommnaiter
907 1453 973 1516 ΙΙΙ.
991 1453 1076 1536 (dum
1087 1455 1166 1515 vidit
1180 1454 1347 1514 Ecclesiam
1361 1455 1599 1514 Laterancnsem
1611 1454 1678 1533 jam

10 1545 12 1592 t
102 1543 350 1626 emani'dcolopi
370 1553 400 1606 et
420 1543 587 1607 Caaaar'stee
598 1543 754 1605 moderni:
776 1563 856 1606 asse-
904 1545 971 1626 jam
983 1545 1146 1628 ruitruam)
1157 1546 1323 1608 ostendisse
1339 1564 1409 1607 eam
1429 1547 1622 1607 sustentaria
1638 1547 1675 1609 S.

101 1643 219 1717 runtque
244 1639 302 1698 Aa.
318 1645 341 1700 t.
358 1641 389 1700 t.
406 1636 427 1698 t.
439 1639 469 1701 7.
485 1657 511 1698 c.
528 1639 557 1699 8.
575 1656 605 1718 q.
621 1640 652 1699 6.
669 1642 700 1698 et
712 1637 803 1698 Card.
819 1638 858 1698 de
908 1638 1074 1713 Dominico,
1090 1637 1578 1712 11181111111111.0111111111,
1594 1641 1677 1720 quod

101 1729 172 1805 Lago
183 1728 213 1791 d.
232 1731 285 1790 22.
303 1737 371 1791 sect.
388 1733 417 1791 l.
433 1747 490 1809 pro
504 1729 562 1790 bac
576 1728 740 1805 sententia,
756 1729 857 1790 decla·
908 1731 988 1792 sieut
1002 1731 1077 1791 olim
1095 1730 1238 1792 lavarias
1251 1729 1340 1792 Orbis
1355 1730 1470 1810 plagas,
1483 1731 1557 1790 etin
1576 1731 1677 1811 ipsam

101 1823 238 1884 rationem
261 1823 474 1884 cardinalium
488 1821 523 1883 in
536 1821 619 1883 Trid.
632 1840 703 1902 quae
717 1839 858 1902 expresse
909 1824 1127 1898 Gennaniam,
1157 1823 1302 1884 Doctrina
1336 1823 1447 1883 Christi
1468 1821 1616 1882 translata
1632 1829 1678 1885 est
1785 1863 1792 1876 ·

101 1914 194 1976 habet:
207 1916 278 1978 Noa
288 1933 371 1996 posse
379 1913 574 1977 Ordiaarium
582 1913 752 1991 maliciae
761 1917 859 1996 poear‘s
907 1934 1001 1995 opera
1027 1915 1248 1994 Regularium‚
1271 1915 1314 1975 ita
1333 1915 1400 1976 sine
1418 1932 1528 1976 eorum
1541 1915 1677 1977 subsidio

101 2026 186 2089 eopse
202 2007 241 2069 ad
262 2005 439 2069 audiendam
460 2006 591 2079 Missam,
614 2006 661 2068 cet
683 2004 856 2068 Concioaem
908 2015 1086 2070 conservata
1097 2009 1150 2070 diu
1163 2007 1353 2082 nonfuisset,
1377 2007 1427 2068 vel
1450 2007 1558 2068 saltem
1574 2009 1678 2071 minus

10 2089 12 2140 l
101 2101 258 2182 inproprie
280 2099 441 2176 Parocdra,
460 2099 552 2161 etiam
571 2099 604 2159 in
622 2098 856 2180 1111111ρὶ191-
907 2102 1069 2168 floruisset,
1081 2103 1120 2161 Et
1133 2100 1267 2180 denique
1278 2100 1537 2179 neRegularibus
1554 2119 1679 2178 suacen-

10 2183 12 2270 l
101 2195 151 2264 tie,
165 2201 191 2255 et
203 2193 407 2256 manaae.
424 2195 461 2254 Et
474 2193 501 2252 si
514 2193 562 2252 his
573 2191 695 2252 duobus
707 2196 857 2271 tanquam
907 2201 972 2256 seat
985 2195 1158 2274 quiequam,
1173 2193 1256 2272 quod
1271 2193 1432 2272 privilegia
1445 2211 1500 2253 sua
1513 2199 1675 2264 tueantur,

10 2275 11 2280 ἵ
101 2287 298 2366 Regularibus
311 2285 416 2347 minus
434 2285 520 2360 fidat,
540 2283 642 2364 legere
655 2289 755 2364 potest
768 2303 857 2346 eam·
906 2286 1067 2348 sciendum
1079 2291 1136 2362 est,
1149 2285 1232 2365 qarod
1241 2286 1308 2346 sine
1323 2300 1473 2346 censensu
1484 2285 1570 2347 Sedis
1582 2289 1678 2367 Apos-

10 2379 12 2454 ξ
101 2379 161 2440 dem
183 2377 427 2440 declarationem
461 2377 546 2456 apud
574 2376 666 2437 Barb.
705 2376 735 2436 ie
769 2375 854 2438 Trid.
906 2379 1006 2440 tolicae
1020 2378 1060 2438 iis
1073 2378 1264 2454 renuntiare,
1280 2378 1453 2438 succedere
1467 2397 1531 2439 non
1546 2379 1674 2458 possint.

101 2483 157 2533 sen:
172 2473 218 2532 ii.
240 2489 271 2532 c.
288 2472 318 2532 8.
333 2468 369 2531 de
387 2468 499 2532 Sacris.
522 2468 604 2530 Mass.
630 2476 659 2529 ct
672 2486 736 2528 sess.
757 2470 809 2530 tl.
824 2468 858 2530 de
914 2471 945 2533 V.
962 2473 993 2532 et.
1012 2473 1043 2532 2.
1064 2469 1180 2531 Decret.
1196 2471 1244 2530 tit.
1262 2473 1313 2531 13.
1335 2471 1372 2530 de
1386 2471 1501 2531 Arbita.
1519 2489 1543 2531 c.
1561 2472 1591 2530 5.
1611 2473 1677 2533 lmo

104 2563 207 2644 Reform
233 2581 265 2625 a.
288 2564 319 2624 t.
339 2581 422 2622 aum.
449 2564 498 2623 12.
520 2562 599 2622 Item
628 2559 801 2622 Tractatum
824 2559 860 2622 de
907 2564 964 2625 etsi
989 2563 1137 2632 iacerent,
1162 2563 1287 2623 irritum
1308 2561 1392 2637 tora,
1418 2567 1449 2624 et
1471 2568 1672 2642 peccaturos3

103 2655 194 2736 alfiae,
207 2664 237 2718 ct
249 2661 396 2736 potestate
409 2653 552 2730 Parocdi,
565 2653 619 2714 ubi
633 2653 775 2714 eamdem
787 2671 857 2715 sen·
907 2657 981 2735 quia
1007 2656 1155 2735 injuriam
1173 2653 1324 2715 inferrent
1344 2654 1462 2731 Ordini,
1482 2661 1513 2715 et
1536 2655 1677 2717 Ecclesiae

102 2751 213 2810 tentiam
238 2749 277 2809 in
296 2747 433 2809 Barbma
451 2747 518 2827 ipse
541 2745 689 2825 sequitur,
703 2751 734 2806 et
751 2763 808 2825 pro
821 2764 857 2808 aa
906 2749 974 2811 toti.
990 2749 1077 2811 Naar
1090 2746 1131 2809 ad
1149 2752 1325 2828 arpameata
1346 2745 1530 2808 Marciantii
1551 2747 1677 2810 breuiter

103 2860 183 2922 snpra
203 2843 255 2904 ae.
282 2842 347 2901 ab.
370 2839 528 2913 celebres,
550 2838 664 2919 partim
684 2839 857 2918 Theologos
907 2839 1074 2924 respondeo.
1447 2863 1451 2870 ·

102 2934 200 3012 parlim
217 2933 416 3008 canonistas,
431 2949 494 3011 qua
512 2931 693 3010 Regulares,
716 2949 779 3010 qua
792 2949 856 2991 non
949 2937 972 2968 ‘⁶
986 2936 1008 2995 l.
1022 2931 1340 2994 Affertauctoritatem
1350 2931 1552 3010 cujusdamP.
1563 2933 1678 3014 Capua-

102 3025 258 3105 Regulares
270 3024 356 3087 citat.
372 3024 450 3085 Vide
464 3023 602 3103 ejusdem
618 3021 814 3084 demissiones
825 3027 858 3084 in
907 3027 979 3104 cini,
995 3025 1050 3105 qui
1064 3023 1282 3086 Parocdtaaum
1296 3023 1472 3085 obedientem
1493 3026 1624 3104 scripsit.
1640 3028 1678 3088 Et

106 3117 301 3180 Trideatiaum
317 3118 473 3199 impressas
493 3113 858 3178 cotantaaaaoltoont
906 3120 979 3180 buic
1002 3119 1127 3198 quidem
1142 3135 1194 3178 me
1207 3116 1300 3195 paulo
1314 3123 1386 3178 aute
1409 3118 1580 3179 satmultas
1606 3137 1676 3198 gra-

102 3210 363 3290 Zelaramiapraei
377 3207 595 3290 Episcopalip.
609 3209 640 3268 t.
649 3226 678 3268 v.
697 3207 857 3285 Peractis,
906 3230 1020 3292 vesque
1033 3209 1230 3271 auctoritates
1244 3209 1423 3288 opposuisse
1437 3209 1590 3272 existimo.

102 3307 222 3385 aare.
231 3303 340 3376 Missa,
353 3301 408 3380 §a
420 3301 505 3362 Idem
514 3299 740 3362 disertisverbis
749 3299 859 3361 confir·
950 3304 1020 3365 ⁶⁶11.
1033 3304 1095 3379 Ait,
1108 3301 1315 3382 ‹prommdam
1323 3303 1543 3383 Episcoporum
1555 3305 1677 3384 praxim

104 3393 297 3458 natCiemeas
311 3393 402 3456 VIII.
416 3393 668 3455 nenoteanes.
685 3392 859 3454 Decembris
908 3415 973 3458 esse
1000 3395 1206 3471 contrariam,
1232 3411 1362 3474 eamque
1390 3395 1516 3455 lundari
1541 3395 1575 3455 in
1601 3397 1677 3458 Jure

105 3489 297 3567 1111111111,
313 3487 484 3548 circabanc
495 3485 594 3566 ipsam
609 3485 859 3546 Controversiam
908 3489 1047 3568 antiquo,
1061 3493 1092 3549 et
1103 3505 1186 3548 novo
1195 3486 1281 3547 Trid.
1295 3485 1318 3546 1.
1334 3504 1359 3547 c.
1369 3503 1433 3547 sess.
1448 3488 1498 3549 ti.
1511 3493 1540 3546 et
1550 3489 1675 3550 serait.

10 3655 12 3660 ¹
105 3581 184 3643 linaei
196 3581 377 3655 excitatam,
393 3597 455 3658 quo
466 3595 535 3640 eam
544 3577 671 3646 dirimit,
681 3577 731 3637 bis
744 3577 857 3638 verbis:
908 3583 963 3644 ubi
976 3582 1067 3643 dicit:
1085 3579 1192 3642 Teucri
1205 3597 1435 3659 unumquemque
1445 3578 1603 3642 Peractioe
1616 3599 1678 3643 suec

10 3665 12 3702 ³
107 3672 348 3736 maecenates
365 3668 860 3742 111111111111111111111,11”11118111-
908 3669 1390 3736 interesseadandieadnmverbnm
1398 3670 1464 3746 Dei,
1474 3670 1678 3736 etmrdimenta

10 3795 12 3828 t
109 3764 215 3845 laidus,
234 3765 408 3846 Christique
417 3763 569 3826 Fidelibus
583 3763 738 3837 nne'versis,
754 3762 861 3824 Missas
908 3766 1013 3828 Fidei:
1026 3765 1094 3826 baec
1108 3770 1214 3825 autem
1224 3765 1257 3824 in
1267 3763 1505 3844 plerisquelocis
1524 3765 1678 3827 ruralibus

106 3856 190 3920 diebu
216 3857 408 3934 Dominicis,
433 3864 462 3918 et
486 3855 568 3937 sestis
595 3855 666 3917 aliis
698 3854 861 3936 majoribus
909 3861 1059 3922 docentur
1084 3858 1117 3917 in
1132 3857 1247 3932 Missa,
1273 3873 1347 3936 ergo
1371 3857 1526 3918 etiamad
1551 3857 1677 3921 Missam

104 3949 193 4013 andire
219 3953 252 4012 in
273 3949 414 4013 Ecclesiis
434 3956 494 4012 tam
509 3949 652 4010 Fratrum
674 3947 859 4010 Proedi'eato-
909 3957 1037 4033 possunt
1050 3949 1202 4030 compelli.

105 4062 171 4118 mar,
195 4063 285 4126 qnam
313 4042 445 4104 aliorum
471 4039 725 4118 Mendicaatiamj,
747 4059 860 4102 aecana
953 4049 974 4080 ¹‘
990 4046 1085 4124 Resp.
1103 4043 1127 4102 l.
1147 4041 1276 4102 Praxim
1295 4041 1386 4102 istam
1407 4041 1508 4123 (sicuti
1529 4042 1584 4125 est)
1600 4063 1677 4125 pau-
1797 4082 1800 4091 ·

105 4135 181 4198 ettam
196 4134 342 4218 Collepiis
361 4133 513 4197 Societatis
526 4131 642 4202 Just),
652 4134 747 4216 jacta
761 4152 859 4195 eorum
910 4154 1017 4200 corum
1044 4153 1120 4212 esse,
1142 4139 1173 4195 et
1194 4134 1381 4194 contrariam
1408 4135 1497 4215 praxi
1519 4138 1678 4200 communi

103 4227 263 4311 privilepia,
278 4225 691 4309 ctaattpuascoasaetadiaes,
706 4225 861 4288 dammodo
910 4231 1148 4311 Episcoporum,
1175 4226 1209 4286 in
1234 4226 1381 4287 omnihus
1407 4228 1535 4308 chnis,
1561 4233 1681 4292 etPro-

107 4318 182 4382 idia
210 4325 380 4402 coatauptu
408 4318 632 4381 Paroedialinm
657 4317 860 4380 Ecclesiae-nm
909 4323 1029 4391 vinciis,
1042 4322 1211 4400 etinsuper
1225 4319 1369 4380 Praesulis
1384 4321 1509 4382 summi.

106 4431 153 4472 aaa
165 4413 290 4493 tacr'aat,
305 4421 333 4474 et
345 4419 406 4473 tam
420 4410 507 4472 dictis
524 4409 674 4487 Patribus,
692 4409 863 4491 predicato
952 4419 973 4450 ⁴‘
988 4417 1028 4475 ΙΙ.
1043 4413 1171 4475 Praxim
1178 4413 1332 4474 istamnec
1344 4411 1511 4474 fundariin
1520 4414 1593 4493 jure
1602 4417 1680 4477 anti-

106 4503 175 4566 11111
198 4525 232 4568 ac
254 4504 455 4587 Presbyteris,
474 4502 563 4566 dicte
587 4503 750 4579 Societatis,
773 4523 861 4584 quom
910 4527 992 4588 quo,
1020 4525 1093 4568 cum
1116 4505 1162 4566 illi
1184 4503 1221 4587 (si
1245 4505 1327 4584 quod
1352 4503 1420 4586 ruit)
1446 4524 1501 4586 per
1518 4507 1680 4586 privilegia

106 4595 388 4679 atiirprioilepiatir,
410 4595 516 4678 quidm
530 4594 563 4656 id
575 4594 682 4657 aSede
693 4596 862 4677 Apostolus
911 4601 951 4662 sit
971 4600 1165 4679 derogatum,
1189 4603 1220 4658 et
1242 4597 1438 4677 abrogaverit
1465 4601 1677 4677 consuetudo;

107 4685 249 4751 inunitam
274 4695 330 4766 est,
350 4687 469 4750 idoneis
498 4696 605 4764 tamea,
626 4695 654 4748 et
666 4687 704 4750 ab
720 4688 888 4778 mairam,
911 4711 969 4755 nec
981 4693 1015 4754 in
1028 4710 1121 4768 novo,
1135 4697 1205 4752 tum
1214 4690 1288 4770 quia
1299 4690 1384 4751 Trid.
1398 4689 1418 4752 Ι.
1430 4709 1457 4752 c.
1472 4691 1629 4771 loquendo
1642 4695 1680 4756 de

106 4781 273 4862 approbatis,
281 4789 404 4863 poecata
416 4800 483 4857 rua,
498 4781 589 4843 etiam
597 4779 860 4863 Quadrupesimeli,
911 4785 1123 4862 concionibus,
1139 4790 1170 4845 et
1190 4783 1359 4858 catechesi,
1372 4783 1492 4844 nullam
1505 4783 1579 4846 facit
1589 4804 1678 4848 men-

106 4879 130 4932 et
144 4873 287 4952 Poscdali,
316 4881 344 4936 et
366 4871 467 4955 quovis
495 4870 557 4934 alio
580 4881 706 4954 ternpore
726 4874 863 4952 confiteri
909 4880 1028 4940 tionem
1042 4877 1200 4954 Missae,et
1213 4875 1431 4955 inpoenalibus
1444 4894 1509 4937 non
1522 4877 1605 4940 valet
1617 4879 1680 4941 illa-

108 4961 181 5028 licite
187 4985 273 5047 posse,
284 4975 337 5028 etc.
349 4966 437 5041 Quod
446 4966 473 5026 si
481 4983 555 5027 raro
563 4965 817 5045 diatapririlegia,
832 4972 863 5027 et
910 4972 964 5032 tio.
981 4973 1061 5031 Tum
1084 4969 1157 5048 quia
1182 4967 1389 5030 Tridenticum
1415 4987 1556 5049 expresse
1580 4972 1678 5051 addit,

107 5055 271 5120 dissimilia
283 5059 397 5121 clarius
411 5075 594 5138 cognoscere
612 5057 708 5136 lubet,
723 5059 862 5138 inspicia-
912 5061 1006 5146 (quod
1029 5059 1233 5123 Marcdaatius
1259 5061 1293 5122 in
1315 5079 1372 5122 sua
1391 5063 1536 5122 citatione
1551 5064 1676 5134 omittit,
1703 5091 1711 5100 ·

107 5151 160 5224 tur,
172 5149 281 5230 (utalia
293 5150 423 5232 taceam)
440 5151 668 5231 Compendium
682 5150 861 5230 Privilegio-
910 5175 982 5222 cum
995 5161 1100 5216 tamen
1110 5154 1148 5214 ad
1165 5171 1232 5214 rem
1245 5153 1372 5233 plurimi
1386 5153 1486 5235 iaciat)
1501 5155 1528 5214 si
1534 5156 1679 5217 commode

109 5257 171 5302 ram
186 5243 344 5306 Societatis
360 5244 468 5316 JESU‚
494 5242 550 5304 ubi
572 5251 686 5324 praeter
702 5243 808 5304 [111111
817 5243 860 5319 Χ,
910 5247 1093 5329 fieripotest.
1110 5248 1191 5306 Tum
1205 5245 1279 5325 quia
1291 5265 1348 5307 nec
1362 5247 1449 5308 illam
1462 5247 1588 5326 quidem
1604 5249 1680 5309 obli-

109 5330 862 5399 tlnrasuntverbaPanliIII.iaEatraodataanno
910 5341 1078 5420 gationem,
1102 5339 1205 5419 ‹proad
1230 5339 1401 5414 conciones,
1425 5357 1490 5400 esse
1509 5345 1675 5420 receptam,

111 5425 188 5487 ttae.
200 5427 343 5488 Kalendis
356 5428 549 5500 Novembris,
566 5447 636 5508 qua
648 5427 769 5508 incipit:
783 5429 863 5492 Licet
911 5433 1046 5495 ostendit
1064 5431 1247 5493 universalis
1266 5432 1408 5506 Ecclesia
1423 5433 1625 5511 consuetudo,
1641 5452 1678 5496 ao

111 5512 240 5596 deditum,
252 5537 314 5598 qua
327 5518 460 5580 manitus
466 5517 751 5596 christinianitas,
763 5523 862 5604 cnjus·
912 5525 996 5606 quod
1009 5524 1087 5586 forte
1101 5523 1287 5604 regulariter
1303 5521 1446 5585 commode
1451 5523 1520 5600 fieri
1533 5543 1591 5586 aaa
1596 5535 1679 5607 pote-

113 5625 222 5688 rrmpne
235 5609 417 5688 conditionis,
440 5613 494 5693 qai
508 5611 587 5675 verbi
605 5611 663 5673 Dei
672 5610 864 5692 praedicatio
912 5626 971 5696 rat,
994 5625 1030 5678 ut
1052 5622 1138 5678 notat
1159 5617 1249 5682 cord.
1275 5618 1351 5696 Lug,
1368 5615 1390 5678 1.
1413 5633 1438 5678 c.
1461 5618 1567 5696 Neque
1589 5619 1677 5680 Cate-
