4166 6346
281 473 342 540 160
933 480 1049 546 mona
1070 477 1268 550 QUARTUS.

282 660 305 727 1.
324 669 355 743 3,
373 672 395 728 t.
415 667 465 743 16,
491 682 573 726 nom.
590 665 640 740 55,
662 664 785 726 tautum
804 663 936 744 intelligi
958 666 997 726 do
1021 683 1072 725 re·
1126 661 1181 724 troc
1194 663 1341 724 occasione
1358 659 1504 723 discedere
1517 669 1650 742 nequeat,
1666 659 1747 743 qnod
1767 669 1860 722 totam
1880 663 1925 724 vel

281 751 474 816 nuntiatione
497 751 579 814 inter
600 749 760 814 61666116
779 752 989 832 resignatione
1012 753 1072 812 Be·
1125 753 1267 834 mojorem
1291 759 1408 833 portem
1434 749 1605 810 substantioe
1626 767 1687 811 666
1712 749 1920 812 Monosteriom

282 842 382 906 ncilcii
397 839 604 906 Ecclesiastioi
618 839 689 901 vide
705 839 838 902 dicenda
851 861 882 902 n.
899 843 968 902 993.
1125 841 1281 922 possideat,
1298 859 1349 900 occ
1362 839 1462 920 focile,
1479 839 1506 898 si
1513 837 1682 905 discesserit,
1695 835 1730 898 id
1747 855 1921 918 comper-ore

228 947 256 993 aa
320 931 339 1010 6
359 933 389 992 2.
412 928 610 990 Renuntiatio
632 945 701 1009 quae
720 928 755 988 fit
775 947 832 1006 per
851 931 1073 990 testamentum
1122 928 1226 1010 possit.
1240 927 1271 990 Si
1286 933 1392 989 autem
1407 945 1457 988 res
1471 926 1578 1005 magni
1588 925 1739 987 momenti
1754 926 1837 988 datoe
1847 925 1919 1002 sint,

282 1022 336 1084 aut
350 1035 444 1080 causa
457 1016 566 1078 mortis
586 1015 636 1076 vel
651 1015 876 1095 professionis„
899 1015 1074 1076 secundum
1124 1015 1215 1097 jubet
1237 1016 1347 1092 reddi,
1374 1015 1468 1076 etiam
1489 1031 1562 1075 cum
1582 1013 1753 1090 fructibus,
1778 1017 1815 1076 ut
1839 1015 1924 1076 notat

283 1105 410 1181 Sanob,
428 1105 461 1165 in
484 1103 565 1181 Boc,
584 1100 606 1164 l.
623 1107 653 1180 1,
669 1122 694 1164 6.
720 1107 750 1176 5;
766 1104 874 1180 Barb,
905 1103 940 1164 de
963 1102 1071 1164 Potest.
1129 1103 1244 1165 Sanch.
1269 1106 1371 1183 Atque
1394 1102 1462 1162 brec
1486 1101 1581 1162 otiam
1595 1101 1726 1180 intelligi
1742 1101 1863 1163 debent
1884 1101 1922 1162 de

284 1191 398 1276 Episc„
414 1191 502 1274 olleo.
517 1193 567 1269 99,
583 1210 663 1252 nom.
677 1193 714 1251 33
725 1210 732 1264 ;
745 1191 898 1270 Sylvium,
922 1189 954 1252 V.
978 1189 1074 1252 Socie-
1128 1189 1196 1252 aliis
1219 1189 1461 1270 obligationibus
1474 1188 1649 1263 bonorum
1668 1188 1803 1266 Sonab,
1820 1209 1851 1250 n.
1871 1190 1920 1250 20.

284 1289 328 1344 tos
348 1280 469 1358 JESU,
489 1299 546 1342 cos.
567 1284 597 1352 9;
613 1279 772 1358 Mangion.
799 1283 830 1342 61
852 1279 929 1341 61166
951 1297 1075 1357 semper
1128 1281 1166 1342 V.
1182 1281 1277 1354 Lott.,
1296 1279 1318 1340 l.
1335 1282 1365 1355 3,
1381 1297 1411 1359 q.
1428 1280 1477 1354 16,
1493 1296 1524 1337 ιι.
1542 1278 1593 1338 13.

282 1369 423 1432 revocari
445 1371 558 1448 potest,
585 1371 776 1448 censentqua
799 1367 831 1427 in
847 1367 942 1428 dubio
957 1385 1074 1447 praesu·
1167 1368 1228 1446 66.
1246 1369 1278 1430 Si
1296 1367 1436 1430 Novitius
1460 1363 1623 1429 Societatis
1641 1365 1812 1445 iusuper
1829 1368 1923 1427 16616-
1945 1365 1984 1411 ¹⁰⁸
2074 1395 2075 1428 f

282 1457 432 1521 mendum
446 1474 513 1518 esse
528 1455 613 1537 quod
622 1455 705 1517 iacta
715 1455 755 1516 sit
765 1471 859 1516 causo
873 1452 1074 1534 professionis
1127 1460 1269 1517 mentum
1284 1454 1430 1534 disponat
1443 1454 1482 1515 da
1497 1453 1591 1515 rebus
1605 1453 1670 1514 suis
1684 1453 1752 1514 sine
1771 1453 1922 1515 facultate

282 1550 450 1617 secuturae;
467 1545 622 1624 Castrop,
640 1551 662 1605 t.
682 1541 777 1619 16,(1.
802 1545 831 1619 1,
846 1561 879 1622 p.
901 1545 949 1620 11,
974 1561 1005 1603 n.
1023 1545 1071 1618 la,
1129 1543 1315 1623 Superioris,
1331 1543 1438 1606 Molin.
1460 1541 1537 1604 dicit
1549 1560 1698 1621 peccare;
1715 1542 1772 1603 sed
1787 1540 1916 1617 Sanco,

281 1627 372 1713 putat
390 1635 510 1693 certum
529 1649 597 1692 osse
620 1630 705 1711 quod
730 1628 917 1690 renuntiatio
946 1628 1028 1691 iacta
1055 1648 1075 1690 a
1128 1649 1154 1694 c.
1171 1635 1200 1708 3,
1217 1652 1247 1693 a.
1270 1635 1300 1708 5,
1318 1635 1425 1711 negat,
1442 1630 1517 1711 quia
1536 1634 1583 1692 est
1603 1629 1650 1691 sui
1668 1629 1750 1710 juris
1770 1633 1804 1692 61
1822 1625 1926 1707 potest

283 1719 404 1783 Novitio
429 1719 602 1782 secundum
619 1719 789 1780 formama
807 1715 892 1776 Trid.
911 1716 1075 1795 praescrip·
1129 1737 1254 1797 semper
1267 1736 1427 1792 revocare;
1439 1716 1627 1779 renuntiatio
1638 1716 1920 1792 tamenbonorurn,

283 1815 349 1872 tam
361 1803 500 1868 revocari
517 1825 579 1867 non
593 1804 702 1885 possit,
719 1804 858 1884 alioquin
871 1803 912 1864 ad
927 1821 997 1864 eam
1012 1820 1074 1864 nou
1130 1806 1247 1890 quaein
1262 1804 1417 1867 societate
1430 1805 1466 1866 iit
1479 1808 1550 1883 post
1562 1807 1647 1879 vota,
1667 1803 1718 1864 vel
1741 1803 1839 1865 etiam
1853 1805 1924 1864 anta

283 1894 516 1975 requirerentur
530 1897 595 1955 tam
609 1909 722 1972 graves
737 1891 989 1968 circumstantia,
1003 1907 1076 1952 oum
1128 1901 1203 1959 voto
1214 1897 1283 1974 post
1298 1911 1416 1955 annum
1425 1892 1563 1972 primum
1577 1891 1756 1968 novitiatus,
1773 1895 1821 1953 ost
1834 1890 1925 1952 oboo.

284 1981 424 2046 Novitius
448 1981 586 2061 quolibet
604 1986 746 2061 tempora
768 1979 935 2042 novitiatus
955 1983 986 2041 61
1004 1979 1076 2040 abs-
1128 1984 1196 2046 luta
1209 1989 1240 2044 et
1253 1980 1476 2058 irrevocabilis,
1492 1981 1667 2042 secundum
1681 1979 1766 2043 dicta
1778 1999 1809 2040 a.
1827 1982 1877 2042 66.

286 2088 346 2150 que
356 2069 482 2131 licentia
495 2069 639 2149 Episcopi
652 2069 751 2149 possit
759 2069 862 2130 facere
874 2066 1076 2129 renuntiatio-
1169 2072 1227 2150 61.
1246 2069 1456 2132 Scholastious
1478 2068 1642 2131 Societatis
1656 2069 1764 2146 JESU,
1781 2065 1924 2148 quamvis
1950 2081 1987 2128 roa

284 2176 357 2222 nem
371 2157 597 2231 revocabilem
614 2157 681 2218 1666
695 2161 801 2219 tamen
813 2156 894 2218 ratio
912 2173 974 2217 non
988 2155 1076 2216 vide·
1130 2159 1250 2236 illicite,
1275 2158 1379 2219 valide
1401 2162 1507 2220 lamen
1530 2161 1664 2220 testatur
1683 2157 1836 2218 derebus
1860 2155 1926 2218 suis

284 2251 337 2310 tur
348 2245 535 2309 sententiam
549 2243 634 2304 illam
649 2244 783 2307 reddere
800 2247 930 2319 cartam,
947 2261 1021 2304 nam
1035 2241 1076 2303 ad
1131 2248 1197 2310 sine
1213 2247 1339 2309 licentia
1354 2245 1573 2325 superiorum
1590 2245 1696 2321 Suam,
1710 2245 1841 2321 Sanch.‚
1853 2245 1926 2306 Gas-

285 2333 417 2417 quodvis
438 2335 660 2395 testamentum
678 2331 881 2412 requiruntur
895 2348 1009 2410 graves
1028 2347 1077 2391 so·
1130 2339 1226 2415 trop„
1251 2332 1281 2395 d.
1298 2335 1328 2412 3,
1341 2351 1376 2414 p.
1398 2337 1427 2410 1,
1444 2351 1474 2394 ιι.
1497 2338 1536 2406 '13
1561 2334 1660 2412 Lego,
1675 2333 1706 2392 io
1726 2331 1814 2414 Hesp.
1832 2331 1925 2408 Mor,

284 2423 476 2495 lemnitates;
493 2420 578 2497 item,
596 2420 630 2480 ut
649 2418 820 2498 Episcopus
839 2418 947 2480 testari
966 2415 1075 2497 possit,
1132 2433 1153 2487 i.
1174 2427 1204 2500 1,
1221 2421 1252 2483 d.
1268 2425 1307 2495 6;
1324 2419 1443 2497 Pellio,
1460 2426 1483 2481 t.
1500 2423 1530 2496 1,
1547 2439 1573 2481 a.
1591 2423 1621 2497 2,
1639 2439 1658 2482 a
1678 2439 1709 2481 n.
1728 2423 1797 2497 131,
1818 2423 1928 2482 contra

285 2511 487 2592 requiruntur
500 2512 614 2587 prater
626 2506 786 2569 licentiam
795 2509 888 2586 Papae
899 2506 994 2568 etiarn
1009 2504 1078 2568 alia
1132 2513 1206 2576 Mol.
1232 2514 1264 2572 et
1286 2511 1371 2571 Less.
1394 2508 1469 2570 ‘lale
1485 2511 1592 2570 autem
1605 2513 1828 2571 testamentum
1848 2512 1896 2571 ast
1907 2526 1929 2568 a

285 2598 514 2674 solemnitates,
536 2600 568 2656 et
589 2600 694 2657 tamen
717 2593 870 2675 ejusmodi
891 2597 1080 2657 testamenta
1135 2598 1301 2679 superiore
1316 2596 1466 2659 irritabile
1477 2596 1617 2677 quandiu
1627 2596 1858 2674 testatorvivit,
1870 2595 1927 2658 sad

285 2682 635 2755 manentrevocobilia3
657 2682 729 2744 ideo
744 2682 828 2743 enim
846 2687 919 2745 sunt
935 2683 1015 2744 tales
1029 2699 1080 2743 so-
1134 2707 1197 2750 666
1221 2704 1256 2749 66
1278 2690 1417 2762 mortuo,
1445 2685 1520 2766 quia
1541 2687 1686 2747 voluntas
1705 2685 1843 2747 deiuncti
1864 2703 1927 2746 non

285 2776 474 2851 lemnitates,
499 2778 535 2835 ut
557 2775 665 2834 secuta
677 2771 869 2850 professione
892 2771 942 2831 vel
965 2773 1077 2846 morta,
1134 2775 1268 2854 amplius
1296 2773 1518 2837 subordinatur
1546 2771 1924 2852 vobrntati·Superioris‚

286 2863 385 2950 possit
408 2864 519 2940 hares,
540 2860 709 2941 legatarius
732 2859 783 2922 vel
806 2859 987 2922 donatarius
1007 2858 1080 2938 jura
1135 2881 1207 2925 cum
1222 2879 1284 2923 non
1298 2861 1339 2923 sit
1351 2860 1485 2940 amplius
1502 2859 1657 2934 subditus3
1669 2862 1769 2940 Lupo,
1785 2858 1925 2936 dedant,

277 2947 382 3038 [agere
396 2970 454 3032 per
467 2949 749 3029 interpollationem
764 2948 895 3025 iudicis,
908 2947 992 3028 quod
1002 2947 1082 3010 alias
1123 2951 1164 3015 'd
1182 2955 1212 3029 3,
1227 2970 1258 3012 6.
1272 2953 1322 3013 81.
1339 2951 1378 3012 nt
1391 2948 1581 3011 renuntiatio
1600 2949 1631 3008 in
1646 2949 1788 3011 favorem
1797 2947 1927 3028 Gollegii

288 3061 351 3108 non
364 3044 486 3122 posset;
503 3038 704 3101 nibilominus
715 3040 824 3100 tenent
838 3053 909 3098 oum
920 3033 1079 3098 communi
1134 3041 1222 3099 extra
1236 3037 1443 3114 Provinciam,
1460 3043 1515 3098 aut
1529 3037 1688 3098 constituti
1708 3037 1767 3098 sub
1789 3036 1928 3099 dominio

289 3131 418 3207 Sanoh.,
434 3149 463 3191 η.
476 3133 532 3202 5“1;
548 3127 657 3205 Barb,
671 3125 770 3204 Pirh.,
783 3134 823 3187 tr.
836 3127 886 3202 31,
902 3143 933 3186 6.
945 3127 994 3202 99,
1011 3139 1079 3185 6666
1135 3125 1262 3187 alterius
1277 3125 1440 3204 Principis,
1452 3143 1509 3204 par
1520 3144 1555 3185 se
1567 3124 1738 3206 loquendo,
1755 3143 1819 3186 uon
1834 3125 1928 3186 debo-

289 3216 539 3284 irrovocabilem.
1135 3217 1183 3275 ret
1196 3212 1318 3275 admitti
1341 3213 1538 3291 aGenerali,
1561 3213 1586 3274 si
1608 3231 1665 3292 per
1685 3213 1745 3275 hoc
1765 3213 1929 3275 timeretur

233 3321 262 3367 oo
326 3309 388 3388 63.
406 3305 438 3369 Si
454 3302 594 3366 Novitius
608 3300 760 3363 moriatur
782 3302 952 3380 antequam
966 3298 1006 3360 sit
1028 3315 1081 3360 va·
1136 3303 1268 3375 offensa3
1293 3301 1326 3361 in
1341 3301 1481 3363 favorem
1499 3305 1606 3363 autam
1625 3300 1684 3363 loci
1709 3301 1741 3361 16
1764 3299 1929 3363 Provincia

287 3396 350 3461 lide
360 3394 529 3475 professus,
541 3388 734 3471 probabilius
745 3391 801 3466 est,
814 3387 987 3449 secundum
998 3387 1082 3449 dicta
1135 3388 1257 3452 admitti
1281 3407 1345 3450 non
1363 3393 1466 3469 potest
1485 3389 1582 3450 61616
1605 3388 1763 3464 Generali,
1786 3387 1864 3466 uisi,
1884 3386 1927 3450 uti

287 3505 318 3548 a.
334 3487 384 3561 55,
400 3478 664 3543 renuntiationem
674 3478 789 3539 iactam
804 3475 897 3538 etiam
907 3476 1081 3536 secundum
1136 3495 1218 3540 nunc
1230 3477 1325 3539 habet
1338 3495 1423 3554 usus,
1437 3493 1499 3538 non
1511 3476 1552 3539 sit
1560 3493 1656 3555 supra
1665 3478 1724 3539 100
1733 3475 1926 3555 imperiales,

288 3574 423 3636 iormam
442 3568 529 3631 Trid.
551 3585 618 3628 esse
642 3564 823 3642 invalidam,
840 3564 915 3644 quia
935 3580 1080 3642 expresso
1135 3567 1176 3629 ad
1191 3585 1269 3647 quos
1283 3565 1441 3628 licentiam
1451 3566 1527 3626 dare
1537 3569 1640 3644 potest
1647 3563 1864 3641 Provincialis,
1877 3581 1929 3643 po·

288 3660 416 3726 additur
424 3651 436 3720 ¹:
452 3658 495 3718 Ac
509 3675 567 3716 noa
584 3654 661 3716 otios
674 3652 861 3734 intellipotor
874 3651 1004 3732 effectam
1018 3670 1082 3711 sor·
1135 3659 1258 3735 testque
1269 3653 1428 3715 Generalis
1437 3657 1602 3732 acceptare
1611 3653 1675 3714 tale
1686 3653 1826 3732 legatum
1836 3652 1930 3714 etiam

289 3749 346 3812 tiri
367 3746 428 3808 nisi
446 3753 543 3806 666616
563 3741 742 3823 professione
749 3762 761 3810 ,·
775 3739 953 3821 oppositum
975 3743 1081 3801 tamen
1135 3746 1259 3804 mortuo
1270 3741 1455 3803 scholastico
1465 3743 1625 3817 testatore,
1638 3740 1713 3821 quia
1723 3739 1869 3820 quamvis
1879 3739 1930 3801 do·

289 3838 396 3901 tenent
410 3836 501 3896 Suar.
518 3835 549 3894 et
562 3830 662 3906 Pirh.,
677 3849 709 3892 a.
725 3832 774 3906 91,
792 3827 867 3908 quia
879 3827 1004 3889 videtur
1013 3831 1081 3890 tum
1138 3831 1222 3893 natio
1237 3830 1411 3892 secuudum
1424 3829 1545 3909 aliquos
1559 3829 1605 3891 611
1612 3827 1760 3906 invalida,
1778 3829 1930 3891 donatore

290 3940 412 3988 cessare
436 3939 531 3983 causa
553 3916 774 3998 dispositionis,
796 3934 866 3996 qua
891 3919 937 3978 661
959 3920 995 3978 61
1017 3933 1080 3977 666
1137 3923 1261 3982 mortuo
1275 3923 1348 3981 ante
1362 3917 1610 3997 acceptationem
1625 3917 1728 3998 (eujus
1745 3921 1853 3979 tamen
1875 3933 1930 3995 op-

290 4013 450 4075 61666166
467 4007 594 4069 libertas
607 4023 665 4085 pro
684 4022 825 4084 egressu.
1135 4009 1271 4090 positum
1286 4024 1358 4068 oum
1374 4005 1443 4068 aliis
1466 4006 1560 4067 docet
1579 4007 1679 4084 Lugo,
1696 4003 1726 4066 d.
1751 4007 1801 4082 13,
1819 4001 1927 4082 n.*15)‚

223 4115 264 4164 roo
330 4101 391 4179 61.
406 4095 536 4170 Quando
551 4091 740 4156 renuntiatio
754 4091 910 4154 bonorum
925 4091 1081 4170 fitapro-
1135 4096 1336 4158 nihilominus
1346 4094 1486 4175 legatum
1495 4098 1544 4156 est
1554 4091 1929 4167 validum3summaonim
2039 4101 2044 4114 '

199 4252 204 4264 ,
291 4188 410 4250 laesuro
424 4183 555 4263 expletis
563 4185 602 4245 lG
611 4180 770 4242 mensibus
781 4178 960 4257 novitiatus,
973 4197 1080 4259 quam-
1135 4190 1183 4247 est
1196 4184 1373 4264 disparitas,
1399 4182 1474 4263 quia
1487 4199 1581 4244 omne
1595 4183 1736 4261 legatum
1756 4181 1846 4260 prius
1860 4181 1930 4260 post

291 4275 338 4339 vis
349 4272 499 4355 professio
513 4270 682 4332 subsecuta
704 4267 745 4330 sit
764 4267 872 4344 irrita,
894 4283 1082 4347 quocunque
1135 4275 1269 4336 moriem
1283 4271 1385 4333 valido
1407 4273 1599 4350 acceptatur.
1615 4271 1655 4333 Et
1675 4269 1708 4331 in
1722 4269 1834 4332 mortis
1851 4267 1928 4348 peri-

290 4366 395 4425 tamen
409 4363 550 4437 tempore
564 4354 858 4436 postearatitlcatur
871 4355 921 4414 vel
935 4371 1081 4432 expresse
1136 4361 1226 4437 culo,
1248 4358 1373 4440 quaudo
1397 4357 1557 4422 Generalis
1577 4356 1697 4420 consuli
1716 4374 1781 4419 nou
1808 4359 1927 4436 potest,

291 4447 459 4524 6611116116,
475 4445 617 4524 11661610
637 4442 732 4506 1111111
750 4443 1082 4504 1011111111111111111-
1136 4452 1239 4529 potest
1256 4446 1459 4510 Provincialis
1477 4451 1543 4523 aut,
1560 4465 1597 4508 eo
1612 4446 1762 4521 absente,
1780 4442 1929 4525 Superior

292 4537 394 4611 tiatio;
411 4531 553 4616 Rodriq,
571 4531 930 4610 66666.,6.56;1166,
947 4528 1078 4612 11111111·
1136 4537 1244 4600 localis
1271 4536 1346 4597 dare
1371 4535 1564 4598 scholastico
1588 4533 1748 4596 licentiam
1774 4528 1927 4595 condendi

292 4625 385 4703 Mor,
400 4623 423 4686 t.
439 4625 470 4702 3,
486 4621 516 4684 d.
535 4624 583 4698 16,
598 4641 628 4682 n.
644 4623 675 4682 5.
1136 4626 1369 4698 testamentum
1382 4627 1476 4704 atquo
1488 4622 1582 4684 etiam
1592 4621 1709 4684 suiilcit
1720 4620 1928 4684 licentiaPro·

222 4740 262 4786 ooi
331 4715 393 4794 65.
405 4709 602 4776 Probabilius
617 4712 664 4771 est
673 4725 745 4769 oum
758 4707 872 4770 Sanoh.
886 4707 996 4770 contra
1004 4706 1083 4769 alios
1137 4710 1297 4788 vincialis,
1322 4712 1449 4792 quando
1473 4713 1696 4774 tastamentum
1727 4709 1763 4771 lit
1790 4707 1928 4788 proxime

293 4802 378 4884 quod
392 4798 561 4880 nequidem
575 4801 719 4860 mutuum
734 4794 801 4857 dari
817 4794 914 4875 possit
929 4795 1083 4857 Monaste-
1138 4806 1210 4864 onio
1224 4800 1462 4880 professionem,
1478 4818 1536 4880 por
1555 4817 1651 4881 quom
1664 4797 1770 4860 otoiim
1790 4795 1929 4858 rodditor

293 4890 339 4953 rio
353 4886 489 4950 arbonis
504 4884 628 4961 Novitii,
644 4882 787 4964 quamvis
801 4882 851 4943 hic
867 4883 1084 4945 6116661666-
1140 4881 1266 4944 omnino
1289 4880 1511 4954 irrevocabile;
1527 4881 1627 4957 Lugo,
1649 4877 1679 4940 d.
1704 4879 1734 4955 3,
1755 4895 1787 4938 n.
1804 4878 1873 4940 116.
1893 4875 1929 4936 ot

293 4978 341 5041 nis
355 4975 457 5057 major
470 4978 568 5049 essat;
585 4976 733 5053 poterunt
745 4976 850 5035 tamen
861 4975 1007 5051 parentes
1022 4973 1084 5032 No·
1138 4969 1224 5032 idem
1238 4973 1285 5032 est
1298 4969 1323 5030 si
1338 4970 1394 5031 1161
1411 4967 1553 5048 proxime
1567 4971 1640 5029 6616
1658 4969 1795 5026 mortem
1808 4963 1866 5025 sub
1883 4978 1928 5024 ra·

267 5137 270 5144 ,
292 5066 359 5129 vitii
374 5065 449 5128 dare
464 5083 501 5126 ex
515 5062 689 5138 suisbonis,
705 5078 777 5122 curn
787 5060 858 5141 jura
873 5058 1046 5140 repetendi,
1058 5056 1084 5119 si
1138 5057 1322 5121 tihobitiona
1345 5057 1515 5120 Generalis.
1540 5055 1619 5120 Vide
1642 5054 1737 5117 etiam
1756 5054 1861 5116 Palliz.
1879 5069 1928 5114 su·

292 5154 373 5218 lilius
384 5153 645 5231 nonprosrteatur.
659 5147 847 5211 Prohibetur
861 5145 1081 5210 etiama'l'rid.
1139 5166 1207 5227 pra.
1224 5150 1273 5210 An
1287 5147 1327 5209 611
1345 5146 1479 5208 simonia
1498 5145 1612 5225 pacisci
1637 5145 1676 5208 do
1690 5144 1798 5226 aliqua
1810 5157 1928 5206 summa

268 5313 271 5320 ,
293 5263 333 5306 66
351 5241 469 5323 aliquid
488 5238 619 5320 alicujus
633 5235 795 5314 momenti,
815 5236 940 5299 attentis
954 5235 1085 5298 faculta·
1140 5235 1255 5311 danda,
1277 5235 1302 5298 si
1321 5235 1390 5318 quis
1404 5235 1481 5297 volit
1494 5234 1618 5296 admitti
1632 5232 1674 5295 ad
1687 5230 1927 5304 Monesteriunr,

293 5333 375 5395 tibus
389 5329 513 5407 Novitii,
531 5328 623 5390 detur
635 5326 824 5390 Monostcrio
840 5329 981 5405 tempore
997 5321 1085 5385 novi·
1140 5324 1258 5386 dictum
1274 5328 1321 5387 ert
1335 5324 1356 5386 l.
1370 5325 1400 5400 3,
1409 5341 1444 5404 p.
1462 5325 1491 5399 1,
1508 5339 1538 5384 n.
1556 5324 1612 5384 181
1617 5367 1625 5384 .

294 5419 388 5486 116166
401 5437 421 5482 6
434 5417 568 5495 Novitio,
585 5417 715 5496 excepto
729 5414 813 5478 61616
835 5418 867 5477 61
880 5412 994 5476 6661116
1011 5417 1024 5474 :¹
1039 5411 1086 5474 Ne
1182 5411 1358 5490 0666118.
1378 5445 1419 5459 —
1441 5409 1522 5487 Quid
1541 5419 1686 5494 66616666
1708 5407 1869 5473 amandum
1893 5404 1927 5469 sit
1946 5439 1978 5491 ,o
2070 5459 2072 5500 4
