3992 6336
275 453 332 516 186
845 465 963 530 LIBER
983 466 1163 543 TERTIUS,
1186 469 1287 534 PARS
1304 471 1342 532 11,

207 637 249 683 ³¹⁸
313 641 375 721 §a
394 643 451 716 Qui
466 643 542 708 data
555 664 610 726 spe
626 647 816 712 Matrimonii
831 669 868 712 ex
882 652 987 732 puella
1001 672 1069 714 sus·
1128 657 1238 716 votum
1265 653 1305 715 ab
1334 651 1421 714 initio
1446 650 1591 713 babuisse
1606 650 1689 712 banc
1709 651 1917 714 conditionem

274 729 359 810 cepit
380 732 485 811 plures
508 735 623 815 proles,
639 741 764 802 tenetur
785 758 855 800 eam
876 741 1002 819 ducere,
1025 743 1069 804 nti
1124 740 1384 820 implicitam,nisi
1395 738 1681 820 graviorobligatio
1692 741 1915 820 supervenerit,

275 818 395 882 dictum
417 825 473 898 est,
491 843 593 904 neque
608 826 713 904 puella
734 831 837 907 potest
860 847 930 890 eam
952 829 1069 908 obliga·
1123 829 1257 908 ideoque
1273 832 1372 891 Deum
1387 827 1479 888 aliter
1493 843 1556 886 non
1571 831 1758 908 acceptasse
1772 845 1782 888 ε
1798 827 1855 888 sed
1867 827 1918 888 ab·

274 905 393 968 tionem
407 910 578 990 remittere,
596 912 670 992 quia
684 915 733 974 vel
744 915 877 995 justitia,
894 917 944 977 vel
958 915 1070 977 saltem
1123 918 1293 980 strabendo
1310 917 1351 978 ab
1366 916 1427 977 hoc
1441 915 1614 976 dicendum
1638 919 1687 977 est
1701 914 1918 977 defloratorem

275 994 389 1056 caritas
413 1001 445 1060 et
467 999 567 1077 pietas
591 1000 623 1060 in
641 1004 745 1080 proies
766 1003 895 1084 obligat,
912 1008 947 1066 ut
968 1003 1069 1084 legiti-
1123 1007 1222 1069 teneri
1234 1011 1340 1086 potere
1356 1003 1626 1086 dispensationem
1639 1003 1718 1082 voti,
1732 1004 1808 1084 quia
1821 1002 1917 1083 quivis

273 1087 411 1161 mentor,
428 1104 467 1146 ne
481 1092 630 1151 maneant
644 1089 775 1152 infames
786 1092 990 1171 etpriventur
1004 1092 1070 1151 hae·
1123 1099 1247 1158 tenetur
1261 1095 1410 1156 adhibere
1425 1091 1704 1155 mediaordinaria
1719 1092 1760 1154 ad
1775 1110 1917 1171 reparan-

275 1169 419 1251 reditate,
445 1173 576 1256 aliisque
601 1179 785 1258 commodis,
815 1181 902 1260 Lugo
927 1179 957 1240 in
978 1177 1066 1261 Resp.
1123 1184 1198 1245 dum
1209 1183 1262 1264 jus
1276 1184 1413 1244 alienum
1427 1181 1541 1262 injuste
1556 1181 1682 1259 laesum,
1699 1180 1791 1243 sicuti
1806 1179 1918 1242 0111011-

276 1257 354 1320 Mor.
371 1259 393 1321 l.
412 1263 440 1336 l,
458 1261 487 1324 d.
503 1267 554 1340 11,
567 1285 596 1327 u.
613 1271 643 1327 1.
1123 1273 1229 1352 giosus
1243 1272 1384 1335 intulerit
1397 1271 1601 1356 damnum,et
1616 1269 1719 1349 possit
1732 1269 1810 1331 illud
1825 1287 1918 1330 resar-

206 1356 248 1402 011
313 1348 375 1426 57.
393 1349 425 1412 Si
445 1352 537 1415 Gaius
559 1355 703 1418 et'l'itius
726 1359 895 1438 separatim
915 1357 1069 1438 promise·
1123 1360 1197 1436 cire,
1213 1360 1311 1438 petita
1337 1379 1357 1420 a
1381 1358 1513 1420 Praelato
1538 1357 1644 1436 venia,
1671 1357 1779 1438 utique
1799 1363 1919 1420 tenetur

275 1434 338 1497 rint
351 1435 584 1502 Matrimonium
608 1445 721 1525 Rertae,
751 1447 810 1508 sub
831 1446 1022 1523 conditione,
1042 1444 1067 1504 si
1123 1449 1205 1510 hanc
1219 1455 1336 1527 petere.
1361 1447 1450 1520 Quod
1473 1446 1500 1509 si
1524 1446 1632 1526 puella
1661 1445 1774 1507 fuisset
1799 1445 1919 1507 conscia

275 1541 314 1584 eu
336 1522 411 1603 ipsis
435 1529 615 1609 conciperet
643 1537 674 1595 et
706 1535 818 1596 eodem
840 1536 905 1596 fere
927 1539 1068 1614 tempore
1122 1538 1199 1613 voti,
1216 1534 1525 1600 dossoratorvidetur
1544 1533 1636 1610 liber,
1664 1536 1699 1596 ut
1717 1532 1919 1612 probabiliter
1981 1561 1982 1564 ¹

276 1613 421 1692 copulam
444 1615 613 1683 habuerint
631 1640 703 1684 cum
725 1623 788 1702 illa,
804 1625 850 1686 ita
870 1627 905 1688 ut
928 1623 996 1703 ipsa
1017 1641 1068 1683 ne·
1122 1628 1231 1688 tenent
1256 1626 1341 1686 bess.
1368 1627 1399 1684 et
1420 1621 1535 1683 Sancb.
1559 1621 1646 1700 apud
1664 1623 1753 1701 Lugo
1777 1641 1809 1681 u.
1826 1623 1876 1696 50,
1891 1623 1919 1680 01

276 1707 372 1782 queat
391 1702 580 1786 discernere,
598 1728 615 1770 e
636 1729 697 1790 quo
712 1711 901 1792 conceperit,
918 1729 1001 1773 nunc
1014 1729 1068 1771 au·
1123 1713 1253 1776 deberet
1275 1714 1380 1792 010110
1407 1729 1472 1772 suae
1500 1708 1724 1789 imprudentiae
1752 1709 1916 1788 imputare,

275 1793 351 1866 tem,
365 1797 398 1852 ut
412 1792 564 1855 honorem
580 1798 689 1876 salvet,
701 1800 776 1862 velit
790 1800 908 1862 nubere
924 1801 988 1878 uni,
1004 1817 1068 1859 me·
1124 1800 1208 1882 quod
1223 1802 1441 1876 consensisset,
1452 1803 1507 1860 ant
1517 1796 1703 1859 credidisset
1716 1796 1916 1878 promittenti.

276 1877 336 1938 rito
361 1879 531 1961 dubitatur,
558 1886 770 1966 ouationem,
796 1892 944 1969 atquem
972 1888 1069 1969 possit
1123 1894 1210 1970 bugo
1226 1894 1331 1952 tamen
1358 1889 1453 1951 etiam
1475 1886 1681 1968 probabiliter
1704 1889 1797 1964 putat
1821 1885 1918 1948 adbuc

277 1984 391 2046 cogere
406 1969 446 2029 ad
465 1971 699 2036 Matrimonium
714 1995 832 2054 seeum,
849 1996 923 2038 nam
937 1977 962 2038 si
977 1979 1070 2057 cogat
1123 1980 1223 2042 teneri
1252 1977 1521 2058 dispensationem
1548 1979 1668 2054 petere,
1695 1971 1771 2055 quia
1793 1973 1920 2053 promit·

277 2054 397 2132 Gaium,
414 2056 495 2120 forto
511 2059 586 2122 iacit
600 2062 628 2122 ei
643 2062 803 2143 injuriam,
819 2068 851 2127 et
864 2066 984 2144 prolem
998 2081 1070 2140 sup·
1123 2068 1218 2130 tendo
1243 2065 1479 2129 Matrimonium
1507 2062 1593 2126 credi
1622 2067 1760 2142 poterat,
1782 2061 1869 2142 quod
1890 2081 1918 2122 se

277 2143 448 2223 posititiam
459 2165 475 2208 e
487 2149 567 2212 'litio
579 2159 764 2231 conceptam
774 2153 815 2215 illi
832 2155 1069 2232 afferret‚atque
1125 2154 1279 2232 obligaret
1293 2153 1332 2214 ad
1347 2152 1495 2229 tollenda,
1510 2151 1536 2211 si
1554 2153 1671 2229 posset,
1692 2149 1776 2211 illins
1790 2148 1919 2230 impedi·

277 2231 362 2292 idem
378 2237 436 2310 est,
453 2235 478 2295 si
494 2237 610 2300 'litium
624 2245 726 2320 cogat.
743 2239 780 2303 Si
800 2241 891 2310 dicos,
908 2259 999 2321 posse
1021 2259 1070 2302 co·
1123 2247 1241 2319 menta,
1259 2243 1351 2321 quale
1366 2245 1434 2303 erat
1448 2239 1710 2318 impedimentum
1723 2237 1800 2300 voti.
1981 2305 1982 2308 Ἴ

276 2337 364 2398 gere,
382 2339 475 2401 quem
490 2325 585 2402 volet,
597 2331 729 2408 uterque
744 2330 828 2391 enim
841 2349 914 2390 reus
929 2333 985 2406 cst,
999 2347 1070 2389 cum
1163 2332 1228 2411 59.
1258 2331 1314 2403 011
1344 2331 1418 2392 data
1445 2328 1506 2389 lide
1533 2325 1728 2389 matrimonii
1755 2325 1919 2388 defloravit
1938 2329 1982 2379 11

278 2409 411 2487 uterque
433 2427 490 2488 per
512 2430 604 2474 suum
625 2420 790 2492 peceatum
811 2415 851 2479 sit
871 2435 967 2477 causa
989 2417 1071 2477 illius
1125 2419 1388 2500 consanguineam
1399 2416 1557 2480 consciam
1567 2415 1798 2495 impedimenti,
1815 2415 1848 2475 in
1858 2433 1914 2495 qno

278 2494 384 2568 dubii;
403 2505 1067 2576 00000001,0011001010010111100110101
1123 2508 1271 2571 nonsolet
1284 2506 1457 2586 dispensari
1473 2503 1531 2565 nisi
1542 2522 1581 2565 cx
1594 2503 1792 2583 gravissimis
1802 2501 1914 2577 causis,
1981 2525 1982 2550 2

278 2588 419 2646 econtra
434 2586 528 2648 Berta
540 2589 631 2651 scivit
649 2590 688 2651 de
708 2596 852 2672 utroque,
865 2610 958 2672 quam
973 2592 1071 2656 admi·
1125 2598 1151 2659 si
1166 2597 1214 2658 hae
1229 2595 1342 2674 absint,
1360 2595 1400 2656 ad
1416 2594 1492 2655 nibil
1511 2597 1636 2655 tenetur
1652 2612 1660 2666 ;
1677 2592 1703 2654 si
1717 2596 1827 2653 autem
1840 2591 1872 2652 in
1885 2608 1917 2651 co
1980 2593 1982 2676 ζ

277 2671 318 2734 011
334 2691 340 2734 :
358 2692 432 2753 ergo
447 2676 551 2754 potius
564 2679 684 2740 malitia
703 2682 803 2742 Bertae
820 2687 866 2744 est
885 2683 1071 2744 causaillius
1127 2685 1301 2765 dispensari
1316 2685 1416 2746 soleat
1429 2703 1467 2744 ex
1482 2701 1579 2745 causa
1600 2685 1632 2745 et
1641 2680 1711 2742 baec
1722 2699 1823 2743 causa
1832 2677 1915 2755 absit,
1981 2695 1982 2700 ¹

279 2759 378 2838 dubii,
402 2763 485 2824 unde
508 2765 633 2827 videtur
659 2767 762 2846 potius
785 2772 912 2831 Roriam
931 2770 1071 2831 amisisse
1127 2773 1223 2837 etiam
1238 2773 1278 2833 ad
1293 2770 1370 2832 nibil
1384 2773 1519 2847 tenetur,
1546 2769 1621 2850 quin
1639 2769 1835 2848 dispensatio
1858 2767 1918 2828 sine
1980 2823 1982 2832 ⁴

275 2848 328 2930 jus
342 2851 477 2929 cogendi
491 2853 687 2932 alterutrum,
705 2875 777 2917 cum
798 2857 902 2919 dicero
922 2876 1072 2937 nonpos-
1126 2879 1223 2925 causa
1249 2857 1919 2941 0011101001001,10001011001,0110100
1981 2903 1982 2914 ,

279 2937 330 3014 011,
345 2940 445 3000 multo
466 2939 570 3002 minus
585 2942 720 3021 probare
743 2964 776 3005 se
800 2964 838 3006 ex
860 2945 931 3023 hoc,
955 2948 1003 3008 vel
1019 2946 1071 3009 illo
1127 2943 1875 3026 0000000010111,8010111οΜ011.1.5,11.5,0.
1890 2946 1915 3004 3.
1980 2983 1982 3010 f

279 3027 487 3090 determinate
502 3032 683 3111 concepisse
700 3053 707 3096 :
731 3053 771 3096 an
790 3038 897 3097 autem
911 3053 991 3097 unus
1006 3037 1073 3097 illo·
1128 3039 1161 3103 Si
1171 3042 1277 3101 autem
1292 3054 1388 3098 causa
1402 3036 1456 3096 illa
1471 3035 1555 3097 adsit
1576 3033 1735 3097 etillesub
1746 3033 1917 3096 conditione

279 3133 351 3178 rum
379 3119 523 3179 teneatur
549 3120 726 3200 admittere,
757 3123 807 3183 vel
834 3123 918 3184 alere
939 3125 1070 3203 prolem,
1127 3124 1373 3207 dispensationis
1392 3122 1584 3204 promiserit,
1600 3121 1916 3196 01011110111011010,
1980 3155 1981 3188 3

280 3203 399 3266 dictum
413 3210 460 3268 est
467 3227 501 3288 p.
520 3212 550 3284 l,
561 3229 591 3270 n.
608 3215 679 3273 'ld-l.
1128 3234 1223 3298 quam
1237 3213 1388 3292 'theologi
1412 3212 1495 3292 apud
1518 3211 1634 3274 Sancb.
1651 3231 1684 3272 n.
1701 3213 1732 3288 5,
1749 3210 1854 3272 adhuc
1879 3209 1918 3270 di·

211 3304 252 3350 am
318 3293 379 3372 58.
396 3293 551 3356 Sivotum
570 3297 732 3377 castitatis,
757 3302 807 3362 vol
827 3302 997 3382 Religionis
1019 3305 1075 3365 fiat
1128 3297 1473 3365 ountadnihilteneri
1497 3297 1605 3359 etheo
1628 3296 1794 3377 probabile
1816 3314 1918 3377 agnos
1979 3295 1981 3372 ᾗ

279 3384 350 3460 0001
383 3381 623 3446 deflorationem
651 3391 683 3450 et
704 3390 944 3469 promissionem
968 3392 1075 3452 Matri·
1129 3383 1918 3467 011801011.01101011000101110111110001-
1980 3451 1981 3454 Ἴ

279 3467 387 3546 monii,
403 3473 578 3534 communis
594 3476 626 3535 01
638 3493 714 3536 vera
730 3477 886 3539 sententia
904 3481 952 3540 est
966 3484 1075 3542 eontra
1129 3482 1215 3542 satur
1255 3474 1482 3554 impossibilis,
1519 3491 1592 3535 cum
1628 3470 1768 3552 pendeat
1806 3491 1826 3534 a
1860 3473 1919 3535 sola
1978 3481 1981 3540 J

279 3573 407 3637 paucos,
425 3559 509 3638 quod
524 3559 693 3624 dellorator
706 3566 851 3627 teneatur
865 3565 990 3644 ducere,
1007 3567 1076 3649 jam
1129 3566 1289 3629 voluntate
1316 3561 1480 3642 Principis,
1510 3561 1613 3642 aitque
1641 3563 1799 3640 praterea
1819 3565 1918 3623 contra
1977 3575 1980 3596 ⁴

280 3645 366 3708 enim
393 3649 618 3711 antecedenter
645 3651 779 3733 eratjus
798 3654 942 3716 strictum
963 3656 1075 3734 puellae
1126 3653 1179 3735 jus
1216 3649 1409 3713 ordinarium
1437 3653 1468 3712 et
1493 3649 1597 3728 legem
1622 3666 1837 3710 communem.
1865 3645 1918 3710 Alii

281 3734 470 3815 acquisitum
494 3756 500 3798 :
523 3755 597 3817 ergo
625 3743 734 3801 votum
762 3743 987 3820 superveniens
1012 3762 1075 3805 non
1130 3739 1215 3819 apud
1227 3737 1373 3799 eumdem
1388 3736 1506 3797 Laneh.
1519 3737 1611 3812 1111,
1625 3734 1735 3796 dicunt
1749 3733 1917 3813 promissio

281 3823 385 3886 obstat
399 3822 443 3884 illi
464 3824 660 3903 obligationi,
684 3827 774 3888 sicuti
796 3847 858 3890 non
882 3831 1031 3908 obstaret,
1050 3832 1075 3892 si
1131 3847 1203 3889 nem
1218 3845 1285 3888 esse
1307 3824 1434 3906 quidem
1457 3823 1607 3899 validam,
1623 3822 1680 3884 sed
1695 3840 1788 3903 posse
1807 3823 1848 3885 ad
1868 3839 1918 3883 uu·
1979 3861 1980 3908 1

285 3929 354 3972 rem
368 3910 457 3974 alteri
477 3912 618 3974 debitam
631 3932 762 3976 voveres
777 3916 853 3978 dare
872 3905 1082 3997 pauperibus
1131 3921 1197 3979 tum
1212 3915 1252 3976 ab
1268 3917 1401 3994 utroque
1415 3911 1570 3990 revocari,
1587 3911 1683 3974 etiam
1706 3912 1806 3975 altero
1816 3909 1915 3985 inrito,

286 3997 318 4060 Si
342 4001 448 4060 autern
474 4003 583 4062 votum
597 4003 801 4080 precesserit,
825 4007 914 4066 Hurt.
937 4009 1077 4068 Perezet
1132 4009 1204 4068 ante
1226 4008 1258 4066 01
1284 4007 1355 4083 0001
1382 4001 1650 4081 dispensationem
1679 4001 1851 4077 obtentam,
1866 3996 1917 4060 nisi
1978 4069 1979 4072 Ἴ

283 4084 360 4150 (iob.
382 4105 414 4148 n.
438 4091 507 4165 100,
531 4094 648 4168 negant
663 4089 883 4154 defloratorem
896 4095 994 4155 teneri
1019 4095 1077 4156 du·
1131 4111 1168 4156 ac
1195 4093 1324 4154 obtenta
1351 4090 1524 4151 ratificetur
1551 4107 1737 4166 consensus,
1755 4105 1819 4150 non
1837 4085 1918 4148 011101
1978 4125 1979 4170 3

282 4191 365 4251 cere,
392 4175 419 4234 si
441 4174 532 4237 aliter
554 4177 653 4257 possit
676 4197 881 4259 compensare
902 4181 1018 4244 damna
1046 4189 1077 4244 ct
1131 4185 1224 4262 atque
1239 4179 1396 4260 sponsalia
1410 4178 1629 4257 impuberum
1652 4175 1821 4257 promissio
1843 4173 1917 4236 euin
1978 4175 1979 4180 ’

281 4262 434 4343 impedire
447 4263 626 4340 infamiam
642 4265 726 4328 idem
740 4269 855 4330 docent
870 4273 947 4332 Nar.
964 4274 1073 4351 Laym.
1131 4267 1185 4329 illa
1198 4286 1261 4330 non
1276 4267 1370 4328 debet
1384 4284 1451 4328 essa
1465 4266 1511 4326 itu
1531 4264 1759 4342 irrevocabilis,
1772 4264 1816 4327 uti
1832 4265 1915 4337 esset,

282 4351 372 4429 11100.
390 4355 422 4414 01
447 4351 498 4413 0111
527 4352 612 4433 apud
639 4356 724 4434 bugu
752 4358 992 4434 010011οι101
1013 4363 1076 4419 u‘on
1131 4355 1256 4418 sisteret
1270 4374 1289 4416 0
1303 4353 1444 4434 00100110
1468 4371 1530 4415 101
1553 4351 1917 4432 111000111080101111-
1977 4363 1978 4366 ’

281 4439 380 4517 possit
393 4439 483 4502 aliter
497 4459 701 4520 compensare
712 4442 839 4520 damna,
856 4444 931 4524 quia
943 4445 1077 4508 materia
1131 4463 1215 4521 men,
1231 4442 1346 4523 aliique
1361 4441 1487 4521 plurimi
1509 4459 1582 4503 cum
1596 4443 1684 4521 Ilugo
1699 4461 1730 4503 n.
1747 4442 1797 4518 53,
1813 4438 1917 4519 proba·
1977 4487 1978 4490 ¹

281 4526 497 4605 promissionis
511 4534 580 4590 erat
593 4529 701 4591 illicita
715 4530 755 4592 ob
768 4535 878 4592 votnm
894 4551 901 4592 :
915 4550 990 4614 ergo
1004 4552 1077 4614 pro·
1130 4531 1223 4592 bilius
1251 4529 1361 4591 dicunt
1386 4527 1627 4608 promissionem
1650 4527 1769 4606 valere,
1792 4525 1915 4606 ideoque

281 4616 388 4678 missio
415 4616 469 4676 illa
497 4615 624 4678 videtur
650 4617 744 4686 fuisso
772 4619 911 4680 invalida
940 4640 947 4682 :
978 4623 1073 4702 Vesq.
1131 4619 1352 4680 defloratorem
1379 4616 1491 4694 teneri,
1522 4616 1652 4678 obtenta
1679 4615 1913 4696 dispensatione,

283 4703 398 4768 Sancb.
416 4706 607 4766 001Το00.
625 4709 724 4770 00011.
746 4709 824 4786 Lug.
842 4709 953 4770 Tamb.
971 4712 1074 4772 Haun.
1131 4707 1194 4769 imo
1210 4705 1341 4786 obligari
1356 4708 1474 4784 petere,
1492 4704 1568 4784 quia
1583 4701 1915 4786 totum,quodpromit·

282 4793 345 4856 Illa.
362 4796 429 4862 11,
448 4791 478 4856 a.
501 4796 532 4870 3,
548 4813 579 4855 n.
595 4797 654 4868 93;
672 4794 783 4855 melius
811 4795 920 4859 dicunt
944 4797 1077 4861 deflora-
1130 4795 1216 4863 titur,
1233 4797 1280 4856 est
1292 4793 1412 4855 licitum
1430 4797 1461 4854 et
1474 4793 1642 4874 possibile;
1659 4793 1746 4874 quod
1760 4791 1914 4870 00111001-

282 4885 384 4946 torem
412 4881 511 4942 teneri
536 4881 650 4943 ducere
678 4882 827 4960 puellam,
855 4883 881 4944 si
904 4883 1078 4948 haecluerit
1131 4882 1390 4946 detavoluntate
1406 4881 1558 4961 Principis
1574 4899 1637 4943 uon
1652 4881 1914 4959 censeturimpoa·
1975 4939 1977 4958 ζ

283 4969 348 5033 voti
374 4971 496 5048 ignara,
514 4969 588 5049 quia
607 4968 756 5049 obligatio
779 4971 917 5050 gratuita
941 4990 979 5033 ex
1005 4975 1078 5035 reli·
1131 4971 1232 5048 sibile,
1249 4971 1376 5051 quando
1391 4970 1521 5032 concedi
1536 4970 1627 5047 solet,
1645 4969 1691 5034 uti
1707 4969 1758 5032 bic
1772 4969 1817 5032 iit.
1836 4959 1913 5040 Quod
1975 5007 1977 5064 ἱ

283 5060 377 5140 gionc
406 5058 501 5120 debet
525 5058 637 5120 cedere
665 5058 846 5137 obligationi
876 5077 1016 5122 onerosae
1040 5081 1079 5124 ex
1132 5059 1157 5120 01
1180 5056 1344 5137 promissio
1373 5057 1483 5121 fuisset
1508 5057 1655 5120 absoluta
1678 5057 1746 5120 sine
1769 5053 1912 5119 mentione
1975 5068 1977 5138 l

280 5146 403 5232 justitia
431 5150 462 5208 01
473 5146 550 5208 alias
565 5146 618 5227 qui
632 5147 770 5210 vovisset
793 5147 899 5210 omnia
924 5150 1079 5212 bonasua
1132 5145 1383 5226 dispensationis,
1410 5145 1524 5210 Sancb.
1549 5149 1653 5225 016,
1675 5145 1792 5226 aliique
1819 5141 1913 5206 dicunt
1974 5139 1977 5150 ⁴

284 5235 361 5298 dare
375 5234 567 5315 pauperibus
585 5235 610 5295 01
634 5238 744 5314 postea
757 5236 943 5315 gravissima
962 5238 1079 5300 damna
1132 5252 1199 5295 0000
1216 5233 1396 5313 invalidam,
1413 5234 1583 5318 quiaquod
1595 5233 1799 5314 promittitur,
1816 5228 1911 5325 estillij

285 5323 354 5384 eliis
373 5323 512 5400 interret,
536 5323 730 5386 satisfaceret
747 5323 852 5386 dando
874 5327 1075 5406 pauperibus,
1137 5321 1244 5398 citum,
1261 5321 1316 5382 sed
1330 5323 1417 5403 bugu
1439 5341 1470 5383 a.
1487 5325 1538 5399 51,
1555 5322 1668 5385 merito
1683 5319 1872 5395 contradicit,
1890 5333 1912 5375 st

286 5411 370 5498 quod
385 5429 477 5474 nemo
492 5411 599 5475 dicet:
620 5415 731 5502 putant
759 5413 886 5498 quidem
906 5413 1001 5494 aliqui
1016 5417 1077 5478 talc
1136 5409 1396 5492 impedimentum
1405 5409 1759 5494 utriquelueritnotum‚
1767 5410 1908 5488 idemque
