3998 6344
311 557 369 628 tat
869 553 987 620 61111111
1008 549 1195 628 annulos,
1219 553 1322 618 PARS
1342 551 1381 617 ll.

311 745 447 812 hominis
469 743 590 810 reveles
611 745 697 826 apud
723 742 893 821 eumdem,
919 747 955 808 ut
977 743 1107 808 tandem
1161 741 1207 805 ita
1217 733 1700 820 ordinataadsolatiumdoloris,
1712 739 1759 806 uti
1767 738 1943 806 6666611666

311 834 492 900 notabiliter
518 831 724 895 imminuatur
750 831 976 908 existimatio„
993 849 1107 911 peccas
1162 831 1203 894 ad
1218 831 1362 894 solatium
1377 829 1522 895 miscriae.

312 922 469 1004 graviter,
494 925 529 982 ut
549 925 633 984 recta
657 922 758 1001 Lago,
783 918 859 1000 disp.
877 919 925 996 16,
949 935 1034 981 666.
1051 921 1091 981 16
1097 940 1109 988 ,·
1202 921 1283 1001 515.
1300 918 1331 984 si
1347 920 1417 1000 quis
1432 921 1578 986 detrahat
1592 923 1755 1000 damnato,
1766 941 1799 984 v.
1812 921 1938 1002 61666,
1958 937 1978 984 6

311 1010 432 1091 Burgh.
448 1017 523 1071 cent.
536 1009 567 1088 Ξ,
579 1028 637 1071 cus.
649 1012 699 1086 81,
717 1026 774 1070 666
789 1025 869 1089 6666
883 1008 1011 1071 66111661
1026 1007 1110 1070 intra
1163 1009 1259 1090 aliqui
1274 1009 1384 1072 dicunt
1397 1027 1460 1072 non
1473 1028 1541 1074 esse
1561 1017 1740 1092 peccatum,
1767 1011 1843 1092 quia
1862 1009 1940 1073 homo

312 1098 409 1161 breve
427 1101 564 1178 tempus,
579 1097 625 1160 uti
638 1098 707 1160 vult
720 1096 831 1176 Steph.
846 1105 869 1161 t.
883 1099 915 1176 l,
935 1095 966 1160 d.
981 1099 1013 1175 l,
1028 1115 1059 1158 6.
1075 1099 1095 1159 6
1163 1101 1317 1174 mortuus,
1335 1096 1430 1158 homo
1445 1117 1508 1160 666
1524 1102 1590 1163 est:
1614 1117 1693 1180 ergo
1716 1117 1781 1162 non
1805 1099 1894 1162 habet
1901 1098 1942 1179 jus

312 1205 386 1250 nam
410 1186 532 1250 collecti
553 1188 585 1248 in
608 1186 881 1264 memorialibus,
906 1186 991 1266 apud
1014 1203 1109 1266 quem
1164 1187 1204 1249 ad
1219 1186 1348 1264 famam,
1374 1185 1419 1248 uti
1444 1204 1503 1250 nec
1526 1188 1621 1251 homo
1643 1192 1768 1252 tantum
1783 1187 1941 1268 possibilis:

314 1276 510 1354 detrahitur,
536 1276 655 1339 habent
678 1273 825 1338 eumdem
853 1276 1018 1351 61166166,
1044 1274 1110 1336 6166
1164 1273 1321 1338 66666116
1344 1273 1404 1336 1616
1428 1275 1515 1338 66116
1534 1283 1592 1356 661,
1609 1276 1756 1358 quamvis
1771 1277 1854 1338 enim
1867 1276 1943 1338 homo

313 1367 397 1428 intra
414 1365 522 1443 breve,
539 1365 604 1428 sive
618 1365 702 1426 intra
714 1365 845 1444 longum
863 1367 989 1444 tempus
1002 1361 1111 1426 dican·
1164 1367 1319 1442 mortuus,
1336 1380 1398 1426 nou
1413 1364 1454 1428 sit
1467 1371 1540 1428 actu
1555 1366 1662 1444 homo,
1682 1372 1793 1428 166666
1816 1369 1883 1428 actu
1900 1364 1944 1426 ha·

312 1456 375 1516 tur.
401 1452 434 1516 Si
460 1457 565 1515 tamen
587 1454 643 1515 fiat
669 1451 754 1532 apud
779 1451 939 1530 diversos,
965 1449 1019 1532 qui
1046 1469 1110 1514 non
1164 1452 1219 1516 bet
1240 1453 1379 1514 animam
1405 1453 1502 1533 (quod
1525 1471 1588 1516 non
1612 1459 1660 1518 est
1682 1454 1723 1516 de
1745 1453 1943 1532 hominepura

313 1539 607 1618 communicabunt,
632 1558 695 1603 non
712 1540 862 1602 unientur
880 1539 912 1601 in
935 1539 1046 1604 ordine
1070 1539 1111 1600 ad
1165 1540 1320 1621 possibili)
1335 1540 1367 1601 in
1383 1559 1447 1621 qua
1460 1541 1567 1604 anima
1588 1542 1720 1624 ejusque
1744 1541 1943 1605 voluntatem

314 1629 510 1692 causandum
537 1628 690 1691 damnum
717 1647 814 1708 greve
838 1629 871 1690 16
893 1629 999 1706 fama,
1027 1627 1111 1690 unde
1165 1626 1248 1691 sidet
1260 1627 1435 1690 dominium
1445 1628 1534 1709 etjus
1544 1629 1647 1692 fama.
1656 1631 1756 1693 Addit
1766 1630 1944 1692 11666666-

314 1717 1109 1798 66661166166666616116.Α6611666166666651,
1165 1721 1255 1779 66166
1271 1733 1332 1778 666
1347 1734 1416 1777 esse
1436 1734 1570 1796 capaces
1591 1718 1745 1797 utilitatis,
1771 1735 1945 1799 consequeu-

313 1807 341 1870 si
362 1808 402 1869 de
426 1806 559 1868 diversis
581 1825 682 1886 parva
704 1806 802 1885 diras,
823 1825 887 1870 non
910 1806 1058 1869 unientur
1079 1804 1110 1866 in
1165 1809 1215 1868 ter
1228 1803 1389 1887 66616616,
1408 1823 1466 1867 nec
1476 1804 1529 1886 jus
1544 1806 1584 1868 ad
1598 1807 1686 1868 illam
1700 1807 1865 1870 ordinetur
1881 1804 1944 1868 :red

315 1895 425 1958 ordine
436 1894 477 1957 ad
488 1895 745 1959 constituendum
755 1895 900 1972 mortale,
912 1895 970 1957 nisi
984 1913 1042 1975 per
1051 1893 1112 1956 hoo
1166 1911 1225 1955 nec
1238 1893 1299 1954 ista
1312 1893 1392 1954 ratio
1407 1897 1503 1971 16661,
1530 1912 1603 1956 nam
1627 1898 1700 1956 sunt
1720 1911 1855 1974 capaces
1867 1909 1945 1974 6666·
1977 1915 1978 1920 ¹

315 1983 456 2064 graviter
473 1981 654 2047 diffametur
670 1989 737 2048 1616
755 1983 983 2047 communitas:
1009 2000 1112 2063 neque
1165 1979 1260 2044 116616
1281 1980 1439 2060 majorum
1462 1984 1702 2061 tormentorum,
1730 1982 1777 2045 uti
1799 1983 1896 2044 statim
1911 1981 1944 2042 61

315 2073 415 2136 simile
433 2077 480 2136 est
500 2073 539 2136 da
559 2073 666 2153 parvis
685 2074 775 2137 furtis
794 2077 940 2153 respectu
959 2072 1110 2153 plurium,
1167 2077 1255 2133 cetur
1274 2089 1281 2131 :
1306 2086 1383 2150 ergo
1407 2073 1439 2131 et
1457 2069 1622 2132 utilitatis:
1639 2070 1712 2132 hinc
1731 2069 1829 2133 61616.
1846 2069 1908 2134 1161.
1921 2073 1945 2132 et
1976 2085 1978 2100 ¹

306 2179 378 2224 nan
394 2161 426 2223 in
440 2161 608 2226 hismeritc
619 2163 829 2226 communitas
844 2165 892 2224 est
910 2159 1050 2242 graviter
1065 2159 1112 2220 in·
1165 2157 1943 2238 1666611666.6666666661661166661161666-
1977 2155 1978 2160 ’

314 2249 389 2330 6116,
406 2250 531 2330 666666
545 2250 629 2312 16616
644 2251 684 2313 ob
696 2251 864 2313 utilitatem
872 2256 903 2312 et
911 2250 1036 2310 lucrum
1045 2262 1111 2308 ma·
1166 2249 1295 2326 tionem,
1312 2247 1397 2328 quod
1412 2247 1552 2311 damnati
1563 2247 1633 2329 jam
1647 2247 1709 2311 siut
1723 2247 1833 2310 hostes
1854 2247 1942 2309 116161

314 2338 363 2420 gis
376 2339 525 2418 alliciant,
543 2339 651 2420 sicque
667 2335 1113 2418 faciliussingulisimmineret
1166 2334 1341 2413 hominum,
1367 2353 1426 2397 666
1450 2335 1512 2398 6161
1534 2335 1670 2416 amplius
1692 2335 1843 2416 proximi,
1857 2339 1943 2414 utpote

314 2425 713 2508 periculumgravisdamni
720 2426 855 2510 ideoque
862 2424 1113 2488 hacdchuerunt
1168 2423 1295 2485 omnino
1310 2421 1487 2486 deordinati
1502 2424 1597 2486 61166
1613 2424 1722 2486 ultimo
1737 2445 1746 2487 :
1762 2424 1944 2504 ergononesl

280 2519 282 2522 ’
315 2515 456 2595 graviter
469 2515 640 2596 prohiberi.
652 2515 794 2595 lienique
806 2513 895 2576 addit
904 2516 1003 2594 Lago,
1015 2533 1045 2574 6.
1057 2514 1109 2590 61,
1166 2510 1335 2572 dicendum
1359 2511 1445 2592 quod
1467 2513 1551 2574 11666
1574 2513 1625 2575 vel
1646 2520 1763 2575 natura
1784 2511 1943 2576 6166661661

315 2602 384 2665 fieri
399 2621 502 2684 posse,
519 2609 554 2666 61
568 2603 637 2685 6616
652 2603 760 2666 616666
773 2606 842 2666 1666
858 2603 933 2685 6616
951 2601 990 2663 66
1005 2602 1110 2681 611666
1165 2599 1216 2660 vel
1230 2598 1381 2661 16666116
1396 2599 1506 2661 666166
1521 2599 1562 2662 66
1576 2601 1834 2664 conservandum
1843 2601 1896 2662 illis
1903 2599 1943 2680 jus

310 2689 378 2772 jam
402 2691 627 2755 antecedenter
644 2691 685 2753 ab
709 2691 777 2754 aliis
800 2709 883 2771 saepe
902 2691 1013 2754 leviter
1031 2691 1112 2752 inla·
1165 2687 1292 2768 aliquod
1316 2705 1379 2769 quo
1403 2705 1460 2750 nos
1481 2692 1625 2769 gravem,
1650 2707 1691 2750 ne
1714 2689 1764 2751 eis
1778 2687 1943 2751 iamamde·

313 2783 411 2857 mato,
434 2782 545 2858 peccet
558 2779 708 2859 graviter,
731 2779 757 2840 si
778 2797 836 2858 per
854 2779 998 2841 ultimam
1020 2795 1110 2840 suam
1165 2775 1341 2838 trahamus.
1365 2777 1390 2838 ll
1414 2780 1524 2839 contra
1543 2777 1623 2840 Bon.
1647 2781 1679 2840 61
1692 2777 1748 2840 alii
1770 2796 1842 2840 cum
1862 2779 1941 2855 hugo,

314 2868 540 2931 detractionem
559 2867 655 2930 addat
678 2867 754 2946 hoc,
781 2868 866 2948 quud
888 2866 1112 2948 requirebatur
1165 2861 1195 2925 d.
1217 2867 1265 2941 11,
1281 2883 1312 2924 6.
1328 2867 1379 2943 16,
1396 2864 1593 2943 probabilius
1613 2865 1872 2946 6166616666661,
1886 2879 1941 2924 666
1976 2937 1977 2940 ¹

313 2956 355 3019 66
373 2955 549 3018 laedendam
564 2955 704 3036 graviter
721 2955 984 3019 existimationem
1004 2954 1108 3016 illius:
1165 2951 1271 3014 adhuc
1286 2951 1346 3014 hoc
1360 2969 1455 3014 sensu
1469 2956 1543 3015 sunt
1555 2953 1701 3032 proximi,
1719 2955 1807 3035 quod
1820 2954 1879 3015 6161
1886 2969 1942 3014 eor·
1967 2941 1978 3028 1

313 3043 476 3106 6666666
492 3043 633 3106 6666166
648 3043 729 3106 sicut
746 3044 810 3122 ille,
827 3043 881 3124 qui
900 3043 1010 3106 ultimo
1023 3043 1111 3104 iura·
1161 3039 1262 3122 juncti
1276 3040 1309 3102 in
1325 3045 1457 3116 natura;
1474 3041 1588 3104 deinde
1602 3047 1725 3106 certum
1749 3047 1799 3106 661
1820 3043 1883 3106 illos
1899 3040 1942 3102 hs·

313 3137 367 3196 tur
380 3130 498 3213 aliquid
518 3131 591 3193 lere
606 3131 661 3211 illi,
678 3133 731 3194 cni
750 3132 802 3194 alii
821 3133 911 3195 multi
927 3136 999 3195 ante
1021 3134 1112 3193 erant
1164 3131 1240 3192 6666
1255 3129 1359 3193 66666
1373 3130 1480 3212 611666
1489 3130 1574 3213 jura,
1590 3151 1621 3194 6.
1636 3151 1668 3213 g.
1685 3137 1792 3213 utpro
1805 3131 1942 3194 1661666-

313 3221 407 3284 furati
422 3219 514 3298 levia,
531 3220 587 3282 sed
602 3221 757 3300 6666166,
771 3221 929 3300 sicutille,
946 3219 1000 3300 qui
1015 3218 1108 3281 alicui
1165 3219 1255 3282 dacio
1270 3236 1334 3281 non
1346 3219 1508 3299 infligatur
1527 3219 1631 3301 major
1652 3237 1762 3301 poena,
1787 3237 1877 3302 quam
1891 3235 1944 3280 me-

313 3327 372 3392 per
390 3310 491 3374 multa
512 3309 595 3392 levia
615 3310 748 3372 vulnera
768 3309 909 3372 sauciato
930 3309 1019 3371 addit
1040 3309 1109 3370 leva
1165 3312 1273 3370 reatur
1292 3308 1504 3386 mendacium,
1529 3315 1565 3372 ut
1586 3325 1643 3372 nos
1666 3327 1731 3371 non
1754 3311 1881 3372 velimm
1895 3307 1940 3369 illis
1977 3327 1978 3330 ¹

312 3397 438 3476 vulnus,
462 3415 524 3480 quo
547 3416 621 3460 cum
641 3397 710 3461 aliis
731 3396 910 3480 conjuncto,
936 3397 1003 3478 ipse
1026 3396 1111 3461 occi·
1164 3395 1941 3478 666666666666666661161166161661166661·

317 3487 412 3551 61166.
1164 3489 1252 3564 1616,
1277 3489 1337 3548 616.
1363 3485 1522 3548 Praeterea
1544 3493 1728 3565 peccatores
1762 3487 1940 3549 6661666166

231 3611 287 3663 „00
353 3577 435 3658 §th
456 3575 491 3640 si
511 3575 581 3657 quis
601 3575 742 3658 graviter
755 3575 795 3639 sit
808 3575 975 3659 injuriatus
989 3579 1021 3640 et
1038 3573 1109 3636 ideo
1164 3573 1232 3650 1161,
1249 3577 1281 3636 et
1294 3572 1506 3634 avereiallne
1522 3573 1642 3654 ultimo,
1658 3578 1769 3637 tamen
1784 3569 1939 3652 habeutjos
1976 3579 1978 3650 ξ

315 3665 403 3747 66661
427 3683 490 3726 666
510 3669 623 3745 661666
646 3684 680 3727 66
703 3659 852 3727 66616666
875 3669 1061 3745 prorumpat
1075 3665 1109 3725 in
1164 3660 1257 3724 famae
1270 3679 1277 3736 ;
1292 3677 1331 3722 ex
1345 3661 1405 3722 hoc
1419 3663 1536 3739 autem,
1553 3661 1639 3742 quod
1653 3661 1798 3724 damuati
1817 3661 1939 3739 sintper

314 3752 457 3834 publicas
480 3751 705 3833 querimonias,
721 3769 872 3834 6666666
892 3753 1110 3815 manifestetur
1164 3755 1259 3828 petuo
1273 3749 1388 3826 aversi,
1411 3768 1473 3811 non
1498 3751 1640 3830 sequitur
1663 3769 1733 3812 esse
1752 3755 1859 3813 exutos
1871 3745 1937 3810 6661

313 3838 1110 3924 injuriaetsicinfameturille,quiinjuriamintu·
1160 3837 1231 3919 jure
1253 3838 1388 3901 naturali
1409 3856 1417 3913 ;
1442 3842 1527 3900 66616
1555 3842 1661 3900 166166
1691 3843 1805 3902 661661
1834 3834 1935 3900 1161666

313 3931 359 4009 111,
375 3930 471 4011 aliqui
487 3929 572 4009 apud
585 3927 721 4012 111666.
734 3932 765 4008 3,
781 3938 802 3991 1.
819 3933 849 4009 5,
861 3949 917 3994 res.
933 3933 982 4010 32,
1000 3931 1109 3993 616661
1163 3946 1192 4008 q.
1209 3929 1240 4002 5,
1255 3934 1315 3989 ort.
1331 3930 1361 4005 1,
1376 3945 1406 4009 q.
1424 3929 1454 4005 2,
1470 3927 1607 3988 Helincx
1619 3926 1747 3992 dederat.
1765 3927 1798 3991 d.
1813 3931 1843 4008 ’1,
1857 3926 1935 4000 611,

314 4037 387 4082 eum
408 4017 595 4079 cunctatim
616 4035 684 4078 6666
707 4017 922 4080 damnandum
946 4020 1106 4098 mortalis,
1164 4015 1381 4079 detrahentem
1401 4016 1481 4078 torte
1504 4033 1597 4095 posse
1618 4034 1677 4096 per
1707 4016 1771 4081 hoe
1794 4011 1934 4088 excusati,

314 4107 389 4190 quia
409 4102 534 4168 videtur
555 4123 652 4184 supra
668 4105 849 4167 ,humanam
863 4107 1108 4171 imbecillitatem
1164 4105 1248 4189 quod
1263 4103 1403 4166 damnati
1418 4122 1480 4166 non
1497 4109 1609 4168 curent
1622 4105 1741 4167 famam
1755 4123 1855 4169 suam.

313 4201 381 4258 tum
392 4198 497 4258 tacere
509 4193 733 4273 debatquesibi
749 4193 829 4256 61166
840 4193 1008 4275 imputare,
1023 4197 1108 4276 quod
1203 4193 1222 4274 ἓ
1243 4197 1290 4256 16.
1317 4193 1350 4254 Si
1374 4209 1447 4254 6666
1469 4191 1608 4272 legitime
1630 4192 1842 4275 interrogatus
1862 4189 1935 4270 neget

313 4284 452 4364 coegerit
483 4282 523 4345 ad
554 4282 616 4343 1616
644 4281 850 4344 lenimentum
882 4283 1021 4360 doloris;
1052 4284 1108 4346 sed
1163 4300 1274 4344 verum
1298 4279 1429 4356 crimen,
1455 4284 1487 4343 61
1509 4279 1581 4342 1666
1604 4281 1736 4345 infamia
1758 4277 1933 4346 6666666116

312 4375 425 4436 merito
447 4369 667 4434 contradicunt
688 4371 741 4433 alii
766 4389 838 4432 cum
862 4372 971 4451 Steph.
997 4391 1029 4435 6.
1056 4377 1104 4452 11,
1162 4375 1388 4447 accusatorem,
1405 4367 1503 4450 Cajet.
1519 4369 1627 4432 Molin.
1644 4370 1762 4453 aliique
1771 4368 1931 4452 apudltisn.
1976 4365 1978 4384 ¹

313 4460 550 4545 quamvisenim
564 4459 729 4540 probabile
744 4460 794 4538 sit,
808 4459 892 4540 quod
903 4461 943 4522 oh
953 4460 1107 4524 radonem
1156 4481 1192 4544 p.
1208 4463 1237 4538 3,
1254 4467 1294 4522 tr.
1311 4461 1341 4536 5,
1357 4477 1412 4520 res.
1428 4459 1479 4534 30,
1493 4457 1602 4521 616661
1615 4459 1689 4522 6616
1710 4460 1779 4522 11661
1797 4457 1931 4540 injuriam,

312 4553 419 4616 datam
429 4549 527 4630 possit
537 4546 621 4628 apud
633 4567 730 4610 unum
745 4548 935 4612 taciturnum
946 4549 1106 4610 effundere
1161 4549 1236 4631 quie
1250 4547 1395 4629 negando
1409 4546 1527 4608 crimen
1541 4546 1692 4628 implicite
1701 4549 1779 4612 dicit
1793 4543 1932 4611 eumlslso
1973 4531 1978 4622 1

312 4657 403 4703 suum
419 4639 571 4715 dolorem,
588 4635 620 4698 id
637 4636 721 4698 enim
735 4637 943 4700 videturesse
964 4639 1106 4700 naturale
1161 4643 1193 4701 61
1207 4636 1399 4700 6616661666
1420 4653 1592 4711 accusare;
1618 4655 1694 4717 ergo
1718 4642 1768 4700 est
1791 4653 1879 4700 causa
1896 4631 1932 4694 16·
1977 4653 1978 4656 ¹

312 4730 380 4813 ejus
393 4727 610 4803 lenimentum,
628 4729 734 4787 tamen
748 4725 842 4788 nimis
855 4726 948 4805 longa
963 4741 1107 4806 6666666-
1156 4727 1243 4809 justa
1257 4726 1339 4788 illius
1353 4725 1499 4788 infamiae.
1517 4727 1542 4788 n
1565 4731 1676 4789 contra
1696 4727 1800 4790 Faber
1816 4732 1846 4788 et
1857 4723 1929 4788 11166.

311 4816 467 4904 61166166,
478 4814 504 4875 61
520 4811 643 4894 6661166
657 4813 886 4876 manifestando
897 4817 1018 4894 quaerat
1026 4813 1106 4874 sola·
1160 4834 1267 4895 supra,
1282 4817 1381 4894 Lago,
1398 4813 1475 4896 de'rp.
1491 4816 1540 4893 15,
1562 4833 1594 4876 o.
1621 4819 1677 4890 ll3
1694 4815 1854 4880 11166616.
1867 4813 1928 4881 aaa

311 4901 709 4984 tiumapudtammultos,
726 4919 798 4963 cum
814 4906 902 4966 tanto
921 4901 1105 4984 prejudicio
1159 4904 1293 4966 Hauncl.
1310 4921 1391 4966 num.
1407 4906 1486 4977 556;
1504 4905 1596 4982 Spor.
1623 4911 1663 4967 tr.
1688 4908 1720 4981 6,
1743 4923 1769 4967 6.
1794 4899 1927 4980 6616.
1977 4937 1978 4968 ,

310 4996 402 5057 lama
426 4993 556 5066 elienae3
581 4989 645 5052 imo
669 4989 764 5072 aliqui
787 4993 900 5055 6666116
924 4995 1105 5072 6666661666
1158 4992 1352 5073 probabilius
1366 4995 1495 5071 negant,
1512 4991 1587 5073 6616
1600 5009 1673 5054 reus
1693 5009 1756 5055 666
1777 4995 1929 5056 16661611

309 5083 439 5162 habeut,
462 5079 547 5162 quod
567 5083 698 5159 propter
719 5079 866 5142 solatium
888 5080 987 5160 possit
1008 5081 1104 5143 etiam
1154 5081 1277 5164 justitia
1290 5081 1380 5143 lateri
1395 5079 1525 5159 crimen,
1541 5081 1639 5145 multo
1654 5081 1758 5144 minus
1773 5081 1928 5162 jurareac·

309 5173 363 5238 661
386 5169 446 5233 6161
462 5167 581 5249 aliquid
601 5167 783 5230 redundans
801 5169 834 5231 16
847 5169 1010 5232 infamiam
1029 5170 1104 5231 alte·
1157 5174 1346 5247 occatorem,
1372 5170 1420 5230 vel
1445 5173 1555 5232 contra
1577 5171 1715 5252 scipsum
1735 5185 1845 5251 agere;
1867 5177 1926 5243 6666
1977 5201 1978 5228 ;

309 5263 386 5340 6166,
403 5259 476 5342 6616
494 5257 690 5320 facilesreret
708 5258 845 5333 abusus;
866 5263 898 5321 et
915 5259 941 5321 si
956 5257 1104 5322 nonlicet
1157 5259 1314 5338 negando,
1332 5257 1433 5318 donec
1446 5257 1609 5337 probetur,
1630 5277 1693 5322 666
1713 5264 1867 5322 66166666
1883 5265 1925 5331 po
1976 5303 1978 5306 -

308 5349 406 5414 furari
428 5365 486 5428 pro
510 5345 621 5409 solatio
647 5365 712 5408 suae
735 5347 842 5432 gravis
865 5346 1020 5426 miseriae,
1046 5366 1104 5410 cur
1155 5345 1273 5426 sitiva,
1302 5347 1359 5408 sed
1395 5350 1519 5410 tantum
1545 5348 1733 5428 permissive
1759 5346 1836 5409 illias
1860 5339 1923 5402 init·

307 5437 415 5514 licebit
433 5434 599 5498 detrahere
618 5452 676 5514 pro
697 5436 808 5500 solatio
828 5436 955 5517 doloris,
970 5454 1102 5518 praeser-
1154 5435 1237 5497 mite.

307 5530 452 5596 timeum
466 5523 595 5588 infamia
620 5521 723 5587 aliena
735 5542 797 5589 666
812 5524 853 5588 611
866 5544 905 5588 ex
917 5529 1029 5590 natura
1042 5532 1101 5590 sut
1193 5523 1279 5605 §ln
1306 5523 1339 5588 Si
1362 5522 1460 5590 'litias
1483 5539 1541 5607 per
1562 5523 1761 5590 mendacium
1783 5514 1920 5588 1616611611
1937 5511 1978 5582 111
