4144 6336
302 529 341 594 ³6
794 535 846 600 ne
874 525 1143 598 ontrorrronn
1172 527 1455 594 rnaoonouuru.

340 719 359 797 ᾖ
381 721 411 781 5.
440 719 472 782 Si
496 725 681 784 oecurrente
701 722 804 784 subita
823 726 855 783 et
873 723 1016 783 cridentc
1038 738 1093 780 ne-

303 807 446 869 cessitate
462 810 621 871 Paroclrus
640 814 775 890 nequeat
789 811 978 890 Episcopum
992 808 1090 882 adire,

302 899 405 972 potest
427 896 545 976 absque
569 898 695 958 licentia
712 898 798 958 abire
824 899 846 974 ¹,
873 898 917 958 sic
939 897 1023 958 enim
1037 914 1094 975 per

303 982 445 1060 Epikiam
462 985 679 1063 explicandum
695 1005 762 1047 esse
781 987 867 1048 Trid.
892 992 1020 1046 censent
1034 989 1093 1046 lto-

303 1087 373 1128 nac.
399 1070 467 1130 Fill.
493 1075 524 1132 et
547 1071 620 1143 alii3
646 1073 701 1132 sed
726 1090 763 1132 ex
786 1091 984 1152 quacumque
999 1089 1094 1132 causa

302 1156 393 1231 absit,
423 1174 547 1236 semper
573 1160 719 1221 substitui
747 1160 841 1223 debet
867 1161 1014 1235 idoneus,
1040 1158 1092 1238 qui

302 1245 385 1305 rices
414 1245 550 1308 absentis
577 1253 661 1326 agat,
691 1253 857 1328 potestque
881 1267 948 1310 esse
972 1247 1093 1308 ricinus

303 1331 472 1409 Parcclrus‚
502 1335 595 1397 Barb.
618 1356 648 1396 a.
673 1339 724 1413 53,
755 1339 845 1415 putat
872 1337 967 1398 etiarn
988 1339 1089 1397 Gastr.

301 1438 333 1500 p.
349 1423 379 1494 a,
395 1439 425 1481 rr.
443 1425 471 1486 2.
488 1441 544 1501 pro
560 1425 701 1484 absentia
715 1425 807 1486 unius
822 1425 870 1486 vel
888 1423 1016 1486 alterius
1031 1423 1091 1484 diei

303 1507 428 1586 larialis,
445 1511 470 1570 si
486 1512 588 1572 nullus
602 1513 642 1574 sit
656 1513 686 1573 in
700 1513 853 1574 Paroclria
867 1514 1019 1588 infirmus,
1030 1530 1092 1572 non

303 1615 370 1657 esse
385 1617 463 1677 opus
477 1601 664 1662 substituere
680 1602 827 1680 aliquem,
842 1602 986 1681 quianon
1003 1600 1095 1660 adest

302 1685 420 1745 morale
448 1686 621 1763 periculum
650 1688 844 1748 necessitatis
867 1687 934 1767 ejus
956 1705 1091 1766 praesen-

302 1772 365 1833 tire.
383 1774 467 1834 Alias
483 1793 593 1834 causas
607 1781 795 1836 excusantes
810 1795 826 1836 a
843 1775 980 1855 petenda
999 1776 1095 1836 licen-

302 1859 357 1937 tia,
374 1861 445 1922 ride
461 1862 544 1940 apud
560 1867 651 1926 Leur.
669 1883 698 1945 q.
716 1867 785 1924 378.

234 1963 272 2010 ru
342 1951 360 2028 fi
378 1953 408 2010 6.
426 1950 457 2011 Si
475 1951 632 2012 parochus
647 1969 835 2027 cunicaosa,
848 1951 903 2011 sed
919 1949 985 2010 sine
1000 1950 1094 2010 licen·
1118 1975 1128 1997 ·

305 2039 358 2116 tia,
385 2043 416 2100 et
439 2040 558 2120 absque
580 2041 695 2101 damno
710 2041 799 2119 gravi
822 2041 928 2100 orium
943 2040 1024 2099 absit
1039 2057 1096 2118 per

302 2127 450 2188 bimestre
478 2133 599 2190 tanturn
628 2127 658 2187 in
687 2147 811 2190 annoa
840 2127 1001 2203 Parachia,
1032 2145 1094 2187 non

303 2219 414 2293 peccat
428 2216 577 2293 graviter,
595 2215 669 2294 quia
684 2216 743 2276 hoc
757 2235 813 2294 per
833 2235 865 2276 se
881 2234 942 2276 non
967 2219 1014 2275 est
1027 2233 1096 2274 ma-

304 2304 397 2380 lum,
427 2303 565 2383 alioquin
594 2303 679 2364 Trid.
709 2322 871 2384 nunquam
899 2304 1096 2382 permitteret

304 2385 398 2452 etiam
414 2409 485 2451 curn
499 2391 624 2452 licentia
638 2389 704 2450 fleri
726 2413 732 2453 :
759 2412 795 2452 ex
812 2412 848 2453 eu
873 2397 990 2468 autern,
1008 2389 1093 2470 qnod

304 2497 364 2538 non
381 2484 505 2556 petatur
519 2478 654 2553 lieentia,
672 2495 733 2538 non
757 2485 802 2540 est
824 2479 958 2540 materia
973 2476 1094 2556 peccati

302 2568 432 2644 grauis:
459 2566 521 2626 irno
544 2567 620 2626 Nar.
646 2567 734 2626 Garz.
753 2569 868 2627 Bonae.
886 2565 980 2626 Bar-b.
997 2564 1095 2625 etalii

303 2657 453 2714 excusant
467 2671 485 2713 n
499 2652 622 2713 mortali
639 2652 663 2712 si
680 2653 804 2715 abesset
818 2655 884 2713 sine
899 2671 1004 2729 carisa,
1022 2651 1096 2731 quia

303 2741 374 2804 talis
397 2740 540 2801 absentia
561 2740 601 2799 ad
622 2738 701 2798 ‹luos
721 2743 842 2801 tanturn
870 2757 993 2800 menses
1022 2757 1096 2799 een-

302 2834 389 2890 setur
416 2828 550 2905 nrodica,
580 2828 645 2888 sire
666 2826 706 2888 sit
728 2828 887 2906 continua,
911 2827 976 2887 sire
1001 2827 1096 2888 intor-

304 2923 408 2996 rupta.

235 3024 286 3068 rte
344 3008 409 3084 57.
438 3003 603 3066 Probabile
625 3010 684 3084 est,
712 3003 797 3084 quud
821 3004 862 3064 ad
886 3004 1096 3066 emanandum

303 3099 424 3156 tantum
449 3111 506 3171 per
527 3092 675 3154 bimestre
695 3103 782 3153 extra
797 3093 1095 3170 parochiam-nunc

304 3201 367 3244 non
395 3182 436 3242 sit
463 3199 542 3260 opus
570 3180 695 3242 licentia
723 3180 891 3259 Episcopi,
923 3180 1095 3241 dummodo

303 3287 399 3332 cause
412 3269 624 3345 subsistat,ita
638 3273 753 3330 Nar-ar.
765 3271 882 3330 Bonae.
899 3275 930 3330 et
944 3269 995 3328 alii
1007 3267 1095 3328 multi

304 3357 390 3435 apud
405 3356 498 3418 Barb.
523 3375 553 3418 u.
579 3360 630 3432 aa,
647 3375 781 3436 quorum
796 3357 983 3418 sententiam
1007 3359 1093 3416 Less.

302 3464 332 3506 a.
350 3448 407 3506 159
422 3449 452 3505 et
467 3447 565 3506 Castr.
581 3463 611 3504 u.
628 3448 658 3520 3,
675 3444 783 3506 dicunt
802 3462 869 3504 esse
885 3444 1093 3523 probabilem,

302 3533 378 3595 lieet
403 3532 577 3611 oppositam
602 3535 730 3594 teneant
757 3550 829 3592 cum
856 3534 951 3611 Vasq.
979 3531 1094 3594 Saueh.

305 3625 384 3702 Reg.
402 3621 568 3684 Garz.Fill.
584 3622 678 3683 Barb.
696 3625 728 3683 et
740 3620 820 3682 eliis.
837 3621 1002 3698 Probatur,
1021 3620 1095 3700 quia

306 3729 366 3772 usu
382 3714 429 3772 est
443 3713 606 3788 receptum
621 3710 645 3788 ¹,
662 3713 697 3771 ut
718 3709 759 3769 ad
774 3709 900 3770 brevem
921 3709 1096 3770 absentiam

305 3815 367 3858 non
383 3801 509 3876 petatur
522 3796 647 3856 licentia
660 3795 816 3875 Episcopi,
833 3812 935 3874 neque
950 3793 1095 3875 Episcopi

303 3887 474 3946 rescientes
496 3883 725 3945 contradicunt.
755 3883 834 3946 vide
857 3885 949 3945 Leur.
980 3901 1008 3964 q.
1026 3885 1094 3944 372.

305 3975 399 4034 Recte
414 3975 520 4032 autem
534 3973 621 4031 notat
640 3973 749 4048 Laym.
766 3989 797 4031 a.
813 3974 843 4045 7,
861 3969 1095 4030 securissimum

303 4078 373 4122 esse
401 4058 540 4140 cujusvis
561 4058 720 4136 Dioeeesis,
747 4057 777 4118 in
809 4076 871 4136 qua
890 4058 959 4139 quis
983 4062 1039 4135 est,
1065 4059 1097 4138 in

305 4149 337 4208 in
367 4148 428 4209 hoc
457 4146 715 4208 consuetudinem
739 4145 856 4225 sequi:
881 4145 1099 4208 universaliter

305 4241 414 4297 autem
438 4239 529 4316 putat
549 4237 690 4313 Castrop.
715 4234 872 4297 licentiam
886 4233 1033 4314 Episcopi
1045 4251 1097 4314 pe·

305 4325 447 4401 tendam,
464 4325 516 4386 ubi
540 4326 587 4385 est
606 4321 735 4384 dubium
751 4322 789 4382 de
801 4321 922 4401 justitia
937 4341 1050 4398 cansa,
1067 4326 1098 4382 et

302 4433 334 4474 u.
360 4417 392 4490 5,
413 4412 502 4474 addit
524 4429 595 4472 curn
620 4414 708 4472 Garz.
735 4409 774 4469 ad
795 4409 969 4471 absentiam
982 4411 1097 4472 bimes-

304 4509 386 4562 trem
405 4501 549 4561 sulficere
574 4496 931 4578 quamlibettronestam
955 4515 1094 4575 cansam,

302 4591 397 4652 etiam
412 4587 639 4649 recreationem
654 4585 686 4644 in
701 4584 871 4646 invisendis
879 4585 998 4662 amicis,
1011 4587 1096 4666 quod

305 4687 411 4740 lamen
428 4695 491 4738 non
508 4675 644 4737 admittit
659 4673 736 4735 Gob.
753 4673 785 4733 r'n
799 4671 884 4754 Eep.
898 4677 961 4752 td,
978 4694 1008 4735 u.
1025 4677 1094 4751 602,

304 4769 368 4830 Lr'r.
400 4767 437 4828 l..
468 4765 492 4826 si
524 4764 564 4826 ud
593 4764 652 4825 boc
679 4762 827 4824 bimestre
864 4761 1093 4841 impendatur:

332 5136 342 5179 1
362 5125 457 5178 Eadem
472 5127 555 5176 tumen
570 5123 648 5174 Sarra
665 5120 832 5186 Conprepatr'u
845 5116 890 5172 boc
903 5135 962 5171 earu
975 5120 1096 5185 proeeerr'·

303 5201 347 5262 cu,
360 5203 386 5249 ut
400 5199 485 5248 videre
499 5200 537 5247 est
552 5196 577 5245 Τ.
594 5201 616 5246 1.
634 5195 719 5246 Fallet.
742 5193 877 5255 Lambert,
897 5208 926 5258 p.
947 5195 999 5243 191.
1019 5194 1094 5243 Rom.

302 5271 371 5320 Edit.
385 5284 413 5333 p.
433 5269 484 5328 rue,
499 5277 580 5319 uuam
598 5265 715 5329 primum
730 5263 763 5312 de
778 5262 908 5323 discessu,
918 5265 945 5312 et
958 5261 991 5311 de
1006 5275 1096 5311 neees-

302 5343 381 5391 sitnte
397 5338 570 5389 ordinarium
590 5335 732 5386 certiorem
751 5333 903 5383 laciendum
927 5345 993 5392 esse,
1009 5335 1039 5382 nt
1062 5332 1095 5381 de

301 5425 384 5461 rausa
408 5421 568 5475 cognoscere
586 5407 678 5472 possit.
698 5407 727 5456 Iu
745 5403 843 5454 curibus
866 5417 962 5470 qaoque
983 5403 1095 5466 repenti·

303 5485 353 5546 arr,
369 5496 402 5532 ea·
408 5483 534 5548 permissu
544 5479 628 5532 Sueroe
638 5476 856 5543 Conprrputr‘ouir,
866 5475 897 5525 de
906 5487 955 5542 quo
963 5475 1096 5540 raynerus

1147 717 1232 779 Trid.
1261 717 1344 778 enirn
1358 715 1483 778 ridetur
1505 715 1665 797 requirere
1689 715 1782 778 alium
1810 729 1938 776 causam

1148 823 1282 884 requam.

1186 895 1213 972 §.
1230 898 1259 956 8.
1278 894 1309 956 Si
1330 893 1491 954 Paroclrus
1511 912 1568 971 per
1582 893 1728 953 bimestre
1753 893 1874 953 tantum
1888 890 1939 950 vel
1966 899 2004 942 tlt

1147 999 1204 1059 per
1218 980 1342 1041 brevius
1358 985 1480 1059 ternpus
1494 981 1584 1053 absit,
1603 999 1664 1041 non
1680 983 1803 1040 tenetur
1817 979 1858 1039 ad
1872 997 1940 1040 res-

1146 1068 1324 1130 titutionem
1348 1069 1482 1130 ullorum
1506 1069 1674 1144 fructuum,
1701 1067 1745 1127 ita
1768 1068 1885 1128 Bonae.
1907 1067 1941 1126 et

1147 1157 1200 1218 alii
1223 1161 1332 1218 contra
1357 1160 1445 1218 Garz.
1470 1160 1559 1219 Ratio
1580 1160 1636 1233 cst,
1655 1155 1728 1236 quia
1750 1174 1812 1216 non
1827 1157 1941 1233 peccat

1147 1246 1303 1324 graviter3
1321 1245 1405 1306 Trid.
1437 1250 1543 1307 autem
1571 1247 1695 1306 ridetur
1723 1248 1845 1306 tanturn
1869 1244 1941 1303 illos

1148 1333 1286 1410 obligare
1301 1333 1342 1394 ad
1357 1334 1582 1396 restitutionem
1605 1334 1774 1410 fructuum,
1792 1332 1843 1412 qui
1866 1349 1942 1410 gra-

1147 1421 1227 1482 viter
1250 1427 1391 1499 peccant,
1418 1427 1449 1482 et
1479 1427 1626 1482 emanent
1649 1421 1731 1483 ultra
1753 1421 1903 1480 bimestre
1931 1438 1938 1480 :

1149 1509 1231 1569 unde
1260 1516 1489 1590 consequenter
1520 1510 1658 1571 inierunt
1694 1513 1808 1570 Navar.
1844 1511 1938 1569 Azor.

1147 1598 1226 1657 Bon.
1244 1597 1342 1660 etalii
1359 1615 1430 1657 enm
1445 1600 1544 1659 Castr.
1562 1617 1667 1676 supra,
1686 1615 1769 1662 eura,
1787 1595 1839 1675 qui
1853 1595 1942 1674 justa

1148 1683 1307 1761 decanea,
1325 1685 1377 1745 sed
1395 1685 1513 1764 absque
1536 1686 1662 1745 licentia
1682 1685 1825 1763 Episcopi
1851 1683 1943 1743 abest

1140 1771 1229 1832 -ultra
1244 1773 1402 1848 bimestre,
1418 1773 1517 1834 teneri
1543 1773 1670 1852 quidem
1689 1773 1866 1848 restituere,
1883 1770 1941 1830 sed

1148 1863 1270 1920 tanturn
1285 1861 1353 1921 illos
1368 1862 1496 1938 fructae,
1515 1861 1567 1940 qui
1588 1863 1778 1940 respondent
1793 1859 1939 1939 tempori,

1149 1947 1232 2024 quod
1248 1949 1370 2009 excedit
1384 1949 1542 2025 bimestre,
1561 1949 1635 2028 quia
1658 1948 1742 2010 l'rid.
1764 1949 1943 2010 absentiam

1148 2035 1282 2095 duorum
1293 2037 1446 2098 mensium
1461 2039 1588 2117 impune
1604 2039 1784 2116 permittere
1799 2037 1938 2113 videtur,

1149 2121 1175 2180 si
1189 2123 1244 2183 liat
1258 2141 1295 2182 ex
1302 2123 1387 2203 justa
1401 2144 1506 2202 cansa,
1523 2125 1547 2185 si
1563 2132 1668 2186 autem
1678 2125 1849 2186 absitnltra
1860 2125 1943 2185 duos

1148 2226 1282 2287 menses,
1291 2213 1422 2291 requirit
1432 2218 1463 2275 et
1473 2213 1590 2295 justam
1601 2231 1727 2274 eausam
1737 2218 1768 2275 et
1782 2212 1941 2274 licentiam

1149 2297 1306 2377 Episcopi.

1188 2387 1249 2464 §b
1267 2389 1298 2449 Si
1317 2389 1476 2450 Perochus
1492 2385 1943 2450 lrabeatduasEcolesiasuni-
1971 2405 1983 2446 r

1149 2477 1207 2548 tas,
1224 2477 1349 2536 terretur
1363 2477 1499 2536 residere.
1523 2477 1554 2538 in
1579 2477 1732 2556 digniori;
1749 2477 1774 2537 si
1790 2495 1851 2538 non
1868 2493 1941 2536 con·

1149 2563 1220 2637 stet,
1242 2577 1311 2639 quse
1335 2562 1375 2625 sit
1398 2563 1533 2642 dignior,
1559 2566 1590 2624 in
1612 2565 1835 2645 ii¹equentiori3
1859 2570 1891 2624 et
1914 2564 1939 2624 si

1150 2666 1213 2708 una
1228 2649 1320 2712 luerit
1335 2655 1433 2728 extra,
1451 2653 1550 2712 altera
1564 2653 1646 2714 intra
1665 2654 1785 2731 urbem,
1802 2653 1940 2714 residere

1150 2735 1244 2797 dehet
1266 2737 1297 2796 in
1322 2757 1370 2815 ea,
1392 2757 1461 2819 quae
1491 2745 1537 2801 est
1559 2741 1641 2801 intra
1664 2741 1786 2818 urbem,
1807 2741 1880 2801 licet
1901 2741 1942 2800 sit

1149 2824 1253 2885 minus
1281 2826 1452 2905 frequens,
1483 2829 1678 2907 providendo
1715 2831 1850 2892 externis
1883 2847 1942 2907 pro

1150 2917 1240 2972 nocte
1264 2912 1302 2973 de
1324 2915 1465 2977 blioistro
1490 2919 1765 2979 sacramentorum
1784 2917 1815 2976 in
1833 2935 1942 2976 neees-

1150 2998 1240 3059 sitate
1272 3003 1444 3062 secundum
1486 3004 1744 3064 consuetudinem
1777 3004 1942 3083 antiquam

1149 3086 1235 3164 luci,
1275 3091 1405 3153 Barbas.
1442 3095 1567 3154 eumd
1607 3103 1635 3153 et
1670 3097 1732 3168 983
1767 3091 1939 3171 Castropal.

1148 3181 1230 3254 part.
1247 3179 1276 3237 ἓ.

1189 3263 1269 3341 §lo
1286 3265 1446 3327 Parochus
1466 3271 1610 3328 censetur
1633 3265 1769 3350 residere
1794 3265 1825 3325 in
1847 3283 1944 3345 paru·
1972 3287 2014 3332 115

1151 3351 1231 3428 chia,
1257 3352 1289 3411 in
1313 3371 1511 3435 quocumque
1533 3356 1602 3416 loco
1617 3355 1701 3415 illins
1716 3359 1940 3432 commoretur,

1149 3460 1179 3501 r.
1197 3443 1323 3520 g.apud
1341 3451 1498 3521 parenteS,
1515 3446 1564 3505 rel
1588 3446 1716 3506 fratrem
1741 3449 1828 3506 extra
1846 3462 1944 3523 paro-

1151 3529 1283 3590 chialem
1299 3531 1427 3591 domum
1445 3553 1451 3593 :
1473 3533 1548 3593 item
1566 3533 1709 3612 quamvis
1725 3532 1876 3593 resideret
1890 3550 1942 3592 ex-

1150 3620 1199 3678 tra
1226 3617 1303 3677 lines
1332 3621 1502 3698 Parcclria,
1524 3623 1579 3683 sed
1606 3640 1716 3700 parurn
1740 3621 1869 3696 distans,
1895 3620 1941 3682 uti

1150 3705 1265 3767 ducent
1280 3707 1400 3768 lliccius
1415 3709 1500 3787 apud
1516 3711 1604 3772 Dian.
1620 3731 1651 3791 p.
1664 3712 1693 3787 3,
1711 3718 1749 3771 tr.
1766 3714 1796 3784 t,
1813 3709 1851 3770 B.
1869 3712 1940 3787 l56,

1150 3793 1181 3853 in
1197 3793 1267 3874 fine,
1284 3813 1356 3854 narn
1372 3798 1456 3876 quod
1473 3815 1584 3877 parum
1610 3799 1714 3873 distat,
1732 3797 1809 3857 nihil
1823 3797 1942 3858 distare

1150 3881 1284 3958 ridetur,
1311 3883 1412 3963 inquit
1435 3887 1551 3946 Itonac.
1569 3885 1594 3946 si
1617 3890 1722 3947 autem
1742 3888 1830 3946 extra
1849 3903 1944 3962 paro-

1151 3969 1254 4030 chiam
1269 3971 1362 4032 distet
1376 3973 1416 4032 ad
1430 3972 1479 4044 bis
1493 3975 1577 4034 mille
1592 3991 1713 4051 passus,
1724 3991 1786 4033 non
1797 3975 1945 4033 censetur

1150 4057 1300 4135 residere,
1320 4059 1395 4121 lieet
1415 4061 1544 4140 singulis
1560 4060 1659 4122 Pestis
1674 4067 1705 4120 et
1718 4059 1888 4121 Dominicis
1900 4059 1943 4118 ad

1151 4164 1222 4207 eam
1245 4149 1410 4209 accederet
1428 4155 1459 4211 et
1473 4155 1627 4228 praterea
1646 4150 1836 4229 relinqueret
1849 4147 1944 4210 Vica·
1998 4223 2005 4230 Ι

1151 4235 1231 4297 rium
1253 4237 1321 4297 luco
1345 4256 1413 4314 suo,
1430 4239 1475 4299 ita
1497 4239 1626 4301 Barbos.
1650 4259 1680 4300 u.
1706 4240 1755 4315 39,
1777 4240 1943 4316 potestque

1150 4323 1248 4385 videri
1268 4325 1345 4387 Gob.
1369 4325 1430 4387 Lit.
1452 4327 1479 4388 I.
1504 4329 1592 4401 Quod
1617 4328 1641 4388 si
1666 4333 1748 4389 esset
1768 4325 1944 4387 intradnes

1149 4413 1320 4494 parochia,
1336 4415 1389 4476 sed
1403 4415 1433 4475 in
1446 4417 1499 4478 tali
1514 4417 1593 4494 lucu,
1606 4417 1646 4476 ad
1658 4434 1750 4494 quem
1758 4411 1943 4494 parochiani

1150 4520 1212 4564 non
1232 4522 1357 4582 semper
1380 4505 1530 4566 accedere
1554 4506 1684 4585 possint,
1706 4524 1737 4566 v.
1756 4523 1788 4583 g.
1814 4502 1844 4562 in
1869 4519 1943 4562 arce

1151 4597 1244 4653 noctu
1270 4593 1386 4670 clausu,
1415 4594 1567 4655 resideret
1590 4593 1728 4673 quidem,
1754 4593 1945 4652 nontamen

1150 4679 1342 4742 sufficienter
1363 4682 1403 4742 ad
1426 4701 1513 4756 usus,
1530 4683 1570 4743 ad
1586 4700 1664 4762 quos
1684 4679 1821 4740 residere
1837 4677 1945 4755 debet,

1150 4788 1264 4849 nempe
1289 4770 1327 4831 ad
1356 4770 1481 4850 proprie
1505 4769 1738 4832 inserviendum
1765 4769 1883 4847 'populu
1913 4769 1946 4829 in

1149 5127 1221 5196 apud
1240 5125 1364 5180 lambert.
1389 5125 1479 5178 ibidem
1498 5139 1528 5192 p.
1554 5127 1607 5190 192,
1627 5141 1675 5192 pro
1698 5123 1820 5178 absentie
1842 5125 1945 5179 modici

1149 5202 1278 5266 temporis
1293 5200 1408 5250 sntlteiet
1422 5201 1530 5250 lieentia
1545 5199 1646 5251 Vicarii
1656 5199 1778 5250 Foranei.

1180 5324 1244 5378 ²bn
1268 5328 1374 5376 utursrr‘t
1394 5325 1422 5375 ld
1447 5327 1520 5375 enirn
1543 5325 1701 5374 adversatur
1722 5323 1831 5372 statutis
1855 5323 1945 5374 srerae

1150 5397 1372 5461 congregationis
1387 5411 1450 5446 ann.
1468 5397 1527 5446 1513
1543 5400 1570 5446 et
1591 5397 1659 5454 16111,
1679 5405 1739 5456 quae
1761 5392 1844 5442 relert
1863 5393 1945 5442 tanr-

1150 5469 1218 5520 bert.
1234 5471 1261 5519 T.
1276 5473 1297 5529 1,
1315 5483 1338 5534 p.
1357 5470 1399 5519 1811
1414 5472 1441 5520 rt
1451 5481 1524 5533 seqq.
1540 5468 1610 5519 llum.
1625 5466 1684 5516 edit.
1700 5479 1725 5531 p.
1742 5467 1784 5517 ttl
1801 5467 1829 5515 et
1838 5476 1911 5528 seqq.
