4086 6348
306 538 365 599 796

339 717 432 782 0444444.
446 718 500 768 243.
518 744 549 754 -
562 715 601 768 td
617 727 678 780 quea
690 715 795 780 4444444
810 716 956 766 444444444
970 714 1045 766 Reli-

306 790 386 854 gioei.

340 857 431 920 Quart.
446 860 553 909 atu·
573 857 614 907 44
638 869 736 920 parone
755 858 883 907 44444444
900 857 982 919 54444,
1001 855 1045 906 vel

305 928 436 980 dominun
450 940 541 978 aervoa
554 940 648 991 cogere
662 926 696 976 ad
709 926 899 1009 ieiunandum.

339 999 501 1061 onustati.
520 996 634 1058 -Quid
650 997 801 1047 notandum
812 997 848 1047 444
861 998 932 1048 44444
948 996 1044 1047 horam

305 1067 488 1118 refectionis
480 1082 510 1118 44
521 1068 636 1132 4444444.

339 1138 432 1201 044444.
450 1137 552 1188 245.-
568 1137 709 1196 Quomodo
724 1137 833 1188 licitum
847 1138 883 1188 444
898 1137 1046 1188 interrum-

303 1221 372 1276 pere
387 1209 532 1272 prandium
547 1208 612 1259 die·
603 1210 713 1272 4444444.

339 1279 675 1342 (144444244-04444144
696 1280 777 1330 444444
790 1277 947 1343 protrahere
964 1291 1046 1344 pran-

308 1349 396 1400 dium.

340 1420 433 1482 (14444.
448 1421 503 1470 248.
520 1419 636 1478 -Quid
652 1419 807 1471 faciendum
822 1420 858 1470 444
873 1419 923 1480 4444,
939 1417 985 1482 qui
1001 1417 1045 1469 die

301 1490 407 1554 4444444
423 1504 502 1540 mane
517 1491 561 1541 rel
575 1494 637 1554 post
651 1491 796 1555 prandium
811 1490 938 1542 comedit.

342 1562 434 1623 Qooeet.
444 1563 498 1612 249.
510 1589 541 1598 -
552 1563 593 1612 44
604 1561 753 1612 satisfaciat
763 1561 825 1626 legi,
839 1563 884 1625 qui
900 1562 986 1626 pridie
1001 1560 1045 1611 vei

310 1633 341 1682 44
359 1633 474 1697 prandio
495 1633 531 1682 ita
552 1633 638 1696 replet
661 1635 793 1694 ventrem,
810 1635 840 1682 ut
864 1646 920 1682 444
945 1632 1046 1682 4444444

309 1701 520 1753 difficultatem'
514 1716 542 1752 m
558 1703 602 1754 die
615 1703 722 1766 4444444.

340 1773 432 1834 044444.
442 1773 498 1822 259.
510 1771 623 1830 -Quid
634 1773 704 1822 44444
719 1777 814 1836 potum
830 1775 857 1822 44
871 1785 912 1822 444
927 1769 1045 1834 liquidae

309 1842 345 1893 444
358 1841 526 1892 addendum

341 1912 432 1974 Quoest.
449 1913 547 1962 254.-
561 1911 633 1969 Quid
649 1912 720 1961 eirea
735 1925 777 1974 oa,
793 1923 854 1975 quae
868 1911 904 1962 ad
917 1909 1045 1962 haustum

309 1982 561 2043 eumuutur31tem
584 1983 655 2032 eirea
679 1981 843 2046 4444444444,
865 1982 993 2032 tabacum
1017 1983 1045 2030 44

311 2051 425 2102 fructae.

344 2123 435 2184 Queat.
451 2124 552 2172 252.-
569 2121 639 2180 Quid
655 2123 727 2173 44444
747 2123 922 2174 collationem
938 2135 1044 2186 uesper·

310 2191 398 2242 tinam
412 2192 449 2241 444
462 2191 630 2242 addendum.

342 2263 433 2325 Quoeet.
457 2263 563 2312 253.-
586 2262 657 2320 Quid
681 2267 811 2327 preterea
834 2261 986 2314 notandum
1010 2263 1045 2312 444

308 2333 383 2383 44444
396 2333 558 2396 parvitatem
574 2333 718 2382 materiei
711 2347 739 2382 44
755 2334 891 2384 carnibus.

341 2405 434 2467 Quoeot.
450 2404 504 2453 254.
521 2430 551 2439 -
569 2404 608 2453 444
631 2403 768 2466 44444444]
789 2403 929 2468 frangatur
945 2402 1045 2467 4444444

310 2474 445 2541 perdione
459 2474 628 2524 comedendo
644 2487 739 2538 pauca.

339 2547 404 2596 Dua.
423 2545 454 2595 44.
470 2545 530 2605 Quo
547 2558 629 2594 444444
646 2548 764 2594 excusent
779 2559 795 2595 4
806 2545 920 2610 jejunio.

342 2616 434 2677 Quoeet.
451 2615 504 2662 255.
516 2639 547 2649 -
559 2614 630 2670 Quid
641 2615 793 2664 notandum
808 2615 843 2664 444
852 2617 923 2664 eirea
934 2613 1045 2677 diepen-

313 2685 449 2735 aationem
465 2682 494 2730 44
506 2683 621 2746 4444444.

348 2755 440 2816 onesi.
456 2755 510 2803 255.
527 2779 555 2791 -
570 2751 611 2802 dn
627 2753 799 2817 (14444444444
811 2755 846 2805 ad
861 2767 955 2805 444444
970 2751 1045 2802 vale-

312 2824 405 2874 tudini
420 2823 578 2885 4444444444,
590 2823 676 2888 444444
690 2823 831 2876 comedere
841 2822 1046 2888 omuiaganeria

237 2951 241 2962 ,
309 2906 415 2946 earnes.

343 2965 434 3026 Queat.
450 2963 546 3012 257.-
556 2961 626 3019 Quid
638 2962 795 3013 addendum
809 2964 845 3013 444
854 2964 925 3014 eirea
939 2964 1047 3026 tempus

310 3033 355 3084 vel
368 3035 487 3092 44444444,
503 3031 532 3080 44
546 3043 600 3094 que
615 3031 718 3095 obliget
733 3033 894 3097 4444444444.

343 3102 435 3165 044444.
450 3101 505 3150 258.
524 3125 554 3137 -
569 3100 640 3158 Quid
656 3101 727 3154 44444
741 3117 875 3168 44444444
899 3104 1048 3156 44444444·

309 3173 435 3306 dutitiam.
451 3242 506 3290 259
521 3265 552 3276 -
566 3239 607 3290 54
621 3245 776 3303 excusetur,
797 3243 844 3305 qui
869 3256 996 3308 magnam
1018 3243 1047 3293 44

307 3311 415 3376 4444444
426 3308 509 3358 444444
522 3306 722 3374 difficultatem,
733 3279 915 3376 reflaturam
925 3311 1046 3362 dormire

311 3381 768 3514 11011451118259.--544444444444
787 3451 877 3515 puella
898 3450 942 3501 vel
965 3450 1046 3501 vidue

311 3522 407 3602 4444444
421 3517 536 3578 445444,
555 3517 578 3568 44
590 3519 697 3582 4444444
714 3521 853 3572 reddenda
868 3523 940 3572 44444
954 3519 1045 3570 defor-

312 3603 436 3722 mglzoest·
451 3658 506 3708 26¹·
521 3681 551 3694 ““

311 3730 441 3779 44444444.

343 3800 436 3862 Queat.
449 3799 503 3850 252.
525 3821 554 3836 -
568 3796 639 3854 Quid
657 3798 814 3851 addendum
829 3800 865 3851 444
878 3801 950 3850 eirea
964 3813 1046 3851 44444-

565 3655 606 3712 54
621 3663 776 3723 excusetur,
791 3657 838 3724 qui
852 3659 970 3710 5454544
990 3659 1045 3710 duo

310 3869 446 3920 nationem
461 3864 642 3930 quorumdum
656 3869 763 3922 4444444
783 3868 942 3922 4454444444
959 3868 1052 3922 offleii.

344 3938 436 4001 Quoeat.
450 3936 505 3986 255.
521 3957 552 3972 -
567 3935 639 3992 Quid
656 3939 807 3990 notandum
824 3940 860 3990 444
875 3939 948 3991 44444
963 3953 1046 3991 exau·

311 4009 447 4061 sationem
460 4005 568 4056 ratione
580 4009 708 4073 coniugii.

343 4079 436 4144 (44444.
462 4075 518 4128 254.
546 4097 578 4113 ··-
605 4077 678 4136 Quid
705 4079 778 4130 44444
814 4080 974 4133 itinerantes
1010 4081 1047 4133 444

311 4149 479 4202 addendum.

343 4221 437 4284 Quoeet.
451 4219 507 4271 255.
522 4247 554 4264 -
567 4220 639 4281 Quid
653 4219 811 4272 addendum
826 4221 862 4272 444
879 4221 951 4274 eirea
967 4233 1048 4274 exeu-

313 4291 449 4343 sationem
462 4291 497 4341 45
512 4295 642 4358 pietatem
656 4291 700 4342 441
712 4293 802 4356 matus
814 4292 929 4346 bouum.

341 4361 436 4496 1(iuuet.
450 4363 506 4414 255.
527 4389 558 4402 -
571 4364 612 4414 An
633 4375 728 4415 omnes
744 4363 871 4416 54444454
885 4365 1048 4416 4444444444

312 4443 330 4482 4
355 4429 458 4496 444444.

345 4501 551 4565 (44444.25“1.-
565 4502 707 4564 Quomodo
721 4504 863 4558 urbanitas
882 4507 1002 4557 4444444.

345 4573 439 4656 Queat.
458 4575 563 4626 2554-
585 4575 658 4632 Quid
682 4573 838 4629 faciendum
852 4577 889 4626 444
905 4587 967 4625 oum
981 4573 1046 4638 41444,

312 4643 361 4707 qui
376 4645 550 4708 pretendunt
574 4658 669 4699 4444444
692 4659 749 4700 nou
771 4645 941 4698 sufficienter
963 4659 1047 4698 exou-

313 4716 415 4768 444444

557 4853 757 4998 irrua-
794 4913 873 5010 uu
974 4917 1002 4959 ³

1062 783 1107 834 458

1069 925 1107 976 45.

1068 1063 1105 1118 45.

1070 1207 1106 1257 45.

1061 1349 1107 1400 499

1067 1490 1105 1540 45.

1062 1701 1107 1759 444

1069 1840 1105 1890 45.

1060 2050 1106 2099 444

1069 2191 1106 2242 iu.

1062 2331 1107 2382 442

1061 2471 1106 2523 tid

1062 2542 1107 2592 441

1062 2681 1108 2732 115

1063 2891 1109 2942 447

1068 3032 1106 3082 45.

1063 3172 1108 3222 445

1071 3378 1108 3431 45.

1063 3590 1109 3640 449

1070 3728 1108 3780 45.

1070 3869 1109 3920 45.

1052 4011 1108 4062 429.

1063 4153 1108 4204 424

1071 4291 1108 4344 45.

1063 4433 1110 4484 422

1071 4503 1109 4555 45.

1071 4713 1109 4768 ib.

353 5122 399 5188 Dr
409 5125 561 5208 proneptis
572 5121 813 5219 particularibus
827 5134 906 5188 44444
920 5122 1070 5190 dominum

590 5205 680 5267 444441
693 5205 832 5287 proprio.

346 5367 413 5426 cari
425 5370 448 5426 ii
460 5369 497 5420 414
509 5371 579 5422 eura
593 5369 728 5436 2444445442

349 5437 414 5496 Dua.
429 5440 451 5498 t.
464 5440 524 5506 Quo
534 5441 568 5492 ait
580 5445 675 5494 44444444
688 5445 771 5494 senae
783 5441 911 5510 1441444444

708 5573 727 5608 Ι.

970 5335 973 5344 ’
1064 5373 1110 5424 444

1064 5444 1110 5495 121

1150 3800 1153 3808 ,
1195 3753 1288 3815 oooeet.
1304 3752 1389 3802 45.-

856 531 978 593 tunitii
1000 527 1140 592 RERUM
1162 526 1407 591 SUMMARIUS.

1195 711 1287 774 Qooert.
1299 713 1322 764 4.
1333 737 1364 750 -
1377 711 1449 772 Quid
1463 714 1593 777 44444444
1608 711 1644 762 414
1658 711 1809 766 notaudum
1823 713 1893 764 44444

1162 792 1292 854 requisita
1306 791 1340 841 ud
1355 790 1537 841 aubetantiem
1551 794 1639 842 444444
1653 790 1792 854 4444444444.
1912 791 1943 844 45.

1193 861 1286 924 Quart.
1295 863 1319 910 2.
1331 885 1362 897 -
1371 860 1423 920 Qui
1438 861 1495 912 4444
1509 859 1620 912 44444444
1634 860 1810 926 professioni·
1823 861 1894 913 Reii·

1161 932 1253 996 444444.

1193 1001 1259 1050 Dua.
1275 1001 1304 1051 u.
1322 1001 1382 1063 Quoe
1395 1002 1561 1067 requirantur
1574 999 1741 1052 4144444444
1758 1001 1894 1068 proferiti>

1162 1064 1202 1113 4444
1216 1063 1358 1127 4441444444.
1910 1064 1940 1118 45.

1193 1133 1284 1196 Queat.
1295 1135 1361 1184 5.-
1373 1135 1414 1184 du
1429 1144 1569 1196 nunquam
1585 1135 1671 1198 444444
1686 1135 1775 1187 emitti
1792 1133 1893 1200 profea-

1161 1205 1202 1255 eio
1229 1207 1292 1254 4444
1319 1207 1426 1255 oetutam
1450 1203 1494 1253 vei
1524 1205 1691 1256 novitiatum
1720 1207 1893 1272 4444444444·

1161 1279 1229 1325 tum.

1193 1347 1285 1408 (444444.
1297 1347 1360 1396 4.-
1371 1343 1441 1405 Quid
1451 1357 1522 1395 44444
1534 1345 1764 1412 interruptionem
1774 1345 1892 1398 444444

1161 1419 1205 1466 444
1219 1416 1255 1466 444
1268 1414 1428 1466 notandum.

1193 1485 1285 1548 044444.
1295 1487 1319 1535 5.
1331 1511 1362 1522 -
1371 1485 1399 1536 si
1410 1483 1472 1548 quia
1485 1483 1611 1536 45441444
1624 1485 1761 1538 novitiatu
1776 1483 1894 1537 dimitta-

1161 1557 1208 1606 444
1221 1559 1248 1605 44
1262 1553 1434 1618 postmodum
1453 1555 1554 1605 iterum
1572 1553 1746 1620 admittatur,
1759 1570 1796 1608 44
1817 1569 1893 1620 repe·

1162 1629 1219 1676 4444
1233 1625 1332 1675 debeat
1346 1625 1520 1676 novitiatum.

1194 1704 1285 1765 04444.
1300 1705 1324 1754 5.
1336 1703 1444 1764 -Quid
1458 1708 1588 1767 praeterea
1603 1707 1638 1756 444
1652 1705 1804 1758 notandum
1819 1705 1890 1756 eirea

1161 1781 1280 1832 valorem
1301 1781 1346 1832 vei
1369 1781 1586 1846 invaliditatem,
1612 1788 1639 1834 44
1666 1784 1892 1835 444444444444444

1161 1851 1345 1916 professionis.
1911 1853 1941 1904 444

1193 1925 1285 1986 04444.
1304 1924 1429 1974 1.-44
1445 1924 1543 1974 544454
1562 1925 1649 1988 444444
1662 1925 1833 1989 Religionem
1849 1937 1894 1989 pe·

1160 1999 1218 2046 tere
1242 1998 1268 2044 44
1291 1993 1411 2059 44494444
1438 1994 1512 2044 44444
1533 1994 1663 2058 virginee,
1689 1995 1714 2046 44
1736 1996 1815 2059 virgo
1841 2007 1895 2045 nou

1161 2067 1206 2118 444.

1193 2137 1285 2198 Quasi.
1295 2134 1320 2185 8.
1330 2161 1361 2172 -
1370 2133 1441 2194 Quid
1455 2133 1604 2185 dicendum
1618 2135 1654 2185 444
1667 2134 1701 2186 de
1716 2135 1774 2195 ilio,
1786 2135 1832 2199 qui
1850 2148 1893 2186 oo-

1160 2206 1199 2269 414
1211 2205 1331 2268 aliquem
1344 2205 1377 2256 ad
1394 2204 1562 2268 Religionem
1580 2205 1624 2254 vei
1643 2205 1679 2256 45
1702 2219 1734 2256 44
1758 2205 1893 2270 impedit;

1163 2278 1228 2326 item
1252 2276 1300 2339 qui
1323 2275 1395 2338 eogit
1417 2275 1452 2326 ud
1475 2276 1689 2327 renuntiandum
1715 2276 1796 2327 54444
1823 2277 1894 2338 ania.

1163 2347 1323 2412 priusquam
1345 2346 1513 2409 ingrediatur
1526 2343 1570 2396 441
1590 2346 1748 2408 exheredat,
1763 2347 1828 2411 quie
1854 2347 1895 2395 iu·

1160 2430 1268 2480 greasuo
1283 2419 1332 2468 eet.

1193 2488 1285 2570 Queat.
1306 2489 1379 2538 9.-
1398 2485 1470 2546 Quid
1491 2486 1643 2538 notandum
1664 2487 1700 2538 444
1717 2489 1790 2539 eirea
1808 2487 1896 2549 411444,

1162 2558 1210 2622 qui
1225 2558 1293 2610 dicit
1305 2570 1334 2609 44
1350 2569 1384 2607 ex
1398 2561 1473 2607 metu
1486 2560 1536 2607 444
1553 2558 1708 2608 reverentie
1722 2557 1818 2609 4444444
1834 2570 1896 2622 pro·

1162 2628 1317 2680 4444444444.
1858 2681 1860 2684 ,
1910 2626 1946 2675 131

1194 2699 1287 2759 Queat.
1299 2700 1337 2748 49.
1349 2721 1380 2732 -
1392 2695 1432 2745 54
1448 2697 1643 2747 5444444444444
1658 2698 1746 2761 possit
1761 2697 1897 2748 novitium

1163 2767 1269 2832 expleta
1284 2765 1447 2830 probatione
1461 2765 1521 2816 4444
1535 2778 1616 2816 eausa
1631 2778 1686 2817 nou
1700 2767 1848 2826 admittere
1860 2765 1894 2816 ud
1908 2800 1911 2809 ·

1163 2837 1369 2901 professionem.
1911 2836 1948 2886 444

1195 2908 1287 2969 Quart.
1307 2908 1397 2957 ti.-
1415 2905 1443 2956 Si
1464 2906 1584 2956 novitiae
1598 2906 1754 2970 egrediatur
1767 2907 1811 2957 444
1825 2906 1899 2958 itati-

1162 2979 1256 3060 444444
1270 2977 1431 3036 dimittatur,
1442 2988 1479 3025 44
1493 2976 1659 3041 (1454444444
1670 2977 1766 3028 Ordiui
1776 2977 1820 3028 ret
1831 2976 1897 3028 ordo

1163 3049 1216 3115 4444
1231 3047 1335 3110 aliquid
1349 3046 1503 3098 refundere.

1163 3121 1259 3246 1884414ιο41
1260 3118 1313 3230 Ι441
1307 3116 1367 3169 .Δά
1378 3117 1442 3183 quid
1454 3119 1568 3170 44444444·
1582 3117 1722 3183 1441444444
1735 3097 1762 3170 ai
1773 3133 1830 3170 auoe
1841 3133 1900 3184 pro·

1194 3253 1287 3317 Queat.
1300 3253 1337 3303 42.
1351 3249 1460 3309 -Quid
1476 3254 1606 3315 preterea
1620 3237 1819 3302 notandumait
1830 3252 1899 3302 44444

1163 3323 1360 3387 obligationem
1386 3320 1525 3384 Religioni,
1549 3324 1581 3372 44
1603 3325 1694 3372 servet
1716 3321 1851 3386 Regulam
1872 3325 1899 3372 et

1163 3393 1258 3446 4444444
1272 3392 1306 3442 ud
1321 3391 1525 3456 perfectionum.
1919 3387 1948 3439 45.

1195 3465 1286 3528 Queat.
1297 3464 1335 3514 45.
1347 3461 1457 3522 -Quid
1467 3461 1618 3513 notandum
1632 3462 1668 3513 444
1684 3462 1756 3513 44444
1771 3461 1896 3514 4444444-

1162 3546 1224 3584 rum
1240 3531 1429 3595 obligatiouea‚
1445 3534 1472 3582 44
1480 3531 1638 3596 priuilegia.
1680 3555 1683 3562 ·
1727 3583 1732 3586 ,
1763 3557 1767 3564 ·
1834 3561 1837 3568 ·
1910 3529 1946 3580 415

1196 3613 1288 3672 Queat.
1299 3612 1384 3661 44.-
1398 3611 1469 3670 Quid
1484 3607 1635 3662 notandum
1647 3610 1684 3661 ait
1697 3611 1770 3660 44444
1787 3609 1898 3670 eleuau-

1163 3695 1223 3734 ram
1237 3679 1410 3732 itouialium.
1458 3695 1461 3700 ·
1602 3695 1606 3704 ·
1689 3697 1692 3704 ⁴

1403 3751 1473 3810 Quid
1490 3749 1643 3806 notandum
1656 3750 1693 3801 rit
1705 3729 1779 3802 44444
1793 3749 1900 3802 damu·

1904 930 1940 984 iti

1912 1277 1942 1329 45.

1907 1417 1943 1467 111

1906 1625 1942 1676 tu

1905 2063 1941 2116 tit

1916 2414 1944 2466 45.

1911 3045 1948 3095 tit

1912 3177 1947 3228 111

1913 3678 1949 3729 iu

1912 3819 2002 3874 ur,

1911 3929 2002 4008 44ιὲ

1918 4097 1948 4151 u

1164 3835 1223 3874 rem
1237 3822 1366 3872 virorum.

1195 3890 1601 3956 ο4444.45.-5414414444444
1619 3890 1727 3942 linitum
1745 3891 1783 3942 eit
1803 3888 1899 3942 audire

1163 3961 1208 4014 vel
1223 3962 1331 4012 trudere
1345 3961 1392 4012 444
1406 3961 1502 4012 Civile.

1195 4031 1616 4105 944444544444114444444444
1633 4031 1760 4097 odtt'petao·
1781 4032 1809 4082 44
1830 4031 1899 4082 uoto·

1163 4117 1288 4240 mguoeet.
1312 4177 1351 4227 tr.
1374 4199 1407 4212 ·-
1427 4153 1572 4235 Quomodo
1596 4173 1697 4238 adquin
1722 4175 1811 4237 444444
1832 4175 1898 4226 auto

1164 4245 1208 4296 rel
1218 4243 1299 4310 poet
1292 4256 1444 4308 4444444444
1452 4241 1755 4308 Religiouiediupouere
1770 4244 1805 4296 de
1819 4243 1938 4296 44544

1164 4316 1288 4447 auam
1299 4385 1379 4438 te.-
1389 4383 1460 4444 Quid
1471 4387 1600 4449 preterea
1611 4361 1765 4442 4444441444
1777 4385 1815 4440 444
1826 4383 1897 4436 dm

1163 4459 1258 4506 votum
1273 4454 1441 4519 paupertati·
1454 4455 1484 4506 44
1498 4453 1644 4518 Religioao.
1703 4493 1707 4500 .
1726 4493 1733 4498 .
1752 4503 1756 4510 ,

1913 4306 1950 4360 dt

1912 4448 1948 4500 451

1150 4569 1153 4578 ,
1195 4525 1288 4587 Queat.
1312 4527 1363 4584 49.
1371 4551 1402 4564 -
1422 4523 1493 4584 Quid
1516 4523 1671 4588 44444444444
1691 4523 1851 4578 notandum
1868 4524 1903 4576 444

1164 4594 1234 4646 eirea
1249 4575 1459 4660 paupertatem
1453 4608 1482 4646 44
1498 4595 1634 4648 societate
1649 4595 1740 4655 42544,
1757 4599 1785 4646 44
1799 4595 1903 4646 Domui

1164 4665 1240 4717 414444
1253 4665 1396 4730 proferena.

1196 4735 1288 4799 Queat.
1304 4737 1344 4786 29.
1360 4761 1390 4773 -
1404 4734 1475 4794 Quid
1497 4734 1569 4786 44444
1590 4737 1688 4789 votum
1712 4737 1852 4790 4444444444
1876 4735 1904 4786 fu

1163 4805 1302 4870 4444444444
1317 4805 1353 4856 444
1366 4809 1498 4870 praeterea
1514 4806 1676 4860 notandum
1693 4843 1708 4854 .·
1736 4843 1748 4852 -«

1199 4877 1292 4939 (iuuet.
1306 4879 1346 4928 24.
1356 4877 1472 4937 -Quid
1486 4878 1558 4928 eirea
1572 4882 1668 4928 votum
1681 4877 1826 4943 retuter-
1836 4879 1904 4930 454·

1164 4945 1277 4999 41444444
1291 4948 1327 4998 444
1340 4948 1470 5012 proterea
1484 4946 1653 4999 addendum.

1177 5017 1289 5082 04444.
1303 5019 1345 5070 22.
1360 5043 1392 5056 -
1405 5017 1475 5078 Quid
1491 5017 1646 5069 notandum
1659 5017 1696 5068 eit
1712 5017 1786 5068 oirea
1803 5020 1904 5069 votum

1164 5099 1221 5140 nou
1239 5087 1403 5153 procurandi
1421 5100 1474 5141 nee
1486 5079 1646 5154 4444444454
1660 5087 1844 5140 Profuturum
1861 5085 1917 5140 rei

1164 5157 1374 5224 (1444444444.

1138 5291 1139 5295 ¹
1196 5230 1290 5293 04444.
1303 5231 1344 5282 25.
1358 5255 1390 5270 ·-
1407 5230 1448 5281 44
1466 5229 1553 5296 potuit
1574 5231 1638 5297 quia
1659 5229 1767 5284 4544144
1789 5243 1809 5282 a
1832 5229 1904 5284 rotie

1917 5153 1951 5208 11

1163 5299 1306 5365 neruum
1323 5300 1507 5365 444444444444.

1197 5370 1289 5434 Queat.
1303 5372 1386 5422 24.-
1355 5371 1470 5434 -Qutd
1485 5371 1638 5424 4444441444
1651 5373 1690 5424 414
1702 5371 1777 5426 44444
1788 5381 1905 5438 exemp
1917 5295 1950 5349 m

1164 5442 1269 5496 tionem
1283 5441 1466 5508 quorumdam
1479 5443 1666 5510 5444444444.
1848 5449 1874 5493 ο
1922 5437 1948 5490 dt
