4086 6348
637 649 639 652 ¹
696 576 747 640 DE
767 573 883 640 nouis
905 573 1167 642 onnalcoaun.
1696 579 1754 642 '125

94 785 217 844 namus,
242 765 462 846 reprobamus,
487 783 658 842 cassamus,
681 763 839 826 irritamus
860 770 892 828 ot
944 762 1130 844 ignorantiae
1154 761 1301 826 excusari
1321 762 1430 843 possit,
1449 761 1601 845 jubemus
1625 763 1756 828 easdem

94 857 305 931 annullamus,
323 871 439 934 eosque
462 854 574 931 nullas,
597 872 713 931 cassos,
730 873 767 914 nc
787 853 890 938 irritos
945 853 986 917 ed
1000 853 1110 915 valvas
1137 851 1286 916 Ecclesiae
1305 852 1528 916 lateranensis
1551 857 1582 916 et
1600 853 1755 935 Principis

97 943 307 1020 decernimus,
324 947 356 1004 et
370 943 577 1019 declaramus
594 942 725 1023 illosque
740 942 804 1004 suis
819 961 894 1004 auo·
947 943 1184 1023 Apostolorum,
1208 942 1542 1005 necnonGanoellariae
1549 943 1751 1024 Apostolicae,

95 1033 218 1096 toribus
232 1037 383 1114 tanquam
397 1031 562 1109 invalidos,
581 1051 697 1106 cassos,
714 1031 830 1110 irritas,
846 1035 894 1094 at·
947 1030 1112 1113 curiaeque
1128 1031 1292 1094 Generalis
1312 1031 1345 1094 in
1364 1031 1468 1094 Monte
1489 1031 1649 1111 citatorio,
1669 1050 1707 1096 ao
1720 1031 1753 1095 in

95 1141 156 1204 que
173 1122 294 1196 inanes,
311 1119 492 1200 viribusque
507 1123 539 1182 et
553 1121 665 1182 ellectu
680 1120 720 1182 ab
735 1119 824 1182 initio
839 1137 895 1182 ua·
947 1120 1023 1185 licie
1038 1121 1147 1202 Gampi
1169 1121 1270 1183 Florae
1288 1120 1327 1184 do
1347 1121 1445 1199 Urbe,
1467 1119 1599 1202 aliisque
1613 1119 1690 1185 lacis
1705 1138 1753 1184 so·

95 1229 171 1274 euos
192 1227 294 1289 neque
312 1207 492 1289 injudicio,
514 1226 616 1290 neque
636 1213 723 1270 extra
741 1209 781 1270 ad
796 1208 894 1269 ullum
947 1205 1014 1273 litis
1029 1215 1060 1274 at
1079 1211 1248 1289 consuetis,
1272 1213 1308 1272 ut
1329 1209 1428 1272 moris
1450 1214 1498 1271 est
1519 1208 1685 1289 publicari,
1702 1226 1754 1272 eo·

94 1301 244 1362 ellectum
266 1296 433 1376 suffragari
455 1297 583 1374 debere,
610 1298 830 1378 neminemque
853 1295 895 1358 ad
948 1315 1081 1380 rumque
1095 1297 1241 1377 exempla
1261 1297 1349 1377 astigi
1367 1318 1374 1360 :
1394 1297 1624 1378 volumusque,
1641 1314 1694 1360 aas
1708 1297 1753 1360 sic

95 1404 208 1450 eorum
223 1384 456 1464 observantiam
468 1384 613 1464 obligari,
625 1387 720 1448 etiam
735 1387 760 1448 si
776 1385 894 1466 pluries
947 1387 1121 1468 publicatas
1136 1404 1247 1449 omues
1264 1388 1298 1448 et
1319 1385 1462 1466 singulos
1480 1385 1611 1470 perinde
1626 1385 1752 1447 atilcere

90 1475 275 1558 juramento
290 1472 404 1536 firmati
427 1478 459 1536 et
479 1475 585 1536 vallati
607 1475 679 1552 sint,
703 1475 758 1538 scd
773 1475 895 1537 nullam
949 1481 980 1538 et
994 1474 1145 1555 obligare,
1163 1493 1202 1538 ac
1222 1475 1246 1537 si
1269 1475 1329 1536 illis
1349 1475 1425 1554 ipsis
1440 1473 1572 1536 luissent
1586 1472 1753 1554 singulari-

92 1563 236 1645 indejus
250 1562 437 1644 cuicunque,
451 1567 505 1624 aut
518 1563 686 1644 actionem,
703 1564 754 1625 vel
768 1564 894 1640 titulum
949 1563 1000 1626 ter
1024 1564 1175 1628 intimata
1205 1585 1212 1625 :
1251 1563 1409 1644 Exemplis
1440 1581 1566 1645 qnoque
1594 1562 1753 1643 praedictis

94 1653 193 1716 etiam
206 1652 380 1714 coloratum
394 1650 586 1731 possidendi,
602 1657 657 1714 aut
670 1651 894 1732 praescribendi
949 1654 1043 1718 etiam
1063 1652 1240 1733 impressis,
1264 1670 1423 1734 manuque
1445 1652 1565 1714 Notarii
1589 1651 1707 1732 publici
1721 1655 1753 1714 et

91 1761 152 1824 per
176 1741 311 1822 quodvis
340 1739 558 1819 longissimum
581 1741 732 1821 temporis
756 1741 895 1820 spatium
949 1743 1058 1823 Sigillo
1082 1741 1209 1804 Praelati
1232 1741 1454 1819 Ecclesiastiai,
1481 1741 1531 1802 vel
1554 1739 1621 1822 ejus
1650 1737 1751 1804 Curiae

92 1830 217 1912 acquiri
233 1847 372 1910 unquam
393 1847 486 1908 posse
507 1831 625 1910 pariter
647 1829 850 1910 precipimus
865 1831 896 1890 et
950 1830 1123 1912 obsignatis
1149 1830 1295 1892 eamdem
1322 1849 1452 1910 prorsus
1475 1829 1571 1892 iidem
1594 1828 1748 1906 adhiberi,

88 1919 252 2002 jubemus,
949 1938 1020 2002 quaa
1039 1919 1115 1998 ipsis
1132 1918 1339 1999 presentibus
1359 1918 1573 1996 adhiberetur,
1594 1917 1619 1978 si
1638 1916 1751 1990 tarent

133 2031 148 2068 ιι
167 2009 380 2070 Decementes
395 2008 522 2070 casdem
535 2011 705 2087 praesentes
723 2008 843 2070 litteras
859 2011 892 2070 et
950 2006 1106 2084 exhibitae,
1123 2006 1172 2070 vel
1191 2011 1334 2071 osmnsae.
1356 2006 1437 2067 Nulli
1452 2024 1527 2086 ergo
1543 2005 1671 2068 omnino
1688 2004 1750 2068 bo-

89 2097 124 2159 in
141 2097 188 2158 eis
204 2097 803 2177 contentequaecnnquenullounquam
817 2097 895 2158 tem·
949 2096 1069 2158 minum
1090 2095 1193 2173 liceat,
1217 2095 1299 2157 hano
1320 2093 1470 2176 paginam
1490 2092 1588 2156 nostri
1610 2092 1747 2170 decreti,

91 2203 171 2265 pore
183 2183 362 2264 impugnari
373 2189 404 2248 et
415 2185 577 2248 retractari
587 2203 690 2264 posse,
702 2186 757 2247 sed
770 2202 896 2264 semper
950 2182 1192 2263 constitutionis,
1208 2183 1439 2261 declarationis,
1452 2181 1686 2260 annullationis,
1703 2181 1750 2243 in·

90 2275 214 2352 firmas,
239 2273 364 2344 validas
385 2277 416 2334 et
440 2274 583 2336 efficaces
606 2273 739 2336 existere
764 2278 796 2336 et
814 2272 891 2351 iore,
949 2271 1146 2349 firmationis,
1163 2270 1395 2352 prohibitionis,
1408 2270 1576 2347 interdicti,
1589 2269 1747 2334 aovolun·

90 2379 232 2442 suosque
251 2360 409 2440 plenarios
430 2366 461 2424 et
481 2363 621 2442 integros
641 2363 770 2424 allectus
790 2361 894 2424 sortiri
948 2361 1021 2422 tatis
1044 2358 1227 2440 intringere,
1253 2359 1303 2421 vet
1328 2359 1356 2421 ci
1379 2376 1459 2421 ausu
1482 2357 1650 2422 temerario
1672 2375 1749 2422 con·

91 2456 124 2512 et
140 2449 295 2525 obtinere,
308 2467 345 2511 ac
355 2450 395 2511 ab
406 2449 550 2512 omnibns
562 2450 744 2531 etsingulis,
756 2450 798 2511 ad
814 2469 892 2532 quos
949 2449 1065 2512 traire:
1081 2447 1114 2510 Si
1135 2447 1205 2530 quis
1224 2453 1330 2509 autem
1349 2447 1410 2510 hoc
1425 2449 1579 2510 attentare
1593 2463 1746 2526 praesum·

89 2541 218 2618 spectat
231 2541 263 2599 et
276 2557 332 2618 pra
348 2544 489 2619 tempore
505 2540 761 2620 quandocunque
776 2544 895 2618 specta·
949 2535 1058 2615 pscrit,
1083 2535 1333 2615 indignationem
1361 2535 1590 2616 omnipotentis
1614 2535 1681 2613 Dei,
1707 2553 1745 2598 ac

89 2628 150 2704 bit,
177 2626 399 2689 inviolabiliter
431 2628 607 2690 observari.
642 2628 756 2708 Sicque
780 2631 811 2690 et
831 2647 894 2689 non
949 2626 1010 2687 BB.
1027 2624 1111 2686 Petri
1122 2629 1154 2688 et
1166 2624 1253 2687 Pauli
1264 2624 1487 2704 Apostolorum
1498 2622 1566 2704 ejus
1575 2642 1609 2686 se
1623 2623 1747 2687 noverit

90 2717 187 2778 aliter
207 2716 239 2776 in
263 2716 432 2795 praemissis
456 2716 602 2779 omnibus
627 2723 659 2779 et
681 2716 813 2798 singulis
838 2735 895 2795 per
949 2711 1161 2776 incursurum.

90 2821 302 2886 quoscunque
320 2804 448 2866 ludices
467 2805 648 2867 Ordinarios
668 2809 699 2866 et
713 2807 892 2884 Delegatoe,
989 2824 1003 2858 u
1023 2803 1137 2866 Datum
1152 2805 1260 2864 llamae
1274 2801 1359 2882 apud
1374 2805 1523 2866 Sanctam
1537 2800 1669 2867 Mariam
1683 2803 1747 2866 Ma·

89 2893 191 2956 etiam
209 2895 383 2955 Causarum
400 2893 512 2956 Palatii
527 2894 697 2973 apostolici
712 2893 892 2976 auditores,
945 2889 1049 2971 jarem
1060 2893 1152 2953 Anno
1163 2891 1389 2955 incarnationis
1400 2890 1570 2952 Dominiaae
1580 2889 1745 2954 millesimo

89 3000 132 3046 ac
146 2981 310 3062 praedictae
325 2982 448 3044 Sanctae
463 2985 612 3043 Romanae
627 2982 774 3044 Ecclesiae
789 2981 894 3044 Cardi—
949 2980 1228 3060 septingentesimo
1244 2979 1487 3062 quadragesimo
1502 2980 1616 3060 primo,
1633 2983 1746 3061 quarto

88 3061 184 3133 nales'
199 3070 294 3132 etiam
309 3071 349 3131 de
362 3073 474 3134 Latere
493 3074 629 3152 Legatos
644 3076 675 3134 et
690 3071 780 3134 Sedis
794 3073 896 3149 Apos-
950 3067 1102 3131 Calendas
1113 3069 1317 3148 Septembris,
1330 3068 1534 3132 Pontificatus
1548 3068 1645 3132 nostri
1655 3069 1745 3132 Anno

89 3161 196 3224 tolicae
211 3159 349 3238 praelatae
360 3161 501 3236 Nuntios
519 3160 636 3222 aliosve
648 3158 805 3241 quoslibet
820 3177 895 3239 qaa-
949 3156 1099 3240 secqndo.
1117 3179 1131 3216 ιι
1712 3217 1716 3226 ,

90 3264 222 3326 cunque
243 3247 481 3324 praeeminentia
501 3251 532 3308 et
552 3251 707 3327 potestate
729 3247 894 3325 fungentes
987 3246 1058 3324 §a
1084 3244 1240 3309 Alienatio
1269 3244 1315 3306 rei
1342 3244 1568 3308 Ecclesiastiaae
1590 3243 1677 3308 licita
1700 3247 1746 3310 est
1772 3261 1828 3310 tete

91 3337 128 3396 et
150 3333 326 3410 iuncturos,
354 3333 480 3396 sublata
506 3333 550 3395 eis
578 3340 610 3395 et
633 3353 743 3396 earum
767 3333 895 3396 cuilibet
949 3351 1021 3396 oum
1036 3352 1132 3396 cause
1147 3340 1179 3396 et
1197 3333 1329 3396 servatis
1344 3332 1606 3412 solemnitatibus,
1623 3333 1745 3396 etiamsi

90 3421 208 3506 quavis
220 3423 312 3484 aliter
325 3421 490 3503 judicandi
506 3427 537 3484 et
554 3421 781 3502 interpretandi
797 3423 895 3484 lacul-
949 3422 1070 3485 donans
1108 3422 1281 3485 addidisset
1317 3441 1380 3486 non
1416 3421 1628 3499 menendum,
1670 3423 1745 3504 quia

89 3515 158 3574 tate
168 3511 402 3588 etauctoritate,
409 3509 544 3591 judicari
553 3516 585 3572 et
593 3511 714 3572 deliniri
724 3510 849 3584 debera
857 3529 894 3570 ao
949 3511 1143 3591 intelligitur,
1159 3511 1226 3573 sine
1248 3529 1344 3573 cause
1365 3515 1397 3574 et
1416 3509 1512 3572 modo
1532 3509 1683 3590 indebito,
1700 3509 1744 3575 uti

89 3600 219 3663 irritum
231 3603 263 3662 et
276 3599 381 3677 inane,
393 3601 419 3661 si
433 3618 523 3662 secus
539 3619 634 3680 super
644 3599 691 3660 his
706 3617 895 3679 equaquam
949 3615 1021 3661 curn
1035 3600 1103 3661 aliis
1118 3599 1321 3680 probabiliter
1337 3603 1423 3662 tenet
1442 3599 1592 3676 Delbene,
1612 3598 1675 3663 dec.
1692 3603 1741 3664 ll.

91 3687 210 3770 quavis
237 3688 424 3750 auctoritate
458 3688 604 3766 scienter,
635 3689 686 3748 vel
713 3687 895 3766 ignoranter
949 3689 1050 3750 Causa
1064 3695 1169 3750 autem
1184 3692 1233 3751 est
1249 3687 1317 3752 sole
1331 3688 1460 3751 evidens
1474 3686 1621 3751 Ecclesia
1636 3705 1746 3752 neces-

88 3777 263 3858 contigerit
277 3775 435 3839 attentari.
463 3779 531 3838 Non
552 3775 752 3839 obstantibus
766 3775 895 3856 quibus·
949 3776 1024 3838 sitas
1045 3777 1095 3838 vel
1117 3776 1245 3854 utilitas,
1269 3777 1459 3858 quandoque
1483 3775 1578 3838 etiam
1598 3781 1743 3857 respectu

89 3885 221 3947 cunque
237 3865 419 3946 privilegiis,
437 3865 576 3944 indultis,
594 3864 849 3928 concessionibus
864 3867 895 3926 et
948 3868 1042 3945 Papae
1062 3883 1179 3945 magna
1200 3865 1430 3943 convenientia,
1452 3863 1493 3928 ob
1515 3881 1611 3946 quem
1625 3883 1744 3945 praesu·

89 3954 204 4036 gratiis
214 3954 403 4034 apostolicis
413 3957 479 4016 tam
488 3954 699 4034 generalibus,
713 3972 809 4034 quam
824 3971 894 4032 par-
948 3953 1045 4016 mitur
1070 3954 1169 4030 illum,
1195 3954 1248 4035 qui
1273 3953 1361 4016 dedit
1383 3952 1542 4031 Ecclesiae,
1568 3971 1631 4016 non
1652 3972 1743 4034 posse

89 4043 279 4106 ticulmibus
302 4042 508 4123 quantumvis
530 4041 658 4121 speciali
683 4041 840 4103 mentione
864 4044 896 4103 ct
948 4061 1017 4106 asse
1032 4042 1259 4106 rationabiliter
1279 4040 1431 4115 invitum
1454 4041 1543 4104 Delb.
1568 4041 1668 4106 aaa.
1686 4043 1744 4106 Sa-

93 4135 172 4194 nota
207 4131 310 4212 dignis
347 4131 587 4212 quibuscunque
622 4129 891 4210 archiepiscopis,
947 4131 1125 4194 lemnitates
1146 4135 1220 4194 sunt
1241 4130 1378 4212 quinque
1395 4150 1402 4190 ε
1421 4133 1449 4193 l.
1467 4131 1648 4194 Communis
1668 4149 1743 4194 con·

92 4220 259 4300 Episcopis
277 4224 310 4281 et
322 4219 391 4281 aliis
413 4219 629 4297 superioribus
642 4223 674 4280 et
693 4218 893 4280 inferioribus
948 4220 1085 4298 saltatio,
1098 4238 1137 4282 en
1153 4219 1196 4282 ita
1207 4219 1343 4298 postulet
1357 4217 1536 4296 necessitas,
1548 4219 1600 4280 vel
1613 4217 1740 4296 utilitas,

92 4308 308 4372 Ecclesiarnm
322 4307 462 4370 Praelatis
478 4308 573 4369 etiarn
586 4309 618 4369 S.
638 4310 674 4370 a.
691 4310 727 4370 E.
746 4307 893 4370 tlardina-
947 4313 977 4371 2.
995 4311 1170 4371 Consensus
1185 4308 1330 4388 Capituli,
1346 4309 1396 4370 vel
1411 4308 1502 4371 Glari.
1520 4311 1549 4371 3.
1567 4310 1743 4371 Consensus

89 4397 189 4473 libus,
209 4415 246 4458 ao
261 4413 371 4458 aarum
389 4399 420 4457 et
438 4396 551 4457 nostris
566 4395 774 4458 familiaribus
794 4394 894 4458 canti·
947 4395 1105 4476 Episcopi,
1118 4395 1169 4458 rel
1180 4395 1356 4474 Superioris
1368 4394 1542 4475 Regularis.
1555 4397 1739 4461 PutatPies.

90 4485 166 4548 nais
181 4485 457 4561 commensalibus,
482 4501 604 4545 necnon
620 4483 795 4546 litterarum
810 4485 892 4563 Apo·
947 4504 966 4547 a
985 4505 1015 4547 n.
1036 4489 1084 4562 tl,
1108 4484 1203 4548 etiam
1219 4483 1338 4566 requiri
1352 4501 1541 4547 eonsensum
1560 4484 1699 4564 Patroni,
1714 4485 1741 4547 si

90 4573 279 4636 stolicarnm
293 4572 515 4652 scriptoribus,
530 4571 821 4650 AbbreviatoribuS,
834 4591 892 4634 cse-
947 4575 1123 4637 alienentur
1143 4575 1228 4637 bona
1249 4574 1409 4651 Ecclesia,
1434 4574 1484 4636 rel
1506 4573 1653 4638 Beneilcii
1684 4593 1742 4656 ps·

90 4662 234 4742 terisque
249 4664 398 4724 llamanae
416 4661 516 4723 Curiae
530 4660 723 4723 officialibus
738 4661 892 4723 concessis
946 4663 1078 4739 tranati;
1095 4663 1150 4726 scd
1169 4663 1388 4726 contradicunt
1403 4662 1454 4726 alii
1469 4680 1541 4725 cum
1557 4665 1668 4744 haym.
1683 4681 1742 4744 po·

91 4755 128 4814 et
142 4751 351 4828 confirmatis,
373 4749 556 4830 caeterisque
577 4749 744 4812 contrariis
764 4750 893 4831 quibus-
946 4756 1068 4834 testque
1083 4753 1182 4816 videri
1205 4753 1300 4816 etiam
1321 4753 1405 4814 Pirh.
1430 4770 1498 4814 an.
1521 4755 1571 4815 til.
1594 4757 1625 4816 t.
1643 4753 1741 4816 Subs-

94 4857 234 4919 aunque.
946 4841 1057 4922 criptio
1071 4840 1344 4918 consentientium,
1360 4859 1417 4920 pro
1433 4840 1559 4902 ossibus
1572 4859 1592 4902 a
1601 4839 1673 4922 jure
1688 4859 1739 4904 ox·

136 4950 152 4987 a
172 4929 213 4992 Ut
226 4929 333 4990 entem
343 4925 464 4990 facilius
473 4930 644 5007 praesentes
652 4924 777 4990 Littera
791 4927 892 4991 omni·
945 4930 1071 5009 pressis.
1088 4933 1117 4992 5.
1135 4931 1311 4994 consensus
1330 4933 1436 5010 Papae,
1454 4929 1520 4990 sive
1534 4928 1666 4991 facultas
1681 4933 1739 4995 Sa·

90 5015 157 5078 bus
184 5015 381 5079 innotescant
409 5019 441 5077 et
469 5032 561 5077 nemo
591 5018 743 5095 praetextu
767 5013 891 5078 illerum
946 5017 1279 5098 aroeGangregationis
1299 5017 1335 5079 ¹:
1356 5020 1395 5080 Et
1413 5016 1453 5077 de
1472 5015 1521 5078 his
1535 5015 1680 5079 omnibus
1695 5016 1738 5078 vi-

128 5207 140 5255 l
159 5205 226 5255 Nota
247 5206 341 5264 cutm,
364 5207 471 5254 Sacram
495 5202 721 5267 concrepationem
746 5202 772 5251 in
796 5217 826 5251 eu
839 5217 891 5252 esse
944 5206 977 5254 att
990 5204 1191 5266 concedendam
1208 5205 1258 5254 nisi
1270 5207 1353 5254 tuanen
1371 5201 1439 5252 dicta
1452 5202 1538 5268 majar
1551 5201 1642 5254 ablatio
1656 5203 1737 5268 suerit

91 5275 228 5336 sententia,
243 5275 312 5340 qnod
328 5276 469 5324 contractus
488 5274 648 5324 alienationis
661 5275 789 5324 Bonorum
801 5273 890 5326 Ecate-
944 5276 980 5326 act
991 5275 1175 5325 emulationem
1191 5277 1270 5340 sucta,
1281 5278 1326 5324 aret
1335 5274 1434 5338 premas
1444 5272 1540 5323 oblator
1553 5273 1666 5322 eantdm
1680 5288 1736 5323 mo-

91 5347 141 5396 sr'oe
151 5359 203 5410 pro
214 5345 327 5409 perfecto
344 5359 394 5393 non
414 5343 543 5406 habeatnr,
566 5345 643 5394 donec
657 5345 825 5408 Apostolicam
842 5345 891 5394 Be·
939 5348 1025 5411 jarem
1039 5361 1164 5396 summam
1184 5345 1215 5395 ab
1229 5346 1279 5395 atio
1294 5347 1381 5408 postea
1395 5343 1503 5392 obtutam
1524 5342 1620 5392 solvere
1630 5347 1739 5408 paratas

92 5417 246 5480 neptacitam
264 5430 313 5466 non
326 5417 406 5479 lbera
420 5415 545 5466 attentam
561 5430 569 5464 :
591 5415 702 5481 quandin
716 5429 774 5464 aera
789 5415 830 5463 itte
844 5415 890 5463 im·
942 5419 983 5466 sit.
1000 5416 1231 5468 Constantiacas
1247 5415 1453 5476 Resolatiam'tas,
1470 5429 1525 5480 qna
1543 5415 1568 5463 in
1583 5415 1738 5465 Florentino

89 5489 223 5556 perfectae
235 5490 281 5550 est,
301 5502 390 5538 aonam
405 5488 530 5554 majorem
544 5486 693 5538 oblationem
706 5487 889 5538 admittendam
943 5489 1134 5552 Empliyleusis
1144 5490 1158 5537 5
1170 5489 1258 5539 Martii
1268 5489 1326 5538 1735
1343 5488 1454 5536 citantur·
1468 5489 1495 5537 T.
1507 5489 1539 5547 l,
1557 5485 1634 5538 Thes.
1649 5485 1735 5539 Resol.

91 5573 158 5621 esee,
173 5559 210 5608 ita
223 5561 250 5608 nt
263 5558 352 5622 sonore
365 5557 442 5620 illias,
461 5573 504 5625 qm
522 5559 590 5608 intra
604 5559 739 5608 tantinum
754 5557 778 5606 in
794 5555 890 5608 Edicte's
941 5575 967 5625 p.
983 5559 1012 5609 32
1027 5561 1051 5611 et
1065 5573 1096 5609 ea
1110 5560 1165 5626 ipsa
1179 5557 1333 5609 Florentius
1347 5555 1447 5610 itidem

90 5630 254 5699 praefinitam
273 5631 399 5696 maiorem
414 5643 539 5682 rammam
557 5628 682 5694 obtudat,
703 5627 889 5698 beneplacitam
