4056 6344
565 597 617 667 ΒΕ
640 599 857 670 enumeris
878 597 1202 672 MCbEEldtS'llClS.
1644 603 1711 664 628.

72 787 182 866 tunae,
195 787 264 870 jara
278 791 368 850 extra
379 787 548 851 Dimcesim
561 791 759 872 transegerit
785 796 856 855 tsn-
911 791 1145 871 compilatione,
1163 783 1547 871 Apostolice'auatorlbta
1560 787 1637 869 ipsis
1650 788 1705 850 de-

74 883 133 940 tam
150 876 298 956 temporis
319 877 382 956 ipsi
404 877 615 958 indulgeatur,
642 885 795 961 quantum
815 881 856 942 ad
909 881 1028 960 legata;
1060 897 1188 942 necesse
1207 883 1255 942 est
1272 877 1392 959 aliquid
1417 897 1436 940 a
1457 878 1556 940 Nobis
1580 897 1637 958 pro
1656 876 1722 939 bie*

74 963 310 1027 conflrmarrdam
323 965 421 1044 ipsius
435 967 648 1028 valetudinem
665 987 736 1030 vere
751 987 856 1030 ncces·
910 969 1143 1032 etiamcasibns
1159 972 1337 1048 opportune
1357 965 1517 1030 constitui.

72 1053 177 1114 smum
193 1071 263 1114 essa
277 1055 450 1132 prudenter
458 1055 664 1136 judicabitur.
949 1079 964 1115 a
986 1057 1203 1136 Expedinntnr
1220 1075 1241 1118 a
1259 1056 1510 1136 congregatione
1535 1057 1708 1122 Sacrorum

107 1165 120 1201 a
144 1141 199 1214 Oui
214 1143 344 1204 tandem
362 1143 522 1206 licentiam
536 1147 754 1207 commorandi
769 1150 857 1208 extra
911 1146 1037 1207 ltltnum
1049 1144 1184 1223 Litterae,
1201 1163 1280 1226 quas
1295 1149 1410 1206 vacent
1422 1143 1660 1206 Remissoriales
1674 1149 1707 1205 at

73 1229 222 1292 doceam
257 1233 427 1311 postulabit
462 1239 593 1314 propter
626 1233 856 1314 malignitatem
910 1233 1171 1313 compulsoriales
1186 1234 1299 1315 quibus
1314 1233 1518 1310 commititur,
1544 1238 1705 1312 utsupra-

73 1317 155 1395 arris,
170 1336 265 1397 quem
279 1319 312 1379 in
326 1338 385 1380 sua
402 1321 535 1382 Dioeccsl
558 1320 665 1401 aliquo
689 1322 761 1383 anni
778 1328 858 1384 tern-
911 1323 984 1386 dicti
1005 1325 1172 1384 Processus
1186 1319 1374 1384 anctoritate
1384 1320 1566 1399 Apostolica
1580 1320 1706 1382 contici-

73 1425 140 1488 pore
153 1408 344 1469 insalubrem
354 1427 421 1470 esse
435 1408 586 1482 affirmet;
603 1411 631 1470 is
642 1411 748 1474 videat
762 1412 857 1474 etiam
911 1414 1020 1488 entur,
1037 1429 1145 1490 caeque
1166 1410 1346 1488 diriguntur
1358 1408 1460 1471 tribus
1474 1408 1637 1488 Episcopis
1652 1411 1708 1469 aut

73 1501 157 1576 etque
172 1496 267 1557 etiam
291 1498 367 1576 quid
388 1502 479 1578 agat;
496 1499 535 1560 Et
549 1497 677 1578 quidem
696 1517 754 1578 pro
774 1499 858 1560 vari·-
912 1499 1131 1578 Superioribus
1141 1497 1291 1573 praelatis,
1305 1514 1377 1557 cum
1390 1496 1541 1574 clausule,
1555 1501 1590 1558 ut
1602 1493 1709 1557 duocd

73 1589 128 1647 tate
142 1589 294 1664 exponat,
311 1586 424 1666 qulbus
439 1585 512 1646 anni
528 1587 688 1648 mensibus
704 1586 858 1666 pernicio-

72 1671 171 1732 suasit
185 1673 412 1750 llsgionisacr;
429 1675 507 1735 ltem
517 1692 558 1735 an
571 1674 681 1736 eadorn
693 1676 765 1737 Coeli
781 1680 857 1738 tern-

73 1757 166 1836 psriea
183 1763 282 1822 totam
303 1760 549 1840 comprehendat
563 1761 740 1841 Dloecesim,
763 1763 807 1825 ita
824 1767 858 1825 ut

74 1846 258 1910 nullusintra
272 1849 342 1930 ejus
352 1854 489 1912 tractum
504 1852 590 1913 locus
606 1851 727 1928 existat,
748 1852 779 1912 in
795 1871 856 1932 quo

73 1941 241 2016 suspectum
266 1939 341 2000 illud
355 1945 479 2019 tempus
503 1941 624 2021 absque
637 1942 747 2002 salutis
761 1941 857 2003 detri-

73 2029 169 2086 mento
182 2027 357 2107 transigere
371 2029 489 2102 valeet3
506 2033 676 2107 postremo,
693 2047 731 2090 nn
747 2029 858 2091 (lonci-

72 2111 196 2174 lienibus
205 2115 366 2178 Mensibus
382 2134 457 2176 usus
470 2116 575 2178 luerit.
593 2116 717 2178 Etenim
733 2116 757 2177 si
780 2133 858 2178 non·

74 2199 142 2261 dum
163 2220 216 2264 eos
234 2203 294 2266 sibi
316 2203 494 2284 sumpserit,
521 2222 583 2267 non
603 2223 687 2285 aegre
706 2205 859 2268 obtinebit

74 2287 222 2354 lodultum
236 2293 401 2354 abassemli
417 2311 475 2373 per
488 2299 625 2373 quatuor
633 2311 756 2355 menses
771 2293 857 2374 (qua-

74 2381 156 2438 tenus
174 2380 350 2457 periculum
363 2381 405 2442 ab
426 2399 499 2443 aare
522 2381 630 2444 tandiu
655 2382 770 2444 durare
785 2400 858 2442 cen-

75 2466 181 2544 seatur)
191 2467 222 2526 iu
233 2469 349 2548 quibus
362 2474 468 2531 umen
481 2469 596 2531 tresilli
609 2487 628 2530 a
641 2470 778 2534 Concilio
790 2489 857 2548 per·

74 2553 152 2614 missi
173 2556 360 2618 numerandi
375 2561 491 2618 erunt:
510 2557 543 2619 Si
559 2562 664 2618 antem
680 2556 858 2638 hujusmodi

75 2639 193 2704 concilii
215 2643 416 2724 indulgentia
435 2645 502 2726 jam
526 2665 603 2708 usus
620 2646 727 2720 luerit,
743 2645 859 2707 frustra

76 2744 182 2789 norum
196 2731 355 2794 ludultum
370 2734 520 2811 praedicta
542 2733 582 2794 da
596 2751 691 2796 causa
704 2733 744 2795 ab
759 2736 859 2812 Apos-

76 2815 157 2878 tolica
169 2818 251 2880 Sede
261 2819 446 2898 postulabit;
463 2821 585 2899 sibique
599 2821 752 2900 imputare
764 2821 859 2882 debe·

75 2901 131 2982 bit,
147 2909 229 2986 quod
246 2925 344 2988 quum
363 2909 459 2970 sciret
475 2915 559 2972 certo
583 2910 656 2972 enni
670 2916 811 2990 tempore
826 2911 858 2971 in

76 3009 126 3053 sun
136 2995 268 3058 bimcesi
283 3014 389 3059 aeram
399 2998 589 3060 insalubrem
603 2999 680 3075 fore,
695 3017 859 3062 concessos

75 3083 238 3146 omaticnls
252 3103 376 3147 menses
390 3087 423 3148 in
441 3093 568 3165 tempus
583 3086 659 3148 illud
678 3104 740 3147 non
759 3105 861 3148 reser-

75 3173 195 3234 vaverit.
212 3174 250 3235 ln
263 3175 408 3236 omnibus
422 3178 527 3236 antem
541 3173 692 3236 absentiae
706 3174 856 3252 lndultis,

77 3261 272 3336 quaeratione
287 3263 369 3324 aeris
383 3262 549 3324 insalubris
564 3262 595 3324 in
611 3269 771 3341 posterum
784 3281 860 3326 con-

76 3347 237 3429 cedentur,
268 3351 350 3413 banc
370 3351 541 3412 clausulam
563 3350 656 3431 adjici
680 3351 824 3414 volumus
849 3372 856 3414 :

75 3429 228 3498 Dmrmodc
243 3436 324 3498 brba
343 3437 492 3498 Dioecesr'm
505 3437 612 3519 aliquia
635 3437 714 3498 lorus
727 3457 784 3499 coa
806 3438 861 3500 cd-

75 3521 123 3599 rit,
138 3524 167 3584 ia
186 3544 245 3607 quo
258 3545 310 3588 cer
321 3525 450 3588 salubris
468 3525 517 3601 sit,
533 3534 560 3586 et
580 3526 613 3586 in
630 3545 688 3608 quo
701 3527 862 3608 Episcopus

76 3614 244 3676 camerari
254 3615 355 3696 possit.

110 3721 124 3758 a
141 3702 221 3765 Sane
236 3702 787 3767 PraedictusUrbanusPradeceesor
797 3723 860 3766 non

76 3791 268 3865 pretermisit
288 3809 399 3854 eorum
414 3791 597 3856 Antistitum
613 3809 743 3853 cansam
758 3793 861 3854 consi-

77 3873 191 3956 derare,
211 3878 267 3960 qni
282 3879 529 3942 provincialibus
542 3878 699 3956 conciliis,
716 3880 766 3940 vel
780 3881 862 3942 Gon-

77 3967 313 4045 srogntionibns,
329 3986 384 4030 seu
399 3967 587 4031 Assembleis
600 3967 811 4048 generalibus,
828 3968 861 4030 in

78 4053 184 4130 quibas
203 4057 413 4118 Ecclesiastici
428 4056 616 4118 intervenire
628 4056 739 4133 solent,
754 4073 862 4134 perso·

78 4141 180 4204 naliter
193 4143 356 4221 interesse,
372 4145 438 4206 sive
458 4143 490 4206 in
505 4145 585 4206 alliis
597 4143 792 4221 muneribus,
807 4148 862 4206 ant

78 4228 259 4310 llsipnblica
273 4232 394 4311 officiis,
411 4250 482 4312 quae
501 4233 642 4312 ipsorum
662 4231 862 4311 Episcopati-

78 4313 131 4378 bas
155 4319 364 4402 Ecclesiisque
386 4320 535 4404 adjuncta
558 4325 653 4397 sunt,
675 4319 717 4382 ad
740 4326 862 4384 certum

78 4409 192 4486 tempus
212 4413 303 4472 extra
325 4409 491 4472 Dioecesim
515 4407 662 4488 occupari
686 4409 798 4486 solent,
824 4427 862 4471 ee

79 4490 207 4572 debant3
223 4501 256 4558 ct
268 4495 318 4558 bie
331 4496 461 4577 quidem
481 4497 514 4558 in
528 4495 689 4576 praecitato
706 4497 863 4560 Constitu·

78 4579 156 4646 ione
167 4585 326 4648 licentiam
335 4585 500 4648 abessendi
509 4585 662 4648 concessit
670 4603 727 4664 pro
738 4603 774 4647 eo
785 4585 864 4648 dell-

79 4669 138 4732 nito
150 4675 302 4754 tempore,
318 4693 379 4755 qno
394 4673 547 4756 ejusmodi
563 4673 711 4750 Concilia,
728 4675 864 4754 Congre-

79 4758 224 4840 patioues,
244 4768 276 4824 et
296 4764 488 4827 Assembleoe
509 4766 717 4843 peragentur,
744 4763 863 4824 exerci-

79 4843 213 4930 tiumque
237 4851 377 4914 muneris
404 4870 460 4912 sen
493 4851 588 4912 officii
611 4850 728 4930 publici
754 4869 864 4912 eorum

80 4932 217 5000 Ecclesiis
231 4938 381 5019 adjuncti,
398 4944 472 5001 actu
495 4938 673 5013 duraverit3
690 4939 862 5001 dummodo

911 1589 1010 1650 minus
1025 1586 1198 1668 procedant.
1216 1589 1357 1664 Cumque
1372 1585 1403 1646 in
1418 1583 1598 1664 hujusmodi
1614 1585 1707 1664 Epis..

911 1693 1062 1753 ceperum
1077 1693 1206 1736 numero
1228 1691 1353 1760 semper
1375 1673 1555 1734 includatur
1569 1673 1707 1736 Ordine·

911 1764 976 1824 rius
1000 1762 1071 1840 loci,
1096 1762 1127 1822 in
1144 1780 1205 1842 quc
1227 1763 1396 1828 Processus
1409 1761 1611 1838 construitur,
1638 1761 1706 1822 fere

911 1847 1073 1928 contingit,
1091 1868 1107 1910 e
1123 1851 1233 1926 tribus,
1256 1847 1298 1908 ad
1319 1865 1399 1928 quos
1412 1847 1548 1923 Litterae,
1574 1851 1649 1910 sunt
1663 1847 1708 1909 di-

911 1942 1015 2012 rectae,
1040 1953 1137 1996 unum
1160 1935 1313 1997 duntaxat
1335 1952 1354 1994 a
1379 1932 1552 1994 residentia
1566 1934 1707 1995 avocari,

911 2024 970 2088 Ubi
993 2022 1099 2102 itaque
1114 2021 1228 2102 aliquis
1253 2021 1425 2100 Episcopus
1438 2020 1587 2083 'titularis
1605 2021 1709 2082 Eccle-

912 2113 965 2174 sia
980 2111 1012 2170 in
1036 2110 1181 2190 partibus
1200 2108 1376 2171 lniideliom
1402 2109 1576 2170 constitutae
1600 2108 1712 2172 haberi

912 2199 1020 2280 possit,
1043 2200 1187 2260 volumus
1206 2217 1278 2258 eum
1302 2197 1333 2257 in
1351 2197 1489 2278 praelatis
1513 2197 1636 2259 litteris
1651 2214 1714 2276 pro.

911 2306 974 2351 uno
996 2307 1034 2350 ex
1055 2289 1155 2350 tribus
1175 2287 1338 2366 Episcopis
1354 2285 1590 2365 comprehendi
1617 2285 1709 2358 Quod

912 2377 937 2438 si
956 2379 1020 2437 tres
1043 2377 1169 2437 omnino
1185 2375 1351 2438 antistites
1366 2374 1398 2435 in
1412 2373 1551 2454 propriis
1562 2374 1714 2439 Ecclesiis

912 2463 1084 2526 residentes
1110 2465 1152 2525 ad
1181 2463 1363 2544 hujusmodi
1392 2465 1541 2529 effectum
1569 2462 1713 2543 delegari·

912 2557 1065 2632 oporteat,
1082 2552 1249 2616 statuimus
1263 2556 1359 2632 atque
1373 2551 1585 2630 precipimus,
1598 2556 1633 2614 ut
1648 2552 1711 2614 bit

912 2649 987 2704 tsrae
1021 2661 1040 2702 a
1066 2642 1216 2720 praedicta
1248 2641 1500 2722 Congregetione
1529 2639 1711 2720 dirigantur

912 2732 1074 2812 Episcopis
1088 2733 1141 2812 qui
1157 2731 1323 2793 viciniores
1345 2737 1419 2792 sunt
1432 2729 1579 2806 llioecesi,
1597 2730 1628 2790 in
1647 2749 1711 2811 qus

913 2821 1108 2900 Apostollcus
1123 2824 1289 2882 Processus
1305 2819 1517 2881 condolendus
1528 2819 1596 2880 erit.
1621 2821 1710 2891 Ouo-

913 2911 997 2972 niam
1010 2929 1085 2972 vero
1101 2912 1217 2972 nonde
1233 2929 1266 2971 re
1281 2910 1396 2990 agitur,
1416 2925 1486 2988 quse
1512 2907 1637 2970 duabus
1654 2909 1712 2970 tri·

912 3000 1010 3060 busve
1025 2999 1274 3064 hebdomadibus
1298 2997 1405 3078 perlici
1427 2999 1533 3076 quant,
1557 2995 1611 3058 sad
1638 3015 1712 3077 qua

913 3087 1050 3166 plurium
1070 3107 1152 3168 sape
1173 3088 1340 3164 mensium,
1364 3091 1419 3148 aut
1438 3085 1533 3146 etiam
1552 3103 1712 3152 annorum

914 3193 1043 3256 operam
1066 3175 1212 3255 requirlt;
1242 3177 1386 3238 volumus
1411 3177 1445 3235 at
1473 3173 1632 3252 Episcopi,
1657 3181 1710 3254 qui

914 3259 1066 3345 ejusmodi
1081 3263 1311 3344 delegnb'onem
1326 3261 1578 3340 acceptaverint,
1606 3279 1711 3322 neces·

914 3353 1030 3418 senam
1051 3353 1208 3416 licentiam
1229 3351 1418 3414 abscedendi
1439 3369 1460 3412 a
1473 3349 1618 3426 Eimcaai,
1637 3367 1711 3413 ceu·

914 3457 981 3502 sam
990 3439 1140 3502 absentiae
1150 3439 1364 3519 exprimendo,
1379 3442 1486 3517 petere
1500 3441 1532 3498 et
1540 3436 1710 3514 impetrare

914 3547 976 3590 non
991 3529 1147 3607 omittant,
1163 3529 1221 3590 sub
1236 3528 1338 3607 poenis
1350 3527 1505 3588 adversus
1520 3543 1575 3586 eos
1595 3526 1711 3586 consti·

914 3619 998 3694 tutis,
1015 3617 1068 3698 qni
1087 3617 1206 3697 absque
1227 3633 1324 3677 censa
1338 3618 1428 3676 extra
1442 3611 1610 3678 Dioecesirn
1625 3631 1712 3676 corn-

914 3711 1088 3770 morantur.
1100 3704 1323 3785 Inhujnsmodi
1339 3708 1444 3765 autem
1454 3701 1590 3764 licentiis
1601 3719 1712 3765 conce·

915 3795 1037 3871 dandis,
1054 3794 1230 3870 statuimus,
1244 3791 1478 3856 utGonciliares
1492 3791 1616 3854 Menses
1630 3809 1713 3856 sern-

914 3901 972 3964 par
985 3881 1304 3960 comprehendantur,
1319 3885 1351 3942 et
1364 3883 1480 3960 preter
1493 3897 1561 3955 eos,
1583 3879 1714 3959 triginta

915 3973 1067 4032 duntaxat
1089 3970 1167 4048 dies,
1198 3969 1223 4030 si
1253 3987 1333 4049 opus
1358 3967 1472 4045 luerit,
1498 3967 1708 4047 adjicientnr;

915 4075 989 4119 nam
998 4061 1032 4118 et
1043 4057 1084 4118 acl
1095 4058 1185 4136 plura
1200 4054 1382 4134 peragenda
1393 4052 1624 4134 quadrimestre
1639 4071 1713 4132 span

914 4144 994 4206 tium
1007 4143 1164 4206 miliciam
1179 4147 1243 4218 est3
1261 4149 1307 4220 at,
1323 4141 1350 4204 si
1369 4142 1476 4204 adbuc
1495 4141 1641 4204 facienda
1661 4161 1712 4204 sn-

915 4233 1045 4312 persint,
1062 4238 1198 4313 quatuor
1211 4231 1263 4294 olii
1279 4249 1403 4302 menses
1417 4232 1560 4312 sequenti
1580 4249 1665 4294 anno
1679 4232 1714 4293 in

916 4321 1000 4384 idem
1019 4340 1099 4400 opus
1113 4320 1227 4384 insumi
1242 4323 1401 4400 poterunt.

955 4432 970 4468 r>
989 4412 1062 4472 llaec
1087 4415 1159 4471 sunt
1173 4427 1243 4489 quae
1261 4409 1429 4472 salubriter
1451 4409 1484 4479 in
1502 4410 1634 4479 Dcrmino
1649 4415 1714 4474 sta·

916 4498 1034 4560 tuenda
1056 4495 1281 4579 judicavimus,
1309 4515 1442 4578 quaeque
1465 4516 1522 4578 pro
1549 4500 1659 4579 regula
1682 4503 1714 4561 et

916 4604 1027 4650 norma
1041 4585 1072 4648 in
1087 4591 1247 4665 posterum
1262 4585 1374 4648 baberi
1388 4586 1547 4664 volumus,
1571 4595 1606 4649 ut
1619 4605 1640 4648 a
1652 4587 1713 4650 Va-

917 4673 1024 4736 nerab.
1042 4673 1203 4736 Fratribus
1225 4675 1425 4754 Patriarcbis,
1440 4675 1709 4754 Arcbiepiscopis,

917 4762 1129 4841 etEpisocpis‚
1139 4760 1355 4842 gavissimum,
1368 4761 1452 4843 quod
1460 4763 1536 4842 ipsis
1545 4763 1711 4840 incumbit,

917 4851 1103 4912 llesidentioe
1118 4851 1257 4914 oiflcinm
1271 4858 1380 4912 exacte
1406 4851 1585 4930 impleatur.
1604 4854 1713 4931 ltaque

916 4938 1034 5001 Dilecto
1050 4939 1127 5001 Filio
1138 4939 1289 5002 moderno
1306 4939 1713 5019 preletaellangrsgetr'onie

80 5019 227 5106 bunius,
243 5031 328 5090 recto
342 5029 468 5090 tramite
483 5027 524 5088 ad
536 5027 693 5090 Ecclesiae
706 5026 765 5089 sibi
780 5045 863 5088 corn-
916 5029 1141 5106 superandam
1166 5027 1346 5090 Residentia
1370 5029 1557 5105 Secretario,
1581 5027 1713 5108 ejusque

82 5110 184 5176 missas
211 5133 280 5178 sese
306 5115 509 5188 conterrent3
539 5114 629 5195 cujus
654 5113 863 5176 concessionis
917 5115 1157 5178 suecessoribus
1180 5116 1212 5176 in
1237 5121 1437 5195 perpetuum,
1455 5115 1658 5197 injungimus,
1682 5121 1713 5176 et

81 5201 252 5280 equitatem
265 5207 329 5266 Nos
344 5221 471 5285 qnoque
486 5207 704 5284 agnoscentes,
719 5204 863 5265 eamdem
916 5202 948 5263 in
964 5203 1078 5266 virtute
1094 5207 1209 5266 sanctes
1224 5204 1429 5282 Obcdientiae,
1446 5205 1506 5266 sub
1520 5202 1625 5283 poenis
1636 5219 1713 5264 con,

83 5292 294 5368 approbamus,
312 5297 344 5354 et
365 5293 597 5354 confirmamus.
615 5291 678 5354 Sed
693 5309 790 5372 quum
804 5295 863 5354 Ur-
916 5294 966 5352 tra
988 5291 1206 5354 inobedientes
1229 5291 1386 5353 mandetis
1409 5290 1599 5369 apostolicis
1622 5289 1654 5349 in
1677 5307 1712 5351 re

82 5372 174 5440 banus
187 5379 264 5442 nibil
277 5380 421 5444 statuerit
434 5380 474 5442 de
488 5379 665 5459 Episcopis,
683 5379 735 5460 qul
750 5380 863 5442 allesi-
916 5379 1017 5458 gravi,
1030 5379 1230 5460 praecipimus
1238 5384 1334 5459 atqua
1340 5379 1501 5460 jubemus,
1512 5377 1712 5456 ntsnpplices

84 5459 187 5530 dentis
200 5487 264 5530 snae
277 5469 347 5532 loco
361 5468 526 5532 discedunt
538 5485 595 5548 pro
611 5471 816 5530 processuum
830 5468 863 5530 in
916 5467 1051 5530 libellos
1071 5484 1128 5545 pro
1144 5473 1233 5546 parte
1249 5481 1509 5547 quorumcunque
1529 5464 1713 5528 Anderitum

84 5553 177 5618 musis
211 5555 481 5619 Beatilicationum
509 5561 564 5618 aut
586 5555 863 5620 Canoniaatlonnm
916 5555 974 5618 sibi
991 5554 1125 5632 oblatos,
1141 5553 1300 5634 inquibus
1315 5569 1362 5631 ea,
1380 5569 1449 5633 quae
1462 5557 1561 5633 supra
1580 5551 1712 5618 adnota-
