4086 6348
267 543 328 610 760
928 533 1044 597 LIBER
1065 529 1262 609 QUARTUS.

269 723 345 809 eigo
355 725 528 810 majoribus
542 723 665 788 iudiciis
678 731 756 803 opus
771 726 830 801 est,
844 720 1038 802 utprnbetur
1053 740 1060 783 ε
1117 743 1132 780 u
1158 739 1217 784 sua
1230 737 1326 782 eausa
1341 717 1411 800 quis
1424 718 1601 799 torquetur,
1618 719 1734 780 etcum
1751 710 1914 800 quaeritur,

269 813 530 896 alinquinverum
543 816 637 889 esset,
653 811 738 893 qu'od
761 811 833 876 ideo
852 810 975 874 facilius
993 829 1064 891 pra·
1119 831 1133 869 a
1159 813 1266 872 utrum
1290 808 1331 870 sit
1355 826 1499 884 noscens,
1523 805 1694 884 cruciatur,
1715 805 1918 892 etainnooeus

268 901 408 978 baretur,
433 900 508 981 quie
528 898 683 964 difficilius
705 897 904 979 probaretur,
931 915 1001 978 quae
1018 900 1066 960 est
1118 920 1133 958 a
1158 898 1217 962 luit
1241 916 1299 978 pro
1315 897 1436 959 incerto
1451 897 1570 960 scelere
1586 895 1778 960 certissimas
1791 911 1915 974 poenus,

261 995 380 1074 'operm
393 988 615 1066 contradictio,
914 1057 917 1067 ¹
1118 1008 1133 1046 n
1158 1005 1221 1050 non
1241 987 1315 1068 quia
1337 986 1414 1049 illud
1438 985 1633 1050 commisisse
1662 983 1836 1066 detegitur,
1861 981 1917 1046 aad

311 1078 405 1162 Obja'ei
418 1083 447 1142 l.
464 1081 531 1152 Ouo
545 1075 681 1144 acacius
696 1077 744 1140 est
766 1075 896 1152 crimen,
919 1091 960 1140 eo
975 1073 1065 1136 dum·
1118 1096 1133 1134 »
1149 1073 1235 1157 'quia
1254 1092 1318 1137 non
1332 1072 1526 1137 commisisse
1553 1073 1702 1151 nescitur,
1731 1091 1771 1134 ne
1781 1065 1844 1152 'per
1857 1069 1917 1134 boc

269 1167 377 1233 nesius
389 1169 437 1232 es't
457 1167 550 1247 Reip.
576 1177 650 1246 erqo
673 1164 795 1247 facilius
815 1163 950 1228 babetur
970 1181 1066 1229 causa
1105 1180 1133 1222 a
1159 1163 1339 1244 ignorantia
1351 1163 1472 1226 iudicis
1486 1163 1671 1244 plerumque
1686 1164 1736 1224 est
1752 1159 1917 1224 calamitas

270 1257 470 1330 contnaillud
484 1255 610 1336 agendi.
628 1253 1063 1321 terminandamque
1119 1275 1133 1312 n
1160 1251 1393 1330 innocentiani
1415 1250 1500 1331 quod
1524 1251 1572 1312 est
1594 1244 1836 1326 intolerabilius,
1850 1266 1917 1310 ma·

270 1351 381 1422 contra
395 1345 471 1408 illud
486 1344 611 1426 agendi.
629 1347 666 1407 R.
683 1343 1065 1406 Faciliushabeturcausa
1119 1363 1133 1400 o
1158 1340 1270 1422 gisque
1283 1338 1513 1420 plangendum,
1530 1337 1778 1422 rigandumquef,
1802 1337 1828 1400 si
1848 1336 1916 1422 fieri

270 1439 380 1500 contra
393 1433 612 1514 illudagendi
625 1451 683 1512 per
696 1431 942 1513 inquisitionem,
958 1433 992 1494 G.
1008 1449 1067 1511 per
1119 1453 1133 1491 n
1159 1430 1268 1510 possit,
1284 1428 1655 1506 lontibuslacrymarum,
1665 1427 1918 1512 cumpropterea

270 1527 426 1587 torturam
443 1522 493 1585 vel
507 1520 813 1598 condemnationem,
830 1521 867 1582 N.
885 1537 971 1584 cons.
1119 1541 1134 1579 n
1159 1519 1262 1582 iudex
1275 1520 1422 1600 torqueat
1436 1521 1630 1594 accusatum,
1649 1535 1688 1578 ue
1709 1515 1918 1578 occidatncs-
1944 1563 1946 1567 .

311 1611 408 1694 cajo.
434 1616 464 1673 2.
495 1615 670 1675 dommune
700 1609 825 1674 axioma
848 1607 929 1690 juris
952 1611 1010 1686 est,
1033 1607 1065 1668 in
1119 1630 1134 1668 a
1160 1598 1916 1686 ciensinnocentemirtpcrignorantiaemiseriam

269 1700 472 1766 clandestinis
495 1705 527 1763 at
548 1699 678 1764 occultis
700 1699 842 1760 sufficere
865 1697 1066 1777 probationes
1119 1717 1133 1756 u
1160 1697 1204 1758 uti
1220 1699 1378 1758 attentum
1393 1697 1425 1756 et
1439 1693 1638 1757 innocentem
1661 1693 1797 1770 occidat,
1822 1707 1918 1772 quem

270 1809 328 1873 per
340 1789 548 1872 o'onjeeturas,
564 1805 635 1868 quer
648 1785 802 1850 aliusnon
817 1783 1008 1856 sufficerent.
1026 1786 1062 1846 R.
1119 1806 1134 1842 a
1159 1801 1199 1844 ue
1213 1782 1412 1860 innocentem
1426 1780 1594 1858 occideret,
1610 1783 1745 1844 torserat
1761 1799 1768 1841 :
1789 1777 1817 1841 si
1832 1777 1916 1838 enim

270 1877 443 1944 enumeris
454 1875 538 1938 hune
552 1887 620 1938 esse
634 1891 761 1936 sensum
775 1871 851 1934 dicit
866 1872 956 1949 Sper.
969 1869 999 1932 d.
1012 1873 1062 1947 38,
1119 1893 1133 1932 u
1159 1871 1332 1934 secundum
1351 1871 1481 1933 istorum
1500 1869 1688 1950 sapientiam
1700 1865 1860 1948 delegerit
1878 1884 1918 1928 ex

271 1963 490 2049 quod'ba'bitis
512 1959 700 2042 conjecturis
721 1959 760 2022 de
783 1976 817 2020 se
838 1957 1065 2020 sufficientibus
1099 1981 1134 2020 ·»
1159 1959 1220 2022 hac
1233 1961 1298 2022 vita
1311 1960 1431 2040 fugere,
1447 1978 1544 2040 quem
1556 1959 1672 2044 diutius
1689 1958 1744 2020 illa
1761 1955 1929 2025 sustinere,

271 2048 1064 2134 adprobationemrequisitam,promptiuspergere
1118 2069 1134 2108 a
1158 2053 1330 2122 tormenta;
1357 2048 1443 2128 quod
1465 2066 1528 2110 uon
1552 2046 1718 2124 commisit,
1735 2039 1770 2108 s'e
1785 2043 1917 2110 commi·

271 2140 531 2225 possitiirdexad
544 2141 699 2202 torturam
708 2139 759 2201 rel
771 2135 1065 2200 condemnationem
1119 2157 1134 2196 u
1160 2136 1236 2214 sisse
1259 2136 1350 2216 dicit,
1375 2155 1437 2218 quo
1453 2137 1601 2200 damnate
1624 2140 1655 2199 at
1671 2135 1787 2214 occiso,
1810 2124 1917 2198 uuam

271 2231 304 2295 in
318 2229 502 2294 criminibus
516 2226 647 2294 oooultia
657 2237 753 2308 quam
763 2244 825 2288 non
839 2225 978 2302 occultis,
991 2223 1065 2305 quia
1118 2245 1135 2284 a
1161 2229 1326 2287 nocentem
1346 2244 1387 2288 an
1401 2227 1607 2306 pinnoccntcm
1618 2225 1727 2306 'ludex
1745 2223 1914 2300 occideret,

270 2322 385 2400 nempe
399 2318 431 2381 in
447 2325 510 2380 u'on
525 2315 655 2382 occultis
669 2318 797 2394 possent
806 2313 936 2376 aliunde·
944 2306 1065 2392 sperari
1119 2333 1134 2372 n
1159 2312 1265 2374 adhuc
1280 2313 1390 2391 nescit,
1406 2315 1550 2393 quemne
1563 2303 1917 2376 inuocantemnescieus

272 2411 305 2471 et
317 2404 475 2485 expectari
489 2401 626 2484 majores
641 2401 854 2482 probationes,
871 2417 933 2464 non
944 2399 1020 2462 item
1032 2398 1065 2460 in
1119 2423 1134 2462 a
1160 2401 1328 2479 occideret,
1345 2401 1446 2479 torsit,
1462 2419 1570 2481 seper
1584 2401 1870 2486 bec-innocentem,
1882 2401 1918 2462 ut

272 2493 413 2572 occultis,
428 2491 709 2572 utrobiquetamen
724 2487 983 2570 supponidebcnt
992 2505 1066 2568 pro·
1119 2514 1134 2551 n
1160 2491 1264 2568 sciret,
1282 2489 1382 2566 tersit,
1400 2495 1432 2553 et
1445 2490 1521 2552 dum
1535 2491 1671 2574 nesciret
1684 2481 1831 2554 occidito
1850 2481 1917 2552 lloe

271 2581 415 2644 bationes
428 2579 601 2644 secundnm
616 2595 650 2640 sa
664 2577 863 2656 sufficientes,
887 2578 933 2639 uti
946 2576 1065 2640 dictum
1119 2579 1359 2661 ipsumagnovit
1369 2578 1519 2642 iitbnieus
1531 2579 1638 2642 Cicero
1647 2577 1732 2663 apud
1746 2577 1809 2659 Spe
1818 2575 1848 2640 d.
1857 2579 1915 2640 20:

272 2673 330 2736 est.
349 2679 352 2686 “
393 2679 395 2686 “
435 2725 436 2732 ,
1124 2690 1140 2726 c
1159 2667 1305 2730 Dolorem
1317 2667 1472 2748 fugientes
1485 2666 1575 2730 multi
1589 2668 1626 2730 in
1635 2657 1800 2731 tormentis
1810 2681 1918 2728 emen-

192 2789 246 2836 μμ
314 2759 500 2842 Qumtstbii.
515 2757 618 2822 -An
632 2755 798 2818 intererit
818 2763 923 2838 optem
940 2753 1065 2816 medium
1120 2779 1134 2816 a
1152 2757 1207 2834 titi
1219 2747 1918 2838 persaepesunt,moriquemalusrunt'fsleum

269 2847 474 2932 eoqnaemdoe
510 2845 668 2910 enitatis?
700 2847 792 2924 liesp.
824 2863 892 2907 essa
925 2843 1066 2906 medium
1119 2867 1134 2906 a
1161 2845 1334 2924 latendum,
1351 2863 1447 2924 quam
1462 2842 1758 2930 inficiandodolcrc.
1774 2867 1788 2905 n
1807 2841 1916 2924 thpro

271 2935 364 3002 valde
378 2935 489 3017 fragile
504 2939 536 2999 et
558 2933 771 3016 periculosum
794 2935 988 2998 demonstrat
1003 2933 1065 3012 Spe
1121 2935 1208 3014 Sylla
1220 2933 1281 3014 nit:
1299 2955 1313 3014 c
1327 2931 1917 3018 Tormentagubernatdnlormodera-

264 3025 303 3089 d.
318 3028 359 3089 20
368 3035 395 3088 et
403 3029 453 3103 Ἣ,
467 3031 507 3086 eo
522 3028 631 3104 aperte
645 3022 759 3086 dieitur
779 3023 799 3088 l.
815 3028 845 3101 l,
859 3021 897 3102 ff.
913 3021 948 3084 de
961 3029 1062 3104 queen.
1120 3045 1134 3083 u
1162 3027 1212 3086 tur
1226 3027 1340 3086 natura
1352 3022 1505 3104 cujusque
1520 3026 1586 3087 tum
1598 3023 1696 3086 animi
1715 3026 1784 3086 tum
1804 3017 1917 3102 cerpo-

259 3117 291 3196 -δ
302 3117 343 3179 23
364 3134 372 3177 ε
399 3135 414 3174 u
429 3113 597 3188 Ouestioni
611 3112 785 3177 fidemnon
799 3127 933 3190 semper,
949 3129 1008 3172 nee
1021 3114 1065 3174 ta·
1119 3130 1134 3169 a
1159 3107 1214 3187 ris,
1230 3107 1313 3187 regit
1326 3109 1485 3188 quastior,
1499 3107 1605 3172 ilectit
1617 3105 1726 3184 libido,
1743 3102 1918 3186 corrumpit

271 3227 287 3266 o
310 3211 561 3284 manuuuquam
575 3201 766 3280 habendam,
786 3199 1065 3266 constitutionibus
1119 3219 1134 3258 a
1160 3214 1243 3277 spos,
1260 3196 1525 3274 infirmatmctus,
1541 3195 1621 3258 utin
1637 3201 1684 3258 tot
1697 3195 1793 3258 rebus
1811 3198 1842 3258 ct
1859 3213 1917 3256 au·

271 3315 287 3353 a
313 3292 508 3371 declaratam,
525 3291 641 3354 etenim
668 3307 718 3352 res
739 3292 787 3354 est
804 3288 923 3370 fragilis
938 3287 1067 3368 etperi-
1119 3307 1134 3345 u
1159 3284 1271 3365 gustiis
1285 3284 1363 3346 nihil
1376 3283 1436 3346 loci
1459 3284 1654 3366 relinquatur
1676 3284 1801 3348 veritati
1825 3282 1850 3346 ¹.
1873 3283 1913 3350 V.

271 3403 287 3442 o
313 3379 563 3460 emensoque
577 3377 742 3443 veritatem
757 3377 856 3456 sallat,
881 3395 954 3439 nam
969 3377 1067 3456 pleri·
1119 3397 1134 3434 n
1161 3372 1295 3436 dicenda
1308 3391 1338 3433 n.
1356 3375 1445 3436 1456.
1461 3394 1476 3430 »
1495 3373 1541 3434 Ex
1555 3371 1614 3439 his.
1752 3373 1754 3375 ’

257 3491 287 3550 =a
310 3487 374 3550 que
388 3467 541 3548 patientia
551 3467 617 3530 sive
632 3466 748 3528 duritia
770 3469 1000 3530 tormentorum
1021 3465 1067 3527 ita
1160 3462 1312 3544 Sequitur,
1329 3480 1386 3542 per
1399 3465 1535 3524 torturas
1550 3479 1632 3542 sape
1643 3459 1740 3524 everti
1747 3459 1913 3546 justifiam,

253 3561 470 3620 -atnrmeuta
489 3557 707 3631 contemnunt,
732 3557 767 3618 ut
781 3553 911 3633 exprimi
927 3554 972 3616 eis
986 3552 1065 3616 veri·
1120 3553 1195 3633 quia
1217 3551 1390 3628 monentes,
1411 3549 1488 3632 quia
1510 3567 1594 3630 saepe
1617 3552 1690 3614 sunt
1717 3547 1915 3630 impatientes

271 3665 287 3704 n
311 3647 363 3720 tua
374 3643 462 3708 nullo
474 3645 570 3709 modo
584 3642 693 3723 possit,
710 3642 763 3704 elii
776 3646 866 3706 tanta
878 3645 951 3706 sunt
962 3642 1064 3722 impa·
1120 3640 1276 3720 dolorum,
1292 3641 1448 3720 coguntur
1461 3657 1496 3701 se
1510 3626 1916 3717 faterinocentes,econtr'a

272 3752 288 3790 n
313 3731 437 3810 tianlia,
464 3735 501 3795 ut
519 3729 646 3813 quidvis
667 3730 792 3794 mentiri
812 3749 909 3811 quam
923 3730 988 3810 pati
1003 3735 1066 3794 tor·
1119 3733 1279 3802 nocentes,
1296 3728 1349 3810 qui
1363 3728 1550 3810 plerumque
1568 3730 1642 3790 sunt
1665 3727 1847 3803 ferociores,
1869 3731 1915 3786 to-

270 3843 288 3882 n
311 3825 422 3888 menta
434 3819 542 3898 velint,
570 3819 616 3882 ita
635 3821 681 3898 iit,
701 3822 739 3882 ut
761 3818 856 3884 etiam
870 3819 957 3882 vario
970 3819 1064 3882 modo
1103 3819 1219 3898 ¹lerata
1231 3820 1364 3895 tortura,
1380 3835 1413 3879 se
1428 3817 1563 3897 probant
1576 3817 1778 3880 innocentes:
1795 3835 1835 3878 ex
1848 3813 1915 3896 qui·

271 3932 286 3970 a
313 3909 480 3987 namon,
504 3912 537 3970 at
559 3925 623 3972 non
648 3910 772 3972 aarum
786 3923 832 3986 se,
848 3927 959 3972 verum
971 3908 1065 3972 etiam
1119 3907 1178 3970 bus
1191 3909 1279 3988 patet
1288 3910 1442 3986 torturam
1456 3925 1523 3968 esse
1532 3906 1644 3994 fragile
1657 3911 1689 3970 et
1701 3907 1916 3989 periculosum

256 4018 286 4080 ¹a
312 3997 390 4062 elias
404 3995 645 4080 comminentur.
661 4019 677 4056 u
696 3996 762 4060 lmo
773 3998 793 4078 ᾗ
805 4002 844 4060 27
854 3997 993 4076 additur,
1009 3994 1065 4060 «Si
1119 3995 1258 4058 medium
1272 3995 1529 4058 administrandae
1540 3995 1681 4078 justitia.

270 4105 286 4146 a
312 4085 383 4168 quia
396 4087 480 4152 ultra
494 4086 534 4153 de
544 4085 702 4150 malaliuio
709 4087 856 4165 fateatur,
868 4105 931 4150 non
941 4105 1067 4167 semper
1163 4083 1269 4160 Oaaest.
1280 4087 1349 4148 254.
1366 4084 1415 4148 Ac
1428 4104 1499 4168 erqo
1513 4083 1582 4162 illo,
1598 4085 1741 4172 quinquis
1764 4095 1866 4148 eontra
1883 4078 1917 4148 ne
1944 4115 1999 4163 ,a

269 4176 340 4239 aei
360 4175 440 4242 fides
460 4174 607 4241 habenda
624 4189 626 4194 '
642 4179 709 4254 est,
735 4193 963 4258 nonnunquam
982 4176 1066 4238 enim
1120 4174 1152 4236 ic
1174 4181 1293 4236 tortore
1305 4173 1431 4255 letetur,
1452 4193 1511 4234 noc
1532 4171 1657 4238 debeant
1675 4167 1789 4260 semper
1810 4175 1917 4241 macri

270 4284 286 4324 a
311 4265 367 4329 aut
377 4265 476 4340 metu,
491 4269 548 4331 sut
560 4276 624 4344 qua
636 4262 700 4326 clia
709 4263 749 4326 da
762 4282 859 4330 causa
873 4263 905 4326 iu
920 4283 953 4326 se
967 4265 1066 4328 confi·
1118 4263 1208 4326 veo?
1223 4265 1257 4326 R.
1270 4264 1397 4326 Censori
1410 4262 1527 4326 debere
1537 4253 1653 4346 putant
1666 4253 1776 4350 aliqui,
1792 4255 1918 4339 l.'0uia

270 4373 286 4414 a
311 4353 427 4419 rentur.
443 4373 458 4412 a
476 4350 565 4417 Idem
579 4353 739 4432 eleganter
757 4351 834 4419 dicit
847 4354 981 4416 Sanctus
999 4355 1067 4416 Au·
1120 4351 1269 4415 credibile
1291 4369 1355 4414 non
1380 4356 1428 4414 est
1449 4351 1611 4414 hominem
1633 4341 1665 4412 in
1684 4343 1785 4416 causa
1806 4341 1918 4419 mariis

270 4431 602 4523 grammaticior.
619 4443 668 4521 19,
683 4443 799 4524 cap.6:
821 4441 932 4514 oOuid
947 4459 1021 4504 eum
1034 4441 1067 4504 in
1120 4441 1245 4506 mentiri
1266 4445 1376 4504 contm
1398 4459 1432 4503 sa
1454 4439 1569 4522 ipsum,
1595 4439 1641 4504 sic
1659 4441 1745 4504 enim
1769 4433 1918 4523 peccaret

252 4661 257 4666 '
305 4654 432 4714 thiais
446 4658 539 4732 interrl
557 4673 613 4712 non
627 4659 709 4713 debet
723 4661 831 4713 aarum
846 4663 964 4724 Patrem,
978 4657 1067 4713 hara·
1121 4655 1219 4709 Suares
1236 4647 1348 4717 (deiide
1362 4653 1495 4719 dripxll,
1515 4654 1575 4705 rect.
1598 4653 1633 4718 t).
1657 4646 1788 4722 Edqlssin,
1803 4653 1913 4707 unium

256 4724 338 4784 :uses
351 4734 378 4783 vi
403 4743 458 4783 non
482 4731 636 4796 puniendos
657 4745 715 4783 esse
737 4731 834 4784 docere
849 4733 898 4797 qui
912 4732 1020 4798 summit
1034 4732 1066 4784 de
1120 4737 1217 4790 mucan
1231 4724 1527 4788 reverentiadispcnit,
1543 4725 1694 4790 pannosa
1711 4737 1767 4776 non
1781 4723 1836 4796 tuit
1857 4723 1913 4793 nisi

268 4803 439 4859 meiere
458 4803 648 4860 motionum
673 4803 762 4866 iligna
787 4803 818 4866 ll,
842 4816 866 4854 c.
890 4805 950 4864 'lah
974 4805 1063 4854 centra
1120 4797 1153 4850 nd
1171 4796 1309 4862 punienda
1324 4794 1538 4860 peccalngraaia
1563 4809 1622 4860 qum
1645 4796 1748 4864 henuqr
1772 4786 1914 4863 publicum

253 4875 479 4942 ‚marmenem
495 4873 537 4936 lX,
552 4875 593 4936 ll,
608 4876 635 4926 et
651 4872 816 4942 epitimii
831 4877 851 4927 t.
866 4888 894 4938 x,
905 4875 972 4926 322:
991 4875 1067 4943 «Nes
1101 4865 1103 4872 ’
1122 4865 1258 4940 castiganti
1266 4865 1420 4931 postulabat
1434 4865 1463 4915 in
1481 4865 1762 4930 aliorumexamplum
1779 4869 1831 4919 aut
1843 4875 1913 4937 prrs-

255 4957 414 5010 ,aorpcrum
428 4944 614 5009 persecutores
637 4946 738 4996 verant
761 4958 789 4994 es
813 4944 968 4998 animatum
984 4944 1065 4996 inter·
1120 4939 1309 4990 servationem.
1325 4937 1437 5001 Semper
1450 4939 1478 4988 et
1491 4937 1594 5001 ubique
1609 4935 1785 5010 delicteennt
1795 4931 1857 5002 qdrs
1867 4951 1914 5007 po·

270 5015 385 5082 lectores
398 5029 453 5066 non
470 5019 575 5067 vocant.
590 5033 607 5077 s,
621 5015 695 5066 lianc
718 5015 882 5080 sententiam
906 5015 1003 5066 ultirno
1028 5019 1065 5068 te·
1119 5011 1217 5061 testate
1231 5009 1391 5073 puniuntur.
1410 5007 1461 5059 Par
1471 5005 1579 5071 aliquot
1594 5005 1701 5058 soecula.
1729 5007 1851 5059 Emissis
1862 5010 1911 5073 pb·

258 5086 580 5151 -ncitpmuuaprierat
593 5083 723 5137 Exbiss
745 5085 851 5137 tertiari
869 5086 995 5139 concludi
1010 5097 1065 5136 nen
1119 5083 1255 5145 testesque
1272 5080 1361 5131 civilis
1371 5078 1580 5130 consentiebant
1593 5079 1622 5129 ln
1636 5078 1803 5146 reponenda,
1813 5079 1909 5146 bnrqsi

254 5155 355 5216 -d'ebnl
365 5154 512 5215 scaenam
523 5156 568 5221 lus
582 5168 638 5215 uon
655 5155 755 5208 babere
770 5155 864 5208 devies
877 5159 1065 5208 contumaces·
1120 5151 1192 5202 inter
1204 5150 1319 5204 crimina
1333 5150 1488 5202 societatem
1503 5149 1716 5213 iacentisqua
1731 5149 1785 5204 hoc
1802 5148 1829 5202 ei
1845 5151 1909 5202 viiie

270 5239 324 5294 qne
341 5227 473 5278 extericra
486 5225 590 5291 indicio
603 5240 635 5278 ec
648 5225 804 5282 salubribus
821 5227 907 5291 panis
923 5226 1065 5278 coercendi
1119 5223 1227 5274 vertett
1241 5213 1337 5288 Nonne
1352 5221 1472 5284 haeresis,
1493 5234 1585 5288 nonne
1612 5218 1796 5285 paganismus,
1821 5229 1908 5275 noune

255 5299 353 5364 ,atque
374 5297 499 5362 rogandi,
523 5296 594 5364 quod
621 5295 781 5354 damnatum
805 5295 857 5348 luit
880 5301 938 5350 tum
951 5311 967 5347 a
982 5297 1065 5350 liene·
1116 5295 1286 5351 vcrasarlsuiue
1300 5295 1327 5343 vi
1348 5293 1426 5344 oblisi
1442 5297 1506 5345 sunt
1523 5296 1615 5344 contra
1634 5291 1780 5355 Ecclesiam
1798 5286 1907 5358 etusqde

271 5364 344 5419 dieto
368 5367 426 5420 xlv
450 5368 479 5418 in
494 5369 572 5434 Brevi
596 5369 639 5420 ,ld
658 5364 797 5436 Assiduae,
823 5369 881 5419 turn
895 5379 910 5418 a
926 5365 973 5419 Pio
987 5366 1021 5419 Vl
1035 5359 1064 5418 iu
1119 5363 1193 5416 suom
1210 5366 1290 5430 lumi
1307 5365 1339 5415 ist
1352 5364 1418 5428 quid
1433 5365 1474 5413 est
1492 5372 1567 5415 error
1588 5361 1643 5413 nisi
1668 5363 1743 5427 quod
1762 5362 1820 5414 dici
1832 5361 1907 5414 aas·

256 5434 349 5492 ,autb
360 5439 488 5490 nomem
497 5434 607 5491 maur
616 5437 733 5502 indecem
741 5429 1062 5506 sacramentaneus·
1117 5433 1213 5487 estrat
1227 5433 1292 5502 qnid
1308 5437 1348 5488 est
1361 5434 1464 5490 mlum
1478 5434 1531 5490 uisi
1546 5433 1618 5500 quod
1629 5433 1692 5489 lieri
1707 5432 1784 5486 naas
1797 5436 1855 5488 asti

272 5511 325 5563 tuen
336 5509 364 5560 ot
376 5507 530 5574 mltum,
541 5513 623 5562 tumn
635 5509 921 5581 probutisauetoribus
930 5509 1062 5579 relicitur,
1127 5565 1131 5572 ,
