4166 6346
302 461 363 528 eoo
395 419 399 426 ’
955 467 1073 530 urnae
1091 467 1290 542 casuras.

302 651 673 736 monumentorumque
682 663 859 738 promotores
867 655 1029 738 appellant,
1045 655 1100 738 qui
1149 657 1341 720 »Beneficia
1364 675 1425 720 non
1453 655 1584 736 meritis,
1613 655 1746 736 implent
1771 656 1900 738 ignaris
1921 658 1951 722 et

301 741 442 823 simplices
471 750 498 805 et
526 752 649 824 aprestes
678 744 874 826 pauperculos
901 745 991 806 vitam
1025 745 1098 806 satis
1154 746 1349 810 »inutilibus
1378 747 1519 829 personis
1548 747 1715 822 bicalesias,
1748 751 1784 810 ut
1809 747 1951 827 repleant

303 832 459 894 innocuam
470 841 592 914 apertos,
605 841 631 894 et
641 832 1015 915 fraudisurtanuipnaros
1025 853 1101 914 sape
1154 855 1168 892 n
1187 833 1310 912 bursas,
1322 835 1411 896 arces
1421 853 1483 896 non
1498 852 1648 914 personas
1662 834 1803 912 visitant,
1816 853 1950 914 respsu·
2054 843 2056 920 3

303 921 394 998 injus
406 939 462 1001 pro
476 920 568 982 nilsilo
578 931 691 999 uocant,
707 931 844 985 oaraaset
857 923 984 983 crimina
997 931 1102 984 contro
1154 945 1169 983 n
1188 943 1299 1002 perum
1314 943 1376 986 non
1392 928 1523 1003 erogant
1537 922 1738 1002 pauperibus,
1756 923 1815 985 sed
1830 924 1948 1002 amica,

302 1009 538 1091 eosconpinpunt,
550 1029 650 1093 eosque
662 1022 781 1089 cecant,
799 1019 921 1090 terrent,
937 1012 1060 1074 irritant
1073 1020 1102 1072 et
1155 1035 1169 1071 u
1189 1015 1251 1074 imo
1274 1013 1419 1092 turpibus
1437 1012 1578 1091 personis
1601 1012 1848 1074 sacularibus...
1879 1007 1949 1072 coni

302 1100 345 1160 ita
366 1118 412 1160 eos
431 1117 487 1180 per
510 1099 583 1161 talia
609 1119 704 1162 secum
726 1119 905 1182 componere,
932 1119 967 1162 ae
988 1100 1103 1182 pacisci
1155 1123 1170 1160 n
1188 1105 1238 1162 tra
1251 1101 1440 1180 Episcopum
1455 1100 1672 1180 praescribuot,
1690 1104 1722 1161 et
1735 1099 1767 1160 in
1783 1099 1856 1180 ejus
1871 1099 1951 1161 ordi-

303 1187 500 1270 compellunt:
515 1188 631 1270 quodsi
649 1189 746 1270 facere
759 1191 925 1267 renuerint,
942 1189 1054 1250 crebris
1071 1199 1099 1250 et
1155 1211 1170 1248 o
1189 1190 1310 1250 nauem
1320 1208 1454 1252 messem
1465 1183 1874 1252 extraordinarismialocm
1884 1187 1952 1250 mit·

303 1276 437 1357 qnotidie
456 1278 585 1358 repetitis
607 1278 793 1341 citationibus
809 1298 856 1340 cos
873 1276 1102 1360 supramodum
1155 1283 1269 1357 stunt,
1279 1279 1492 1341 scandalizant
1504 1279 1666 1360 plurimos,
1684 1275 1949 1358 cumimpudicis,
2056 1310 2057 1354 ,

303 1365 465 1446 infestent:
480 1366 598 1447 quodsi
610 1367 740 1448 qnalibet
753 1368 938 1449 occupatione
947 1364 1105 1448 praepediti
1155 1389 1170 1426 u
1190 1369 1238 1429 vel
1277 1367 1456 1430 simoniacis
1489 1385 1526 1430 ao
1558 1367 1719 1446 sacrilegis
1754 1365 1952 1433 dissimulent
2056 1409 2057 1422 ,

302 1472 470 1535 comparere
477 1453 744 1520 desierinteensura
751 1456 946 1517 anathematis
954 1464 1006 1516 aut
1013 1473 1101 1536 pecu
1155 1479 1171 1516 n
1189 1461 1318 1537 propter
1333 1474 1475 1535 munera,
1492 1456 1543 1524 uel
1563 1456 1638 1546 quio
1653 1454 1757 1518 eidem
1771 1457 1841 1518 luto
1855 1455 1951 1524 iuba-
2056 1499 2057 1542 3

302 1541 403 1602 uiaria
418 1549 557 1622 tanquam
572 1543 687 1604 rebelles
692 1544 871 1624 puniuntur3
886 1545 914 1604 ei
927 1562 993 1605 uero
1002 1563 1102 1626 perse·
1155 1567 1170 1604 n
1189 1549 1269 1607 rant.
1286 1568 1301 1604 o
2055 1607 2057 1614 ,

302 1631 934 1712 rennuerintcompareraeorumaudientias
947 1630 1029 1713 apud
1037 1630 1097 1692 lu·
1195 1636 1276 1714 §aa
1294 1635 1342 1697 Ob
1354 1634 1412 1697 hos
1427 1633 1570 1696 deiectus
1585 1633 1726 1714 eliasque
1741 1633 1867 1702 similes
1878 1632 1952 1696 elisit
1972 1636 2004 1684 ¹⁸

303 1715 399 1780 dicum
413 1719 575 1781 tribunalia
589 1719 766 1801 impediunt,
782 1739 938 1802 morasque
950 1729 979 1784 et
993 1719 1100 1780 miter·
1156 1724 1267 1786 Zerala
1281 1725 1309 1786 in
1328 1743 1421 1806 prun.
1439 1722 1543 1803 lienes.
1557 1741 1591 1804 p.
1609 1726 1638 1785 1.
1660 1719 1692 1785 V.
1708 1721 1949 1800 nmotdneoms,
2057 1769 2058 1802 ,

303 1805 392 1888 sepia
418 1807 596 1870 dilationum
618 1817 646 1870 et
672 1808 933 1870 interlocutionum
966 1815 1098 1889 captant,
1157 1829 1266 1874 eorum
1285 1810 1537 1893 jurisdictionem
1556 1809 1650 1871 bodie
1675 1809 1851 1876 extinctam
1875 1828 1948 1887 ease,
2056 1811 2058 1876 l

303 1915 370 1978 quse
385 1897 528 1978 perfacile
548 1899 579 1959 in
600 1898 676 1979 foris
689 1897 900 1961 Ecclesiasticus
924 1899 1098 1975 obtinentur,
1155 1899 1286 1981 illosque
1310 1920 1373 1962 non
1398 1919 1466 1963 csse
1493 1899 1628 1980 amplius
1659 1901 1768 1962 oculos
1791 1898 1949 1980 Episcopi,
2057 1933 2058 1976 ,

307 1994 450 2066 prutenus
462 1987 606 2069 simplices
620 1988 707 2069 lonpo
720 1987 807 2049 ladio
820 1986 948 2069 patipati
960 1995 1103 2070 copantnr
1156 1989 1232 2052 dicit
1246 1991 1340 2054 etism
1353 1993 1477 2074 Laym,
1495 1991 1515 2054 l,
1533 1994 1562 2067 1,
1579 1998 1602 2051 t.
1619 1993 1648 2067 2,
1666 2009 1693 2052 c.
1703 1993 1733 2066 l,
1751 1995 1828 2068 nil,
1845 2005 1948 2052 eorum
2057 2011 2058 2040 t

301 2076 438 2156 pactione
449 2077 580 2157 pmunice
600 2074 740 2138 redimere
757 2077 892 2158 suturam
905 2077 1099 2154 uenationem,
1155 2083 1342 2158 potestatem
1357 2079 1389 2139 in
1403 2077 1510 2140 multis
1529 2076 1715 2139 diecesibus
1736 2095 1807 2139 esse
1822 2077 1950 2140 transla·

304 2163 673 2247 atqueimpensamsicpne
682 2183 741 2248 pro
757 2165 871 2226 leoiuel
883 2165 967 2236 nullo
981 2164 1099 2242 delicto,
1156 2171 1221 2230 tam
1245 2166 1285 2227 ad
1308 2166 1469 2232 vicarium
1493 2164 1698 2238 Generalem3
1721 2163 1778 2226 sed
1803 2164 1868 2226 hoc
1891 2179 1948 2224 uon

302 2271 359 2334 pro
373 2252 479 2334 enipno
492 2252 586 2315 debito
608 2253 646 2316 sit
669 2255 836 2316 irinumeeus
848 2253 982 2324 cumulus
994 2273 1100 2336 espen
1155 2259 1242 2318 tenet
1255 2256 1287 2316 is
1311 2256 1418 2317 multis
1439 2252 1640 2330 discessibus,
1666 2252 1698 2313 in
1719 2253 1837 2334 quibus
1851 2251 1949 2314 albos

303 2360 415 2404 sarum.
1155 2350 1302 2407 remanet
1311 2342 1551 2408 Arahidiaeonis
1562 2341 1701 2404 silleium
1722 2345 1755 2402 et
1768 2341 1947 2406 succositas.

237 2436 278 2482 ³⁶⁶
343 2431 431 2508 §ta
463 2429 577 2502 Quales
609 2429 750 2494 debeant
779 2447 846 2491 osse
878 2429 1099 2494 archidiaconi
1195 2436 1275 2514 sto.
1292 2429 1947 2514 lueis,quaespeetantsdemendationem,
1970 2436 2002 2483 w

305 2537 478 2599 eorumque
508 2519 729 2596 commissarii,
757 2519 917 2598 eleganter
944 2521 1100 2598 expressit
1156 2523 1205 2583 vel
1220 2521 1445 2584 correctionem
1458 2519 1491 2579 in
1501 2517 1743 2594 visitationibus,
1760 2535 1826 2580 nou
1841 2517 1949 2584 admit·

305 2609 337 2670 S.
348 2610 440 2670 Bern.
457 2607 491 2670 de
504 2627 595 2686 cons,
608 2609 626 2672 l.
638 2614 699 2686 l,c.
711 2613 741 2684 6,
752 2607 803 2668 ubi
815 2608 895 2670 inter
909 2611 1015 2669 cetera
1030 2609 1098 2676 boec
1156 2611 1232 2673 titur
1245 2610 1424 2689 appellatio,
1436 2625 1494 2668 nec
1507 2607 1548 2668 sd
1558 2607 1703 2682 ellectum
1714 2607 1945 2686 suspensivum,

305 2697 411 2773 habet,
429 2703 464 2760 ut
478 2715 590 2777 nempe
604 2698 666 2760 sint
680 2699 758 2760 tales
778 2715 784 2757 :
813 2695 1101 2771 Om‘odeentnntium
1155 2717 1215 2761 nec
1235 2699 1275 2760 sd
1299 2691 1522 2773 devolutivum,
1549 2695 1607 2759 uisi
1632 2693 1746 2755 modus
1766 2693 1943 2769 excedatur,

303 2805 362 2846 non
379 2805 485 2848 manus
506 2786 668 2864 attendant,
688 2786 742 2848 sect
753 2786 940 2854 necessitates,
961 2787 1015 2868 qui
1031 2793 1102 2850 sunt
1156 2806 1221 2869 cap.
1238 2785 1462 2870 irrefrapabili,
1477 2783 1514 2846 de
1521 2787 1596 2866 offla
1613 2781 1685 2845 lud.
1699 2782 1773 2846 Ord.
1788 2784 1943 2861 idemcap.

306 2873 434 2936 viriliter
452 2893 511 2955 pro
533 2873 669 2954 afflictis.
695 2883 723 2936 et
738 2874 874 2956 judicent
898 2875 932 2934 in
951 2875 1100 2955 (equitate,
1156 2875 1206 2939 Ad
1217 2887 1359 2954 nostram,
1376 2875 1411 2936 de
1424 2872 1537 2956 appell.
1554 2873 1649 2936 Plura
1663 2869 1946 2934 dabrehidiaeonis

304 2964 359 3046 qui
370 2963 432 3024 sint
441 2963 595 3044 injudicio
605 2964 760 3042 industrii,
772 2973 799 3026 et
808 2966 838 3026 in
848 2963 960 3046 spendo
972 2965 1098 3046 strenui,
1155 2965 1254 3026 sideri
1269 2968 1400 3046 possunt
1415 2963 1446 3023 in
1461 2961 1588 3042 speciali
1603 2963 1745 3022 tractatu·
1754 2961 1843 3039 apud
1856 2963 1940 3022 bour.

304 3052 335 3112 in
355 3051 498 3134 loquendo
516 3053 646 3121 modesti,
667 3054 721 3136 qui
736 3053 819 3114 missi
832 3061 900 3134 post
918 3072 1026 3115 aurum
1043 3073 1102 3115 aon
1200 3055 1306 3132 (luoests
1322 3057 1372 3115 15.
1389 3085 1430 3098 -
1445 3049 1524 3126 Quid
1537 3047 1945 3132 deeootjmoettssieoum-
1966 3057 1997 3104 m

303 3150 381 3219 eant,
397 3139 446 3202 sed
461 3139 607 3204 Christum
616 3151 785 3224 sequantur,
796 3142 849 3224 qui
860 3151 1003 3222 quaestum
1018 3142 1099 3224 lepa-
1156 3145 1247 3208 dum?
1260 3147 1296 3206 R.
1315 3143 1354 3204 de
1368 3142 1419 3203 bie
1434 3140 1554 3202 dicetur
1569 3157 1588 3202 a
1602 3157 1633 3200 n.
1650 3141 1669 3198 't
1674 3139 1721 3200 18.

304 3231 409 3291 tionem
423 3249 479 3292 non
492 3231 667 3309 existiment,
680 3251 738 3296 oon
752 3231 907 3313 requirant
920 3229 1035 3307 datum,
1051 3231 1102 3293 sed
1200 3237 1309 3319 Quart.
1325 3235 1374 3293 16.
1391 3265 1431 3276 -
1447 3227 1526 3304 Quid
1537 3225 1696 3288 notandum
1708 3225 1750 3286 sit
1772 3225 1854 3288 eirca
1875 3243 1945 3286 uec
1964 3255 1993 3299 m

302 3320 447 3401 fructum,
480 3321 535 3401 qui
564 3322 669 3403 uulpes
699 3341 757 3382 non
786 3329 937 3403 spernant.
967 3319 1018 3381 sed
1048 3320 1101 3381 de-
1156 3328 1311 3392 tionemet
1329 3319 1517 3382 mutationem
1541 3315 1782 3398 Beneficiorum?
1801 3317 1841 3377 lt.
1861 3331 1941 3394 seqq.

303 3418 386 3471 teani
395 3430 407 3478 ‚·
427 3408 531 3470 dt'vt'let
554 3429 613 3471 'wo
631 3409 767 3492 palpent,
791 3427 935 3490 pauperet
955 3427 1014 3468 11011
1033 3429 1101 3490 arar
1155 3416 1216 3494 91.
1234 3409 1424 3475 Beneficium
1439 3407 1571 3486 erigcre,
1584 3403 1946 3484 estcumapprobationo

303 3509 379 3576 aeut,
395 3498 445 3560 sed
457 3499 597 3580 poseant:
611 3500 819 3582 quisscclesias
832 3518 889 3559 non
903 3496 1038 3579 spolient,
1053 3498 1104 3560 sed
1156 3499 1332 3583 Superioris
1359 3495 1568 3560 Ecclesiastici
1597 3498 1735 3556 statuere
1767 3491 1824 3578 jue
1851 3489 1942 3574 perci·

303 3586 461 3656 eneendent,
489 3589 642 3669 marsupio
665 3607 723 3649 non
737 3587 926 3655 enbeuriant,
943 3585 993 3648 sed
1011 3586 1101 3649 cerda
1155 3591 1261 3672 piendi
1274 3591 1392 3650 fructus
1408 3587 1448 3648 ob
1462 3583 1589 3665 aliquod
1605 3581 1766 3663 spirituale
1780 3581 1933 3644 officium:

304 3675 451 3756 reficiant,
468 3684 495 3736 et
508 3677 631 3737 crimina
645 3677 817 3758 corriperet:
831 3677 884 3757 qui
895 3674 1014 3738 redeant
1027 3675 1100 3756 fati·
1155 3680 1310 3743 Ecclesiae
1324 3683 1430 3739 autern
1445 3674 1711 3754 Metropolitanus,
1728 3669 1936 3742 cathedrales,

303 3764 367 3845 pati
387 3763 514 3844 qceidem,
541 3764 592 3826 sed
618 3783 676 3826 non
701 3764 899 3845 suffarcinati,
928 3763 1098 3846 ploriantes,
1155 3767 1353 3848 collegiatus,
1370 3764 1552 3844 Regulares,
1569 3765 1676 3842 potest
1690 3759 1776 3822 solus
1790 3761 1941 3840 Papasp·

303 3852 383 3935 quod
413 3851 556 3914 Ecclesiis
585 3852 760 3934 reliquerint
795 3853 946 3927 Ordinem,
979 3851 1101 3916 Clem'cis
1154 3857 1303 3939 probare;
1325 3856 1401 3917 item
1424 3853 1602 3932 dignitates,
1628 3869 1702 3931 qum
1722 3846 1943 3910 rest-nomine

304 3939 501 4023 disciplinam,
521 3941 582 4003 Deo
598 3941 744 4024 populum
762 3941 965 4024 acceptabilem
979 3949 1101 4002 sectato·
1154 3966 1244 4010 novae
1267 3949 1340 4007 sunt
1360 3961 1397 4005 sc
1418 3942 1527 4024 primae
1553 3941 1585 4000 in
1607 3939 1713 4018 aliqua
1735 3936 1886 4014 Ecclesia,
1901 3931 1941 3995 uti
2060 3998 2061 4012 ,

305 4052 366 4094 rem
381 4033 519 4094 bonorum
533 4051 665 4114 opernm.
1155 4037 1250 4098 hebet
1263 4033 1438 4096 communis
1452 4048 1524 4092 cum
1538 4031 1620 4090 hott.
1638 4027 1661 4088 l.
1678 4031 1707 4104 1,
1723 4047 1754 4108 ᾳ.
1768 4029 1799 4103 5,
1816 4045 1879 4086 an.
1895 4027 1937 4085 lt.

237 4143 276 4191 sm
343 4123 422 4204 §ll⁷
453 4120 602 4184 Similiter
625 4121 707 4182 inter
726 4120 803 4182 vitia
825 4137 935 4182 eorum
958 4123 1100 4184 recenset
1154 4123 1326 4203 Episcopus
1350 4125 1456 4183 tamen
1485 4121 1516 4178 et
1539 4115 1661 4178 Proelsti
1681 4114 1836 4176 babentes
1854 4110 1941 4212 juris·

305 4211 404 4288 Dript,
421 4230 444 4272 s.
464 4214 492 4285 1,
518 4229 563 4272 αν.
580 4210 651 4288 ult,
669 4210 694 4270 si
709 4209 823 4271 delicta
838 4209 959 4272 occulta
971 4210 1097 4290 publice
1154 4212 1323 4274 dictionem
1337 4208 1426 4290 qussi
1441 4206 1660 4287 Episcopalem
1674 4223 1732 4284 pro
1747 4207 1835 4266 certa
1859 4208 1940 4265 sem
2060 4217 2061 4222 ’

303 4298 446 4379 puniant,
463 4299 488 4360 si
504 4299 596 4359 nimis
611 4298 693 4360 nvidi
708 4299 771 4360 sint
785 4298 1005 4378 pecuniarum
1018 4299 1045 4359 si
1060 4317 1099 4360 ex
1153 4301 1245 4382 torio,
1272 4300 1403 4378 possunt
1426 4315 1483 4376 pra
1506 4294 1648 4356 Ecclesia
1661 4292 1720 4354 sibi
1735 4291 1878 4373 subjecta
1891 4305 1940 4366 sp-

304 4392 447 4467 respeotu
462 4387 600 4449 humano
616 4386 812 4448 dissimulent
822 4386 937 4447 delicta
950 4385 1098 4448 ditiorum
1152 4390 1287 4471 probare
1321 4385 1476 4448 beneficia
1514 4382 1629 4446 similia
1663 4379 1936 4460 praestolantibus,

304 4495 341 4558 ep
356 4475 577 4555 potentiarum
590 4474 772 4554 permittant
786 4493 819 4536 se
834 4475 991 4556 corrumpi
1003 4494 1099 4555 pecu·
1152 4497 1181 4542 u.
1194 4496 1225 4557 g.
1242 4475 1416 4538 secundum
1438 4471 1740 4536 Archidiaoonatum
1763 4469 1814 4531 vel
1837 4481 1936 4548 pereo-

304 4565 364 4626 niis
378 4569 412 4626 ut
426 4565 539 4627 delicta
553 4564 763 4626 dissimulent:
780 4564 805 4625 si
817 4581 854 4625 ea
863 4565 952 4644 signs
963 4565 1099 4628 habeant
1153 4571 1277 4640 netum;
1294 4563 1460 4626 heresim
1475 4578 1537 4624 non
1552 4563 1618 4621 tum
1631 4562 1705 4620 sunt
1718 4575 1802 4618 nova
1827 4555 1940 4618 benus.

304 4672 361 4735 pro
385 4653 486 4733 plenis
507 4653 760 4733 probationibus,
791 4670 861 4732 qum
885 4653 1096 4732 suspicionem
1153 4655 1212 4732 cie,
1238 4671 1332 4735 quam
1356 4650 1494 4713 extensio
1518 4649 1661 4728 priorum
1687 4665 1695 4706 ι
1723 4645 1800 4707 item
1818 4643 1939 4742 possunt

302 4742 491 4822 prudentem
500 4741 695 4820 vixiundant
707 4760 714 4802 :
728 4741 872 4822 similiter
885 4741 996 4803 vitium
1011 4747 1058 4804 est
1072 4749 1097 4810 si
1153 4761 1261 4805 creare
1283 4740 1482 4803 Peraohiales
1505 4736 1671 4810 Ecclesias,
1697 4735 1743 4796 uti
1758 4733 1892 4797 babetur
1911 4746 1941 4790 ur

304 4849 342 4892 ex
356 4830 445 4892 vanis
459 4829 687 4909 suspicionibus
702 4829 1098 4912 rusticosvoceutadjura·
1152 4832 1237 4894 Trid.
1254 4850 1277 4892 e.
1294 4833 1343 4906 ul,
1355 4848 1379 4892 e.
1391 4833 1421 4904 1,
1438 4826 1473 4889 de
1486 4825 1551 4887 Res.
1569 4833 1595 4886 et
1609 4842 1635 4886 c.
1651 4821 1846 4900 audientiam,
1862 4825 1889 4898 3,
1909 4816 1940 4878 de
2060 4897 2061 4900 Ἴ

281 4965 284 4974 .
303 4922 533 4994 mentasanus
542 4917 656 4980 hocuel
665 4917 1098 5000 illudieceriut3teneaturque
1153 4919 1260 5000 adific.
1272 4917 1357 4979 Ecel.
1374 4918 1461 4979 Gerr.
1480 4913 1502 4977 l.
1519 4918 1549 4992 3,
1563 4932 1588 4975 c.
1606 4916 1636 4990 2,
1652 4931 1683 4973 n.
1700 4916 1730 4974 2.
1747 4913 1833 4976 ltem
1842 4923 1937 4974 emere
2060 4921 2061 4962 t

304 5005 450 5086 Episcopi
461 5004 625 5085 invigilare
636 5005 677 5066 sd
688 5005 758 5081 ists,
770 5024 810 5066 ne
820 5006 907 5079 fiant3
919 5006 1052 5082 Marob,
1066 5006 1098 5067 in
1152 5002 1621 5089 possuntsimplieiabenelicis.
1641 4999 1845 5072 Quidautem
1865 4998 1938 5060 circs
2060 5013 2061 5076 ς

303 5095 401 5173 Tria,
417 5105 439 5156 t.
455 5099 485 5158 8.
505 5103 528 5155 t.
552 5098 581 5156 3.
608 5113 631 5156 s.
648 5098 678 5156 3.
694 5095 841 5156 Deiectus
855 5093 973 5156 similes
987 5095 1104 5156 Archi.
1151 5097 1227 5159 telis
1241 5101 1272 5158 et
1285 5091 1579 5156 eireeeedilicaudas
1589 5088 1745 5152 ltcelesias
1756 5083 1938 5168 possitbedo
2060 5161 2061 5176 χ

304 5185 509 5246 diaconorum
541 5187 685 5245 recenset
720 5181 883 5262 Philippus
918 5183 1098 5246 Ravennius
1152 5190 1283 5248 vacante
1298 5183 1476 5263 Capitulum
1485 5180 1536 5242 vel
1549 5178 1686 5240 vicarius
1700 5177 1936 5258 explieatlieslrs
2059 5179 2061 5252 f

304 5271 590 5351 Archifltpiscopus
622 5269 846 5350 Philippensis,
875 5269 911 5331 de
936 5270 1099 5352 aepactae
1153 5282 1192 5335 tr.
1211 5275 1259 5340 13,
1275 5271 1306 5334 cl.
1318 5275 1348 5339 t,
1360 5291 1392 5352 p.
1409 5274 1439 5348 2,
1455 5287 1486 5330 n.
1502 5272 1534 5346 9,
1555 5265 1623 5329 etei.
1640 5269 1671 5344 6,
1683 5285 1716 5346 p.
1729 5267 1778 5328 ll.
2060 5262 2061 5272 ’

306 5360 414 5422 Christ.
433 5359 455 5421 l.
470 5363 499 5440 l,
515 5379 540 5422 e.
554 5363 604 5437 20,
618 5378 649 5420 n.
665 5362 695 5438 8,
722 5379 737 5415 a
750 5358 1099 5422 conniventsrohidis-
1191 5361 1252 5440 §2
1270 5362 1403 5422 Possunt
1417 5359 1449 5420 in
1463 5357 1576 5420 eodem
1590 5355 1681 5418 ulturi
1696 5353 1936 5436 eonstituiplurs
1956 5365 1986 5413 so
2060 5361 2061 5382 i

305 5473 320 5512 o
340 5449 409 5514 soni
431 5449 472 5512 ed
486 5448 573 5528 vitia,
594 5447 752 5530 recipiunt
767 5465 910 5528 munera,
934 5448 1104 5514 conferunt
1152 5442 1933 5516 senescisettamunsuodtversisinrsosuoniou,
