3994 6344
749 555 979 670 rursum.
1625 559 1684 654 sor

46 753 174 809 murat
182 765 196 816 ,·
209 742 441 828 quicquum-ti
449 742 732 815 accediturcroestr
748 744 835 828 quid·
888 743 937 807 nis
952 741 1105 826 recipiens
1117 758 1230 826 parum
1241 743 1566 826 propterpericulum,
1579 763 1688 827 quam·

45 831 108 915 qm'd
120 831 202 894 ultro
208 841 311 894 corten
321 833 546 916 eripr‘tcrururo
552 841 602 909 est,
613 838 673 893 etc.
683 829 834 895 Sedeom·
889 833 935 894 ris
949 837 1059 912 postea
1071 837 1171 894 totam
1185 837 1302 896 sortem
1317 834 1456 912 amittat,
1471 833 1575 896 minus
1599 835 1689 897 dam-

46 919 138 982 munis
159 921 316 983 sententie
330 924 485 983 esthcere
500 920 618 1003 aliquid
634 921 787 1002 accipere,
808 919 833 982 si
888 939 964 981 num
984 919 1133 1000 patietur,
1147 926 1178 982 et
1203 921 1324 984 interea
1346 923 1554 985 mutuatarius
1573 923 1689 1003 poterit

46 1007 282 1090 mcedatjustus
295 1009 407 1092 aliquis
430 1011 538 1072 titulus
567 1015 599 1070 et
619 1007 776 1072 constabit
796 1027 833 1068 ex
887 1008 1003 1070 lucrari
1019 1027 1057 1069 ex
1071 1013 1180 1072 mutuo
1200 1028 1208 1070 ε
1225 1027 1299 1090 ergo
1326 1030 1389 1072 non
1412 1016 1546 1091 augetur
1565 1007 1688 1090 pericu-

45 1097 185 1160 dicendis.
202 1097 293 1160 Unde
303 1098 444 1160 Christus
454 1102 486 1160 et
495 1098 691 1178 citataeleges
702 1096 833 1176 aliaeque
888 1097 1070 1159 lumsortis.
1088 1097 1175 1160 adt.
1198 1098 1229 1161 Si
1254 1097 1314 1160 boo
1340 1099 1436 1161 faciat
1459 1097 1687 1161 antevertendo

45 1181 161 1261 similes,
177 1187 236 1247 aut
252 1184 347 1247 etiam
371 1186 477 1248 Sancti
504 1187 623 1263 Patrae,
648 1185 763 1246 similia
787 1183 834 1245 di·
887 1185 1072 1266 periculum,
1089 1189 1123 1248 C.
1141 1186 1166 1248 si
1182 1189 1349 1266 postquam
1358 1194 1506 1249 mutuans
1515 1186 1583 1267 jam
1597 1183 1688 1247 susti·

5 1249 7 1336 l
45 1277 140 1333 centm
159 1275 285 1334 tantum
310 1271 589 1353 loquunturdeeo
613 1274 699 1357 quod
721 1292 780 1352 per
800 1289 833 1333 sa
889 1273 1154 1354 nuitperieulnm,
1172 1277 1208 1336 N.
1230 1276 1378 1337 siautem
1392 1273 1602 1338 mutuatarius
1623 1291 1687 1335 res·

45 1363 85 1421 ost
97 1363 126 1421 et
139 1360 267 1442 quaudo
281 1359 400 1440 aliquid
415 1360 612 1440 acciperetur
626 1361 747 1422 ratione
763 1377 835 1420 mu·
887 1361 981 1423 tituat
995 1365 1124 1439 sortem,
1140 1364 1288 1425 mutuans
1298 1363 1366 1443 jam
1385 1362 1605 1424 antecedenter
1619 1379 1689 1422 sus-

5 1487 7 1522 ι
44 1449 92 1524 tui,
108 1465 167 1510 uon
183 1449 404 1529 autemsiper
424 1449 570 1512 accidens
593 1449 720 1512 aliunde
746 1466 834 1512 acce·
887 1447 1688 1531 tinueratpericulumilliusperdendae,quodperi·

5 1531 7 1606 r
46 1535 125 1596 deret
132 1535 238 1617 justus
251 1537 361 1598 titulus
377 1538 402 1600 ¹.
889 1539 994 1602 culum
1008 1543 1076 1600 tum
1091 1543 1159 1601 erat
1172 1539 1225 1600 tali
1241 1539 1341 1618 pretio
1356 1539 1550 1602 aestimabile.

78 1623 181 1700 Quos.
202 1627 270 1688 ¹38.
283 1658 325 1672 -
340 1624 418 1702 Ouid
430 1625 592 1688 notandum
604 1626 644 1688 rit
662 1627 740 1689 circa
763 1627 834 1690 titu-
928 1625 1001 1688 lust.
1016 1628 1044 1690 l.
1057 1629 1123 1691 Huc
1132 1646 1257 1708 semper
1266 1632 1487 1708 compensatur
1495 1644 1552 1707 per
1565 1641 1686 1704 curam,

46 1711 97 1776 lum
109 1712 272 1794 campiendi
283 1714 402 1798 olr‘quid
415 1715 451 1776 ob
468 1715 636 1797 perr'rulum
660 1715 770 1776 sortis?
795 1719 831 1778 R.
889 1733 984 1797 quam
998 1716 1093 1779 debet
1106 1715 1223 1780 habere
1233 1715 1443 1779 mutuatarius
1455 1731 1511 1794 pro
1525 1713 1689 1775 reddenda

46 1819 120 1882 seqq.
143 1802 161 1882 ᾗ
181 1805 210 1865 l.
232 1800 311 1865 ilino
332 1803 457 1866 titulum
489 1823 556 1866 esse
578 1803 698 1885 justum
721 1803 836 1866 docent
888 1807 989 1876 sorte3
1007 1803 1082 1866 item
1097 1821 1154 1883 per
1168 1805 1239 1882 hoe,
1256 1805 1339 1886 quod
1354 1807 1502 1865 mutuans
1517 1801 1638 1863 interea
1651 1799 1689 1864 li-

5 1885 7 1966 l
46 1887 100 1949 lere
114 1907 221 1952 omnes
233 1895 345 1954 contro
357 1893 708 1974 pauoosapudliianp.
722 1895 749 1970 l,
763 1901 785 1954 ι.
802 1893 832 1970 8,
889 1891 946 1952 ber
960 1891 1000 1953 sit
1014 1892 1082 1952 aliis
1106 1892 1274 1972 periculis,
1295 1891 1472 1954 ⁴amittendi
1495 1893 1612 1953 sortem
1633 1907 1690 1971 per

46 1979 147 2038 mar.
163 1977 203 2039 ut
221 1977 257 2040 id
283 1996 394 2039 verum
411 1996 479 2041 esse
500 1980 626 2060 quaudo
649 1984 730 2042 esset
750 1979 836 2059 peri·
889 1980 984 2057 fures,
999 1983 1152 2058 raptores,
1171 1979 1327 2041 incendia.
1352 1981 1387 2040 R.
1408 1997 1440 2039 n.
1459 1995 1520 2039 ass.
1537 1977 1690 2058 quianon

47 2064 138 2126 culum
150 2067 276 2126 tantum
290 2067 452 2152 probabile
468 2068 649 2131 amittenda
664 2068 768 2145 sortis,
790 2071 835 2130 te·
890 2067 1032 2130 obstante
1060 2086 1098 2130 ea
1125 2086 1203 2130 cura
1230 2067 1382 2130 reddendi
1406 2069 1437 2128 et
1454 2063 1623 2127 securitate
1648 2063 1689 2127 ab

31 2151 111 2214 'nent
124 2153 210 2232 Sylv.
224 2155 331 2231 Serra,
343 2157 537 2237 Moyasupro
547 2176 577 2218 n.
591 2161 620 2234 2,
637 2157 752 2238 aliique
763 2173 835 2218 oum
888 2153 949 2216 illis
975 2155 1043 2216 aliis
1069 2155 1227 2234 periculis,
1257 2155 1463 2236 supponimus
1490 2155 1690 2214 mutuantem

47 2241 133 2304 Gaslr.
145 2259 179 2322 p.
196 2245 229 2320 4,
245 2241 276 2304 d.
296 2247 344 2321 Π,
360 2264 390 2306 o.
406 2247 436 2307 3.
454 2245 545 2308 Ratio
561 2249 608 2306 est
630 2245 706 2326 quia
733 2244 785 2306 hic
805 2250 836 2306 et
890 2261 957 2304 esse
968 2243 999 2304 in
1015 2261 1090 2304 vero
1114 2261 1152 2304 ac
1162 2243 1275 2324 majori
1291 2241 1430 2323 periculo
1445 2239 1608 2303 amittendi
1622 2257 1691 2302 sor·

47 2345 189 2392 unnenon
204 2330 331 2411 obligor
344 2335 500 2411 mutuare,
518 2333 564 2395 uti
578 2350 735 2412 suppono,
759 2349 834 2393 nam
890 2335 965 2409 tem,
979 2331 1023 2392 uti
1038 2330 1161 2393 dicetur
1175 2351 1205 2394 n.
1221 2335 1292 2394 854.

47 2413 321 2480 doremctaumnon
332 2439 444 2502 semper
458 2421 675 2499 teneturlromo,
691 2419 832 2502 inquitS.
929 2417 1003 2481 lost.
1021 2423 1050 2481 3.
1068 2421 1100 2482 S.
1118 2419 1177 2482 Th.
1194 2439 1291 2502 omme.
1303 2421 1353 2498 73,
1369 2438 1395 2481 c.
1414 2422 1444 2498 6,
1461 2419 1524 2482 ait:
1541 2416 1629 2480 Ratio
1639 2435 1690 2499 pe·

46 2503 145 2569 ¹lhuur.
160 2511 190 2585 3,
207 2510 239 2586 2,
256 2527 286 2589 q.
303 2511 353 2586 78,
370 2516 431 2572 ort.
444 2511 473 2587 l,
489 2507 581 2571 aaa:
599 2527 674 2590 ergo
685 2527 743 2571 nec
758 2506 837 2569 obli·
890 2506 983 2568 riculi
995 2507 1081 2568 etiam
1095 2507 1176 2569 cirea
1189 2515 1296 2569 sortem
1306 2527 1363 2568 non
1374 2505 1456 2568 tollit
1467 2507 1692 2569 ratimarum·

37 2609 97 2679 „por
107 2594 209 2657 subire
225 2592 305 2656 illud
318 2595 504 2675 periculum;
520 2595 598 2658 illud
613 2601 719 2658 autem
730 2595 836 2658 subire
890 2613 933 2658 roe
956 2596 988 2657 in
1010 2605 1123 2674 mutuo,
1150 2597 1198 2657 uti
1217 2596 1365 2680 protatur
1387 2597 1417 2657 in
1430 2615 1456 2658 ε.
1472 2594 1583 2676 Novr'p.
1601 2597 1637 2657 ll.
1655 2596 1688 2658 S.

48 2682 195 2763 estpretio
210 2683 410 2762 aestimabile,
427 2684 472 2746 uti
488 2687 610 2747 certum
625 2687 672 2746 est
687 2687 718 2746 et
738 2683 836 2745 mani·
891 2686 949 2747 Th.
976 2685 1178 2765 explicandus
1202 2690 1260 2764 est,
1287 2685 1332 2749 uti
1355 2703 1388 2746 n.
1414 2701 1483 2765 seq.
1500 2687 1596 2764 caput
1614 2682 1691 2745 illud

48 2765 114 2834 leste
127 2773 265 2835 ostendit
280 2791 318 2834 ex
328 2771 401 2854 jure
416 2777 447 2836 et
461 2773 651 2835 Auctoribus
667 2775 741 2835 Cor.
763 2771 783 2834 l.
803 2775 834 2849 3,
892 2772 1108 2853 explicabitur.

48 2857 188 2922 reiorum
201 2879 268 2942 rep.
287 2863 318 2938 2,
335 2879 366 2922 n.
383 2863 413 2934 5;
432 2878 507 2940 ergo
518 2860 544 2920 si
559 2861 689 2922 subeam
702 2860 736 2920 iu
750 2859 837 2920 tavo-
934 2861 995 2942 §2
1012 2861 1111 2924 ltlulto
1126 2859 1228 2942 magis
1242 2859 1364 2924 licitum
1381 2864 1430 2924 est
1440 2857 1596 2923 mutuanti
1610 2855 1693 2921 aeci·
1718 2901 1760 2946 ⁸5,

49 2946 835 3028 remmutuaterii,possumidcoacciperealiquid¹.
890 2969 966 3031 pere
994 2949 1115 3030 aliquid
1138 2951 1164 3012 si
1187 2950 1221 3012 in
1246 2967 1279 3011 se
1295 2948 1446 3030 suscipiat
1458 2947 1633 3028 periculum
1647 2945 1693 3009 rei

85 3033 172 3118 Otjir.
189 3036 371 3100 Periculum
386 3037 477 3098 sortis
493 3040 539 3099 est
553 3037 673 3117 aliquid
695 3037 834 3098 intrinsc·
891 3041 1059 3116 mutuatae,
1082 3057 1115 3100 v.
1141 3057 1174 3118 g.
1200 3037 1227 3099 si
1255 3038 1440 3120 navigaturo
1463 3037 1495 3099 in
1522 3037 1691 3117 angliam,

51 3143 111 3188 cum
120 3127 228 3188 mutuo
239 3146 247 3188 :
258 3143 335 3205 ergo
347 3144 409 3186 nou
419 3129 522 3205 potest
532 3125 835 3201 vendiamutuante,
891 3129 1014 3189 mutuet
1028 3125 1178 3206 pecunias
1193 3130 1225 3188 ει
1239 3126 1271 3186 in
1285 3145 1318 3188 se
1344 3125 1495 3205 suscipiat
1519 3124 1695 3204 periculum

52 3210 130 3274 sicuti
143 3213 195 3294 qui
209 3214 436 3276 mutuatalteri
459 3231 573 3294 equum
596 3218 698 3295 potest
717 3213 745 3274 ei
760 3233 837 3275 van·
893 3215 1174 3294 transportationis
1197 3213 1228 3275 in
1258 3213 1416 3294 Angliam.
1434 3212 1523 3275 Ratio
1546 3217 1635 3293 patet
1656 3231 1695 3274 ex

51 3299 114 3364 dere
127 3301 322 3364 celeritatem
338 3303 422 3382 equi,
439 3305 513 3383 quia
536 3302 606 3363 haec
624 3301 768 3364 celeritas
791 3305 839 3364 est
893 3301 994 3380 dictis,
1004 3303 1078 3384 quia
1098 3306 1217 3364 certum
1229 3307 1277 3363 est
1296 3302 1432 3364 hocesse
1443 3301 1545 3381 pretio
1561 3301 1694 3362 aestima·

52 3383 154 3466 aliquid
168 3389 269 3468 ipsius
285 3389 355 3468 equi
378 3390 524 3467 mutuati,
550 3389 640 3469 cujus
664 3389 838 3452 dominium
893 3393 966 3470 bile,
993 3392 1191 3472 probantque
1213 3391 1276 3452 late
1296 3391 1405 3452 Covar.
1427 3408 1493 3470 sup.
1523 3391 1555 3452 et
1577 3388 1691 3451 Roder.

53 3475 170 3556 acquirit
182 3475 405 3538 mutuatarius.
422 3481 452 3538 3.
470 3476 560 3549 Quod
575 3477 773 3556 exigiturpro
784 3496 840 3557 pe·
895 3479 917 3542 l.
933 3483 965 3556 3,
981 3500 1011 3561 q.
1028 3482 1058 3558 5,
1075 3498 1137 3542 aa.
1153 3483 1204 3541 52.

52 3561 137 3628 druto
144 3561 236 3626 sortis
244 3561 396 3624 etiamest
403 3563 579 3642 expositum
590 3563 728 3642 periculo
742 3584 749 3625 :
763 3581 838 3643 ergo
935 3567 1032 3650 Objtc.
1051 3569 1087 3630 C.
1103 3567 1283 3649 Nacr'quuti,
1301 3567 1354 3630 ult.
1371 3565 1407 3628 de
1419 3567 1526 3645 usuras,
1553 3563 1691 3628 dicitur:

52 3645 182 3711 btebiiin
197 3647 355 3710 infinitum
370 3649 439 3728 plus
449 3654 480 3711 et
493 3650 563 3730 plus
579 3650 703 3730 exigere
718 3649 838 3712 ratione
893 3655 1112 3738 Navr'pantivel
1123 3657 1205 3718 eunti
1226 3655 1267 3718 ad
1286 3655 1434 3717 nrmdinas
1443 3663 1551 3718 certam
1561 3662 1697 3716 mutuans

53 3734 178 3816 periculi.
187 3737 218 3799 3.
236 3736 377 3799 Petendo
392 3737 511 3820 aliquid
526 3739 840 3818 propterpericulum
888 3745 1026 3828 paeonio
1039 3745 1248 3827 quantitatem,
1264 3761 1297 3806 eo
1311 3743 1392 3826 qood
1402 3743 1521 3824 suscepit
1533 3743 1563 3803 ιη
1576 3761 1605 3803 εε
1615 3744 1697 3824 peri·

54 3823 365 3904 rugebrrpericulum,
376 3824 450 3904 quia
458 3843 519 3905 quo
529 3825 598 3904 plus
609 3824 745 3902 debebit,
753 3830 840 3887 tanto
894 3832 1003 3908 aulum,
1020 3842 1189 3913 recepturus
1202 3829 1321 3913 aliquid
1341 3831 1422 3893 ultro
1443 3839 1559 3908 εονιεει,
1586 3828 1696 3892 baura-

53 3911 142 3992 majus
155 3913 215 3974 erit
228 3911 416 3992 periculum,
434 3931 473 3974 ue
488 3931 552 3974 nou
562 3912 733 3976 satisfaciat
744 3932 751 3975 :
764 3932 840 3996 ergo
894 3921 956 3982 mus
969 3928 1010 3981 ert
1021 3920 1184 3982 censendus.
1202 3923 1238 3982 R.
1255 3919 1359 3983 Variae
1373 3921 1446 3981 sunt
1459 3917 1693 4000 explicationes.

54 3995 153 4080 injuste
165 3999 296 4080 petitur.
312 4003 343 4063 4.
360 4001 520 4074 Quantum
535 4002 606 4082 quis
626 4008 765 4066 meretur
787 4021 840 4064 su·
894 4006 972 4072 Adr.
990 4007 1065 4069 dicit
1077 4006 1214 4089 loquide
1228 4005 1368 4087 periculo
1383 4005 1492 4084 dubio,
1510 4005 1559 4068 vel
1572 4007 1696 4069 tautum

55 4083 131 4149 biens
143 4087 469 4168 periculumproalio,
481 4091 841 4154 tantummareturalius
896 4095 1106 4175 apprehenso,
1124 4095 1179 4157 sed
1192 4113 1265 4156 cum
1284 4100 1359 4174 agat
1379 4095 1419 4156 de
1445 4093 1585 4175 periculo
1608 4092 1698 4156 uari-

54 4170 176 4239 lilreruns
190 4195 267 4240 eum
282 4177 342 4240 isto
356 4177 521 4257 periculo;
553 4179 607 4241 sed
631 4181 842 4243 mutuatarius
896 4183 999 4264 gantis
1022 4184 1072 4247 vel
1095 4182 1282 4260 itineraturi,
1298 4181 1465 4262 explicatio
1480 4186 1527 4244 εει
1547 4179 1694 4245 difficilis.

56 4265 208 4336 restituens
218 4269 338 4328 sortem
352 4267 465 4330 liberat
479 4271 675 4330 mutuantem
689 4267 748 4332 isto
758 4269 843 4350 peri·
895 4269 1000 4353 Aliqui
1027 4287 1100 4333 cum
1121 4271 1231 4350 Laym.
1260 4270 1360 4332 castr.
1386 4272 1478 4350 Spar.
1506 4279 1529 4332 ι.
1554 4272 1585 4347 6,
1610 4287 1636 4331 r.
1663 4272 1694 4346 4,

57 4349 117 4414 rulo
130 4371 138 4415 t
153 4371 227 4435 argo
243 4355 273 4417 ei
287 4355 402 4417 iterum
417 4354 583 4418 debebitur
596 4355 657 4419 hoc
680 4358 766 4438 quod
789 4357 842 4419 de·
896 4381 925 4423 o.
938 4365 993 4436 ιι,
1009 4361 1107 4424 illst.
1122 4363 1153 4438 4,
1170 4358 1200 4421 d.
1216 4363 1248 4437 3,
1267 4379 1298 4421 o.
1327 4361 1398 4436 433,
1424 4362 1537 4440 putant
1559 4356 1698 4437 particu-

59 4437 106 4519 dit,
118 4439 153 4504 lt.
169 4441 210 4505 cd
223 4444 253 4506 ι.
270 4443 309 4504 Ν.
326 4447 391 4506 ant.
408 4461 482 4506 nam
496 4443 673 4524 periculum
687 4445 779 4507 sortis
796 4449 844 4508 est
896 4448 960 4510 lam
983 4465 1061 4526 non,
1082 4465 1150 4509 esse
1166 4446 1315 4508 omissum
1328 4464 1386 4526 prr
1399 4445 1645 4526 typographum,
1666 4446 1698 4506 ει

59 4525 162 4612 aliquid
175 4531 399 4607 extrinsecum,
416 4532 500 4613 quod
515 4537 624 4612 aptum
639 4533 797 4595 estiacerc
807 4539 844 4595 ut
898 4537 1014 4599 debere
1029 4555 1096 4598 esse
1113 4535 1276 4599 Ururarr'us
1292 4553 1350 4596 oon
1372 4543 1415 4596 est
1431 4532 1597 4611 censendus,
1622 4533 1699 4613 quia

58 4619 284 4698 comperdatur,
300 4639 333 4682 v.
344 4639 379 4700 g.
389 4620 545 4700 socordia,
558 4619 766 4702 prodigalitas
776 4640 844 4683 mu·
897 4623 1003 4686 statim
1017 4622 1159 4686 additur:
1174 4621 1234 4684 Ille
1248 4641 1372 4706 quoque,
1384 4622 1437 4702 qui
1453 4621 1508 4685 dat
1523 4621 1633 4683 decem
1647 4637 1696 4682 so-

60 4701 181 4783 luaturii,
192 4709 250 4770 aut
263 4705 382 4788 aliquid
392 4707 560 4769 imminens
577 4708 755 4788 periculum
774 4709 840 4791 jac·
900 4709 992 4789 lidos,
1001 4716 1062 4774 etc.
1076 4709 1238 4774 Ururoriue
1250 4730 1307 4772 non
1319 4709 1561 4792 debelreputori;
1573 4709 1697 4772 debuis-

42 4789 137 4882 Ιιιτεε,
152 4794 204 4874 qui
218 4795 360 4875 periculo
369 4796 507 4876 alioquin
522 4814 584 4859 uon
595 4797 759 4860 subeundo
770 4816 845 4860 mu·
898 4819 931 4863 se
942 4807 1047 4862 autem
1058 4800 1118 4862 dici
1130 4799 1305 4878 Illecutem,
1317 4799 1372 4861 ille
1385 4807 1522 4878 econtra,
1538 4799 1628 4872 ete.³;
1640 4797 1697 4860 sed

61 4875 281 4960 tuensexponit
298 4899 389 4944 suam
407 4887 534 4946 sortem.
560 4883 609 4947 nd
633 4889 662 4946 3.
689 4887 726 4948 Ν.
755 4903 841 4948 cons.
899 4907 971 4951 cum
985 4888 1234 4951 omnesuodioes
1267 4887 1463 4950 habeantuti
1478 4884 1695 4963 citatumest⁴,

61 4963 244 5034 monimo
253 4971 455 5051 prudentium
464 4972 565 5035 taxari
575 4973 680 5053 debet,
692 4977 844 5056 quantum
898 4977 1039 5058 plerique
1066 4995 1130 5040 non
1158 4976 1363 5058 acquiescunt
1388 4975 1450 5038 ista
1470 4975 1692 5056 responsione;

62 5047 122 5117 idco
135 5061 238 5136 posset
250 5057 345 5138 exigi.
361 5057 412 5122 Aa
420 5059 451 5123 3.
469 5061 506 5122 N.
523 5062 588 5124 aut.
613 5078 689 5122 nam
711 5066 845 5143 quotan-
898 5064 971 5127 hinc
994 5067 1072 5129 Nar.
1095 5063 1191 5129 etalii
1213 5083 1286 5128 cum
1308 5063 1424 5128 Roder.
1441 5083 1472 5127 n.
1488 5065 1538 5142 60,
1555 5063 1695 5147 dicunt,

89 5263 200 5330 lOrnser
209 5268 239 5321 P.
251 5267 329 5332 lect,
344 5269 405 5322 dier.
415 5271 440 5333 2,
455 5285 477 5321 c.
490 5273 512 5322 ι.
898 5273 914 5340 5
927 5273 1133 5339 saponariam
1148 5288 1204 5326 non
1218 5289 1268 5326 non
1282 5275 1374 5326 omittit
1384 5274 1467 5340 aprum
1482 5271 1547 5324 illud
1560 5271 1698 5340 capitulum

90 5333 103 5378 Ι
116 5335 139 5386 ι’.
153 5339 184 5389 Ρ.
193 5338 272 5403 leet,
282 5341 349 5392 Bisa.
363 5343 390 5403 2,
399 5355 421 5391 r.
433 5340 482 5406 l.§
494 5343 525 5392 34
534 5343 667 5408 errorque
675 5340 690 5407 9
703 5342 732 5394 ll
743 5342 767 5392 ει
775 5355 844 5408 seqq.
898 5343 1008 5394 recitans
1021 5343 1048 5395 S.
1059 5342 1223 5410 boymundus
1236 5344 1417 5407 dePenaasort
1432 5345 1459 5394 tn
1473 5344 1584 5396 Summa
1594 5343 1628 5394 de
1640 5343 1700 5394 Por·

88 5403 182 5484 §Hunc
205 5409 448 5464 monerem
468 5410 652 5476 prolaturam
677 5413 764 5463 turtur
780 5409 846 5463 Hen-
899 5414 1026 5478 nitentia,
1040 5430 1116 5482 quam
1138 5415 1194 5466 ticet
1208 5417 1276 5480 forte
1290 5417 1348 5466 cute
1370 5415 1487 5466 robertos
1502 5415 1643 5467 Decretalee
1656 5416 1699 5465 ιιι-
1764 5413 1765 5418 ’

70 5477 318 5540 murtenam
332 5482 360 5532 in
377 5495 441 5534 cum
455 5481 553 5534 locum.
900 5483 1206 5550 rtocvem't‚rerteportea
1215 5488 1298 5552 mapr'r
1311 5485 1442 5552 expolivit.

99 5545 183 5614 ulmo,
205 5553 245 5603 etr·
263 5552 325 5606 cette
341 5551 521 5606 mammeam
533 5553 563 5606 Ρ.
578 5551 651 5619 Zeet,
663 5551 724 5607 ἀίει.
744 5555 771 5620 l,
785 5567 805 5606 r.
821 5555 845 5617 l,
