4126 6330
679 527 920 596 obsecutio
942 527 1169 595 Paeonum.
1699 527 1757 599 103

111 715 247 782 Christus
278 717 386 780 statim
420 717 573 798 potuisset
608 734 756 798 reparare
794 717 901 780 omnia
962 719 1083 781 munia
1104 718 1261 800 plerisque
1283 721 1428 800 babetur,
1452 723 1536 804 quod
1551 721 1576 784 si
1592 721 1682 784 aliter
1696 725 1754 800 est,

111 809 221 870 damna
245 807 305 870 sibi
328 808 412 868 facta
432 825 490 885 per
512 807 729 885 contumelias,
755 807 898 881 vulnera,
959 826 1016 887 per
1030 809 1176 870 accidens
1191 810 1260 887 erit,
1278 811 1302 871 si
1318 810 1368 871 lur
1383 811 1546 874 occasione
1562 811 1656 892 hujus
1670 830 1756 874 erro·

110 899 250 974 nomem,
266 914 329 958 non
345 895 486 976 sequitur
500 895 581 972 ideo,
595 895 750 958 minorem
765 895 823 974 ipsi
838 894 900 956 lac·
957 893 1000 954 ris
1011 894 1199 962 invincibilis
1214 898 1423 960 diversimode
1438 904 1548 980 peccet
1557 905 1589 962 et
1597 900 1693 962 laedat
1703 899 1757 981 jus

110 989 168 1046 tam
183 1003 251 1046 esse
266 984 427 1064 injuriam.
440 985 532 1062 Resp.
550 985 658 1066 Neque
673 1002 731 1046 nos
747 984 806 1046 hoe
822 983 899 1044 dixi·
957 982 1070 1062 majus,
1084 985 1168 1064 quod
1183 987 1305 1066 putavit
1319 1005 1386 1048 esse
1402 988 1516 1064 minus,
1527 989 1576 1050 vel
1591 992 1712 1051 contra.

110 1093 199 1135 mus:
224 1078 328 1153 potest
349 1077 455 1136 tamen
478 1072 684 1152 probabiliter
706 1073 778 1150 dici,
800 1073 826 1134 si
846 1073 902 1133 ilat
998 1071 1123 1154 Objr'cr'cs
1136 1079 1166 1136 t.
1190 1076 1238 1138 Ad
1260 1078 1520 1140 sustentationem
1536 1078 1682 1139 diurnam
1696 1094 1755 1156 po·
1781 1095 1823 1142 oon

109 1163 220 1242 injuria
233 1163 339 1239 alicui,
358 1161 411 1242 qui
426 1162 524 1224 scitur
537 1162 628 1223 facile
644 1181 735 1241 posse
750 1179 899 1241 reparare
956 1161 1120 1224 tentissimi
1145 1166 1238 1244 Regis
1262 1183 1324 1227 non
1347 1170 1450 1246 potest
1470 1167 1615 1229 sufficere
1637 1167 1754 1246 duplex

109 1251 201 1328 illam,
213 1250 331 1331 alioqui
342 1269 405 1311 non
416 1250 570 1328 facienda,
588 1250 646 1311 nisi
661 1251 795 1312 sciretur
809 1249 900 1310 lacile
957 1250 1089 1312 ducatus
1115 1273 1121 1312 :
1148 1271 1222 1332 ergo
1247 1254 1314 1316 nee
1338 1256 1496 1334 quantitas
1520 1255 1602 1316 male
1626 1253 1754 1334 ponitur

110 1357 197 1419 posse
212 1340 366 1419 reparari,
383 1357 447 1400 non
470 1339 536 1400 fore
560 1340 722 1402 moraliter
744 1343 810 1401 tam
830 1357 901 1418 gra·
956 1357 1013 1417 pro
1037 1342 1147 1420 regula
1168 1347 1311 1422 respectu
1327 1343 1419 1422 illius,
1437 1345 1481 1407 ita
1494 1348 1583 1424 Lugo
1597 1364 1628 1405 a.
1645 1345 1694 1406 26.
1713 1346 1749 1405 R.

110 1446 178 1488 vem
191 1427 338 1508 injuriam
351 1448 358 1489 :
371 1427 431 1488 hoc
446 1431 551 1488 tamen
567 1445 629 1488 non
646 1427 741 1489 babet
754 1426 900 1488 locumin
957 1431 994 1488 N.
1011 1429 1210 1506 antecedere,
1228 1432 1341 1492 namsi
1361 1433 1457 1494 semel
1476 1434 1509 1492 in
1533 1435 1615 1494 statu
1639 1450 1696 1493 suo
1712 1434 1752 1494 sit

111 1515 240 1592 Christo,
264 1513 315 1575 cui
338 1513 384 1576 ita
405 1513 523 1575 fiebant
546 1514 680 1595 iujuriae,
707 1520 741 1576 ut
763 1513 814 1574 vel
837 1531 901 1573 non
957 1515 1153 1592 constitutus,
1165 1521 1198 1578 ut
1207 1516 1291 1577 hunc
1301 1518 1463 1594 sustineat,
1476 1517 1675 1580 considerata
1685 1519 1752 1580 sola

109 1605 236 1665 sciretur
248 1620 341 1682 posse
361 1620 521 1681 reparare,
538 1603 588 1664 vel
607 1620 697 1683 aeque
716 1603 807 1664 lactae
823 1601 900 1663 luis·
956 1603 1024 1682 ejus
1046 1622 1181 1681 persona
1205 1606 1379 1668 secundum
1397 1607 1617 1670 necessitatem
1637 1607 1748 1686 victus,

109 1696 184 1768 sent,
199 1691 272 1753 lieet
284 1690 454 1751 inferentes
469 1690 528 1751 boc
543 1691 718 1753 scivissent.
955 1691 1084 1752 vestitus
1096 1695 1126 1752 et
1136 1692 1348 1771 habitationis,
1361 1695 1517 1757 sufficeret
1527 1713 1565 1756 ea
1575 1695 1748 1775 quantitas3

57 1785 87 1832 nt
147 1780 216 1841 Inst.
241 1783 271 1840 6.
298 1779 416 1840 Saltem
441 1779 625 1857 (secundum
649 1779 761 1860 dicta),
787 1780 899 1841 divites
955 1781 1040 1858 quod
1055 1779 1127 1841 inde
1147 1785 1233 1860 patet
1251 1801 1271 1842 a
1290 1783 1455 1860 posteriori
1474 1804 1481 1846 ε
1499 1801 1573 1845 nam
1587 1801 1671 1864 saepe
1685 1802 1751 1846 ma-

109 1873 195 1930 erunt
207 1867 325 1948 pejoris
340 1867 527 1930 conditionis
541 1886 636 1947 quam
646 1886 813 1948 pauperes,
826 1860 900 1950 quia
954 1867 1029 1928 ximi
1044 1869 1205 1948 Principes
1216 1870 1353 1949 Regibus
1363 1890 1455 1950 pares
1470 1891 1533 1934 uon
1549 1874 1625 1934 dant
1637 1873 1669 1932 in
1684 1871 1750 1934 dies

108 1958 217 2037 poterit
239 1957 319 2018 citra
340 1955 471 2017 mortale
493 1957 564 2034 plus
585 1956 646 2018 illis
664 1957 801 2032 auferri;
826 1975 898 2018 cum
953 1955 986 2015 in
1008 1956 1127 2019 victum
1150 1957 1327 2020 OEconomo
1351 1959 1444 2020 alicui
1468 1959 1632 2022 sustinenti
1659 1960 1751 2022 lami-

108 2051 207 2109 tamen
229 2049 287 2108 Jus
311 2043 441 2105 deberet
464 2044 568 2122 potius
592 2043 652 2105 illis
675 2045 798 2122 favere,
825 2047 899 2126 quia
952 2044 1038 2120 liam,
1053 2045 1750 2130 nisicirciterdueatumprosingulisaocum-

108 2135 172 2214 plus
186 2134 321 2194 atterunt
335 2132 376 2192 ad
391 2131 510 2192 bonurn
520 2149 698 2194 commune.
712 2135 804 2212 Resp.
818 2136 895 2212 Neg.
952 2131 1099 2193 bentibus
1115 2136 1145 2194 et
1167 2137 1272 2194 tamen
1293 2133 1363 2195 talis
1382 2135 1579 2197 OEconomus
1593 2135 1689 2198 babet
1702 2136 1750 2197 in-

108 2242 167 2302 seq.
185 2240 260 2284 nam
274 2221 369 2282 etiam
383 2221 454 2299 plus
469 2220 598 2282 babent.
614 2220 676 2282 Nec
690 2221 795 2291 obstet,
813 2223 896 2304 quod
952 2238 1047 2299 super
1068 2221 1139 2281 inde
1163 2222 1285 2283 lucrum
1312 2241 1319 2283 :
1343 2224 1427 2302 quod
1447 2223 1473 2284 si
1495 2225 1629 2286 alterum
1653 2225 1750 2286 duea-

109 2329 164 2392 quo
178 2310 249 2390 plus
263 2309 392 2385 babent,
410 2327 447 2369 eo
462 2309 532 2388 plus
546 2310 676 2388 periculi
692 2311 840 2388 habeant,
857 2331 896 2372 ne
951 2313 1020 2371 tum
1039 2309 1070 2368 in
1092 2309 1158 2370 dies
1173 2309 1311 2389 adjiciat,
1329 2309 1458 2373 babebit
1473 2311 1578 2388 etiam,
1596 2330 1666 2391 quae
1681 2329 1749 2371 ves-

108 2399 262 2460 auleratur
285 2418 292 2458 ε
317 2397 397 2458 Nam
425 2397 485 2458 hoc
509 2402 732 2478 compensatur
755 2419 813 2479 per
835 2400 897 2460 alia
949 2397 1026 2459 titus
1050 2403 1080 2459 et
1103 2397 1255 2459 habitatio
1280 2399 1452 2476 requirent,
1478 2418 1580 2479 neque
1603 2398 1688 2461 enim
1707 2399 1747 2460 ad

108 2486 267 2548 commoda
286 2486 466 2566 habentque
488 2487 583 2548 etiam
599 2485 710 2548 divites
724 2488 816 2567 plura
830 2506 897 2548 me·
951 2487 1210 2548 sustentationem
1237 2503 1380 2564 persona
1409 2493 1552 2567 spectare
1580 2493 1748 2548 censentur

107 2575 164 2652 dia,
176 2574 437 2656 quibuspeu'cula
450 2575 634 2656 propulsent
644 2579 675 2638 et
687 2595 720 2637 se
735 2581 892 2638 tueantur.
951 2592 1074 2654 pompae
1098 2574 1166 2635 aliae
1191 2575 1353 2653 aularum,
1376 2581 1431 2638 aut
1452 2579 1623 2656 apparatus
1644 2593 1746 2637 armo-

56 2670 87 2715 lss
144 2662 265 2744 Otjier'es
283 2667 313 2723 Ξ.
337 2665 406 2722 Non
426 2667 474 2722 est
489 2662 579 2739 ratio,
597 2680 654 2724 cur
667 2665 806 2743 gravitas
821 2663 896 2725 lurti
949 2679 1033 2724 rum.

107 2753 186 2833 prius
201 2753 386 2814 desumatur
398 2769 456 2830 per
474 2751 617 2812 ordinem
637 2753 678 2814 ad
698 2754 895 2815 sustentatio·
990 2749 1126 2812 Instatis.
1140 2750 1313 2828 Quantitas,
1331 2769 1401 2832 quae
1415 2770 1472 2832 pro
1488 2756 1572 2833 Rege
1587 2753 1744 2832 statuitur,
1772 2771 1814 2818 ose

108 2861 173 2904 nem
195 2842 343 2903 diurnam
363 2857 458 2919 quam
480 2840 520 2900 ad
541 2840 671 2920 aliquid.
694 2844 787 2921 Resp.
814 2845 891 2920 Neg.
950 2839 1045 2900 debet
1059 2857 1092 2898 se
1107 2838 1150 2900 ita
1164 2838 1282 2899 habere
1301 2839 1342 2900 ad
1363 2841 1586 2920 quantitatem,
1604 2859 1673 2922 quae
1688 2856 1746 2920 pro

107 2935 311 3008 assumptum,
332 2945 407 2988 nam
425 2927 457 2986 in
477 2927 586 3006 primis
606 2927 737 3008 indz'qere
755 2937 894 2990 sustento·
950 2929 1018 2990 cive
1033 2927 1190 3003 statuitur,
1203 2927 1246 2988 uti
1263 2945 1295 2988 se
1311 2927 1407 2990 habet
1421 2931 1582 3008 opulentia
1597 2927 1690 3008 Regis
1705 2927 1746 2988 ad

108 3020 179 3080 liene
191 3017 310 3084 diurne,
323 3020 371 3075 est
384 3033 550 3077 commune
566 3016 650 3077 omni
666 3017 785 3079 bomini
799 3039 805 3079 :
819 3036 894 3097 ergo
951 3015 1143 3093 opulentiam
1158 3015 1252 3077 civis:
1270 3015 1325 3076 sed
1341 3016 1500 3095 opulentia
1511 3017 1604 3097 Regis
1619 3020 1748 3096 superat

107 3108 173 3168 inde
182 3107 246 3186 peti
256 3107 361 3184 potest
371 3105 481 3182 regula
491 3105 689 3167 universalis:
701 3106 814 3167 deinde
824 3106 894 3166 linis
950 3103 1142 3181 opulentiam
1164 3104 1241 3164 civis
1260 3104 1353 3184 longe
1375 3107 1477 3185 magis
1498 3125 1593 3188 quam
1609 3107 1671 3168 duo
1687 3105 1747 3166 du-

107 3195 276 3273 praeeipuus
299 3193 455 3254 bonorum
479 3195 679 3255 externorum
703 3198 750 3255 est
773 3199 895 3255 susten·
949 3190 1010 3252 cati
1026 3195 1174 3270 superent
1188 3189 1327 3252 medium
1346 3192 1568 3270 Imperialem:
1590 3211 1665 3274 ergo
1680 3211 1747 3254 res-

107 3283 176 3346 totio
198 3283 271 3343 vitae
296 3281 443 3341 humanae
465 3299 471 3339 :
498 3298 573 3359 ergo
597 3284 682 3343 recte
705 3282 838 3343 dicimus
862 3283 894 3344 id
949 3283 1042 3357 pactu
1058 3280 1151 3358 Regis
1167 3297 1228 3340 non
1249 3280 1405 3342 sufficient
1419 3279 1482 3342 duo
1497 3281 1613 3344 ducati.
1632 3285 1668 3343 R.
1685 3285 1746 3344 De-

107 3370 220 3432 esnscri
241 3387 341 3448 grave
362 3367 395 3428 in
417 3367 506 3428 bonis
526 3369 672 3446 externis,
690 3369 774 3449 quod
789 3389 893 3432 censs·
948 3368 1002 3428 bet
1015 3368 1060 3429 ita
1074 3387 1106 3428 se
1122 3367 1238 3429 habere
1254 3387 1326 3429 eum
1340 3370 1518 3449 esqualitate
1533 3370 1743 3446 arithmetica,

108 3465 154 3521 tur
174 3477 270 3539 grave
294 3460 404 3518 contra
427 3456 521 3516 istum
540 3457 655 3531 finem;
676 3476 773 3537 grave
788 3463 894 3519 autem
949 3457 1448 3535 seucumprnportioneperleete
1464 3458 1740 3537 correspondente,

108 3553 254 3623 censetur,
271 3543 297 3605 si
318 3544 414 3604 bomo
429 3543 571 3621 privetur
589 3545 814 3607 sustentatione
837 3563 895 3624 per
949 3547 986 3606 N.
1004 3545 1082 3603 Cum
1096 3544 1273 3622 aequalitate
1287 3545 1481 3624 geometrica
1496 3550 1527 3606 et
1540 3545 1743 3625 proportione

108 3636 256 3716 integrum
276 3632 372 3708 diem,
395 3632 438 3693 uti
463 3631 582 3692 dictum
602 3638 649 3695 est
667 3653 698 3696 u.
714 3637 785 3708 985,
805 3651 891 3713 ergo.
950 3631 1087 3711 quadam
1111 3633 1285 3710 deficiente,
1312 3635 1344 3694 C.
1368 3632 1444 3714 maj.
1467 3637 1498 3694 et
1519 3636 1597 3712 Neg.
1615 3650 1741 3713 conseq.

55 3739 87 3789 aa
145 3723 266 3806 cujates
287 3725 317 3783 3.
336 3721 370 3782 Si
388 3721 527 3800 gravitas
541 3721 615 3783 furti
630 3722 789 3784 metienda
803 3724 843 3784 sit
857 3743 895 3784 ex
950 3721 1001 3782 Sic
1026 3721 1109 3781 enim
1132 3739 1165 3781 se
1189 3721 1299 3797 habet,
1324 3721 1350 3781 si
1372 3721 1609 3782 considerentur
1622 3720 1744 3800 majora

108 3809 342 3875 circumstantiis
364 3827 528 3888 personae,
554 3810 604 3869 cui
628 3812 787 3889 aufertur,
813 3831 895 3872 nun·
950 3826 1065 3884 onera,
1090 3809 1304 3888 frequentiora
1326 3809 1458 3886 damna,
1484 3809 1576 3888 plura
1602 3808 1744 3887 pericula

109 3921 196 3984 quam
218 3897 421 3963 determinari
446 3898 561 3977 poterit
584 3917 621 3959 ea
643 3900 796 3978 gravitas,
821 3899 895 3979 qnia
949 3898 1071 3974 Regum
1084 3915 1090 3956 :
1103 3898 1166 3958 imo
1182 3915 1264 3976 saepe
1280 3899 1380 3975 Reges
1395 3902 1468 3958 sunt
1480 3897 1653 3976 respective
1667 3914 1744 3974 pau-

108 3986 438 4066 pendebitabinlinitis
448 3987 689 4049 circumstantiis
700 3989 794 4050 etiam
805 3988 895 4068 igno·
948 3985 1088 4064 periores
1109 4005 1204 4065 quam
1226 3986 1320 4066 aliqui
1343 3986 1438 4064 cives,
1455 4005 1527 4049 eum
1549 3984 1611 4047 sint
1630 3985 1663 4045 in
1678 4002 1743 4044 ma-

107 4077 152 4150 tis;
168 4077 246 4138 scire
260 4075 346 4136 enim
360 4092 423 4134 non
439 4091 624 4152 possumus,
641 4095 680 4136 an
696 4077 841 4137 dominus
855 4077 895 4138 sit
949 4075 1019 4152 gnis
1034 4074 1146 4136 debitis
1164 4094 1170 4134 :
1187 4079 1281 4154 atque
1296 4073 1392 4135 etiam
1407 4075 1477 4137 idco
1493 4080 1644 4138 Auctores
1659 4091 1742 4134 com-

107 4165 254 4243 liberalis,
271 4165 322 4226 vel
337 4181 469 4240 avarus,
487 4182 527 4224 an
543 4183 626 4224 nunc
641 4165 680 4225 sit
693 4166 774 4226 bene
789 4165 895 4244 dispo·
948 4162 1084 4222 muniter
1097 4165 1269 4241 posuerunt
1285 4181 1381 4222 unum
1397 4163 1557 4240 ducatum,
1570 4162 1665 4223 etiam
1679 4179 1743 4221 res-

108 4255 188 4332 situs,
205 4253 254 4315 vel
273 4251 371 4328 male,
389 4251 531 4331 adeoque
546 4253 647 4330 magis
662 4253 776 4314 invitus
794 4273 800 4314 :
818 4253 893 4314 item
947 4256 1040 4330 pectu
1056 4253 1187 4329 Regum,
1201 4249 1274 4328 quia
1288 4249 1460 4328 loquuntur
1473 4251 1512 4311 de
1527 4249 1665 4328 Regibus
1679 4265 1742 4310 nnn

108 4342 266 4418 nescimus,
283 4359 324 4400 an
339 4339 444 4418 reipsa
456 4338 497 4400 sit
510 4357 630 4418 pauper
643 4358 684 4400 an
700 4340 801 4417 divae,
818 4359 892 4402 narn
948 4338 1122 4415 ditissimiS,
1145 4342 1239 4417 prout
1258 4355 1341 4398 nune
1356 4337 1565 4399 communiter
1579 4355 1641 4398 non
1656 4341 1739 4412 sunt,

108 4431 197 4511 aliqui
215 4429 361 4490 videntur
384 4427 509 4504 divites,
533 4427 585 4506 qui
607 4431 680 4488 sunt
693 4447 847 4508 pauperes
863 4435 893 4493 et
948 4428 1032 4508 quod
1055 4427 1149 4489 etiam
1170 4427 1253 4488 valet
1274 4425 1312 4486 de
1335 4425 1421 4504 aliis,
1443 4425 1517 4490 licet
1531 4424 1629 4488 multa
1643 4423 1743 4506 possi-

108 4525 232 4581 contra:
249 4535 325 4597 ergo
341 4533 503 4596 nunquam
518 4516 590 4576 seiri
605 4517 730 4594 poterit,
747 4537 893 4598 quaenam
947 4516 1052 4577 deant.

107 4606 153 4669 hic
175 4613 207 4668 et
228 4625 311 4668 nnnc
334 4605 375 4667 sit
398 4604 556 4684 quantitas
580 4605 730 4685 requisita
752 4611 784 4668 et
807 4609 893 4669 sulli-
990 4604 1155 4686 Objr‘riesb.
1168 4603 1299 4666 Videtur
1309 4601 1400 4664 nimis
1417 4604 1523 4664 laxum
1539 4603 1644 4667 dicere
1655 4605 1740 4686 quod
1768 4634 1810 4680 990

107 4695 196 4756 ciens.
213 4699 305 4774 Resp.
319 4696 397 4772 Neg.
410 4711 477 4772 seq.
495 4692 614 4752 namin
629 4693 749 4771 primis,
766 4693 791 4754 si
807 4693 892 4754 aliud
946 4694 1045 4774 possit
1071 4692 1141 4773 quis
1169 4691 1286 4771 absque
1314 4690 1438 4752 mortali
1465 4691 1562 4753 furari
1587 4693 1739 4754 ditissimo

107 4801 163 4844 non
184 4787 318 4860 constet,
335 4799 526 4861 praesnmere
550 4781 712 4860 debemus,
729 4782 890 4844 dominnm
949 4783 1023 4861 Regi
1048 4783 1129 4844 ultra
1151 4784 1215 4842 tres
1238 4778 1430 4859 imperiales.
1457 4781 1492 4840 R.
1520 4783 1556 4842 N.
1583 4799 1643 4844 ass.
1668 4799 1740 4842 cum

107 4889 167 4934 esse
190 4872 297 4948 talem,
323 4872 433 4951 quales
457 4870 614 4932 ordinarie
639 4875 712 4933 sunt
735 4871 888 4947 homines,
947 4875 1064 4951 Sporer
1086 4887 1192 4948 supra,
1218 4871 1328 4946 Laym.
1355 4867 1377 4928 l.
1404 4871 1434 4944 3,
1458 4876 1480 4928 t.
1504 4871 1533 4944 3,
1551 4889 1585 4950 p.
1611 4872 1639 4947 l,
1660 4887 1685 4930 c.
1709 4871 1737 4946 l,

106 4963 237 5038 spectata
250 4958 466 5037 complexione
481 4960 513 5020 et
532 4958 717 5019 educatione
732 4959 891 5020 communi
946 4983 975 5023 n.
992 4964 1022 5038 3,
1040 4959 1170 5037 aliisque
1189 4956 1382 5036 gravissimis
1401 4955 1599 5033 Auctoribus,
1617 4957 1669 5036 qui
1685 4975 1738 5034 po-

107 5047 268 5108 socnndnm
284 5046 439 5106 rationem
454 5045 565 5120 aetatis,
583 5045 780 5122 conditionis,
798 5065 890 5106 sexus
946 5053 1024 5111 nunt
1038 5048 1117 5109 duos
1131 5047 1180 5106 vel
1202 5049 1265 5106 tres
1286 5045 1417 5106 ducatos
1436 5049 1580 5124 respectu
1594 5045 1739 5106 ditissimi

107 5139 135 5196 et
147 5135 297 5214 regionis;
315 5133 400 5214 quod
415 5133 440 5193 si
455 5133 594 5212 prudens
609 5133 649 5195 sit
662 5135 808 5212 suspicio,
822 5153 889 5195 esse
946 5138 1056 5218 Regis;
1069 5137 1124 5197 sed
1135 5135 1203 5215 jam
1218 5134 1394 5196 notavimus
1408 5152 1525 5212 paucos
1541 5152 1608 5194 esse
1622 5133 1739 5196 ditissi-

107 5243 134 5284 r.
149 5243 179 5304 g.
196 5241 340 5299 avarum,
361 5225 448 5282 tanto
468 5219 621 5301 majorem
640 5239 768 5283 causam
788 5221 889 5282 babeo
944 5244 1013 5285 mos
1030 5227 1129 5302 Reges
1143 5243 1148 5283 :
1162 5221 1244 5283 unde
1259 5221 1355 5284 etiam
1368 5240 1425 5301 pro
1440 5221 1499 5282 illis
1513 5222 1614 5282 variat
1629 5223 1738 5300 regula

108 5311 146 5372 nil
155 5313 275 5374 iurandi
288 5331 295 5373 :
308 5310 422 5373 deinde
434 5309 538 5391 quoad
548 5313 665 5372 statum
675 5310 833 5389 pauperis,
841 5309 891 5370 vel
946 5311 1119 5372 secuudum
1134 5309 1318 5370 varietatem
1333 5307 1509 5388 opulentia.
1523 5310 1620 5370 lnstat
1629 5311 1734 5388 Lugo:

108 5399 213 5478 divitis,
226 5401 357 5482 quisque
368 5399 540 5478 prudenter
549 5401 712 5476 reputatur
721 5397 802 5474 talia,
816 5415 891 5477 qua·
947 5397 1089 5479 quamvis
1111 5397 1228 5458 lurtum
1249 5395 1343 5458 trium
1362 5395 1583 5474 Imperialium,
1600 5396 1625 5455 si
1640 5395 1736 5456 semel

107 5486 164 5554 lem
176 5505 208 5552 se
222 5493 348 5553 externe
364 5487 490 5568 praefert
504 5491 535 5550 et
549 5485 642 5548 simul
656 5486 756 5568 qualis
767 5487 798 5547 in
809 5503 891 5548 cum·
947 5489 1012 5566 frat,
1030 5505 1091 5549 non
1113 5485 1153 5547 sit
1173 5485 1295 5547 actuale
1315 5484 1465 5545 damnum
1484 5501 1579 5564 grave
1594 5487 1737 5564 respectu
