3992 6336
282 529 341 598 {0⁴
855 528 973 596 LIBER
993 525 1173 603 TERTIUS,
1196 521 1297 588 Palas
1319 523 1342 586 1.

283 717 427 783 ditissimi
443 716 551 799 Regis,
567 722 674 780 tanim
698 717 757 780 erit
779 735 887 798 greve,
912 715 938 778 si
961 715 1075 795 saepius
1128 711 1294 774 minimum
1303 708 1395 778 desit,
1407 725 1470 770 nen
1480 707 1520 772 sit
1529 705 1661 770 materia
1674 701 1800 786 gravis:
1817 716 1916 764 aceu-

284 811 462 888 repctatur,
487 811 542 869 aut
565 825 585 869 a
607 805 738 868 diversis
760 807 838 870 fiet:
860 805 929 886 jam
951 822 1027 866 vero
1050 802 1077 864 si
1129 806 1179 862 tre
1193 798 1245 860 elii
1259 798 1468 862 communiter
1481 801 1513 859 et
1532 797 1611 858 sorte
1634 793 1828 876 probabilius
1851 807 1919 852 cnu-

285 896 429 960 bomines
449 896 547 957 semel
567 895 668 956 sciant
688 913 721 957 se
742 912 834 974 posse
853 895 932 956 citra
945 891 1077 954 mortale
1131 887 1264 950 atituuut
1277 885 1309 947 iu
1323 890 1388 948 toto
1403 884 1574 962 moraliter,
1585 903 1615 945 v.
1626 902 1658 963 g.
1671 880 1798 962 quaudo
1813 895 1920 940 secuu-

286 984 364 1066 iiegi
392 984 543 1046 ditissimo
565 983 662 1044 furari
686 987 749 1046 tres
776 982 977 1062 imperiales,
1007 996 1079 1042 cum
1132 977 1209 1038 dum
1232 973 1419 1054 prudentem
1441 972 1680 1036 aestimationem
1696 969 1811 1069 diceris
1824 963 1921 1066 Nobili

287 1090 412 1136 summa
433 1071 478 1134 ita
499 1089 616 1151 magne
638 1073 772 1134 multum
795 1072 925 1149 alliciat,
952 1069 1078 1132 omnino
1134 1063 1284 1143 eripuisse
1297 1062 1512 1143 imperialem,
1528 1059 1663 1141 peccasti
1679 1058 1866 1132 mortaliter,
1880 1058 1921 1154 ιιι

288 1179 426 1242 praeseus
440 1160 615 1240 periculum
629 1164 687 1238 est,
700 1179 738 1222 ne
753 1179 909 1222 summam
923 1160 1008 1221 illam
1022 1175 1081 1219 sae-
1134 1152 1159 1214 si
1175 1151 1321 1214 deficiant
1341 1155 1463 1212 tantum
1487 1169 1541 1212 sex
1563 1149 1695 1225 nummi,
1722 1162 1858 1246 querum
1873 1147 1924 1206 m-

289 1250 368 1330 pius,
385 1253 439 1312 aut
459 1250 571 1312 saltem
590 1251 715 1329 plurimi
737 1269 808 1312 eam
822 1251 965 1313 iurentur
981 1269 988 1312 ε
1005 1264 1080 1326 ergo
1135 1241 1223 1322 ginta
1238 1259 1267 1302 v.
1284 1258 1315 1319 g.
1332 1240 1453 1302 faciunt
1464 1240 1618 1315 solidum;
1635 1239 1660 1300 si
1675 1242 1925 1314 autemarrperes

290 1338 459 1401 dicendum
483 1343 530 1401 eat
553 1357 620 1401 esse
643 1339 782 1419 graviter
803 1338 995 1419 prohibitum
1016 1340 1081 1398 tam
1136 1329 1240 1390 minus
1253 1327 1385 1408 vinginti
1401 1337 1535 1409 quatuor
1545 1329 1691 1406 nummis,
1708 1345 1773 1388 non
1787 1341 1926 1387 censere-

290 1431 425 1490 multum
445 1428 554 1491 furari.
576 1428 669 1492 Prot.
692 1448 802 1511 emaeq.
819 1430 892 1492 ideo
908 1428 992 1489 enim
1005 1425 1083 1488 dici·
1137 1418 1180 1479 ris
1194 1417 1346 1496 eripuisse
1360 1417 1569 1497 Imperialem,
1592 1435 1650 1478 nec
1668 1432 1834 1495 peccasses
1848 1429 1927 1512 mor·

291 1535 362 1580 mus
384 1515 510 1580 unicam
532 1517 747 1596 pollutionem,
770 1521 826 1579 aut
843 1517 1028 1580 fractionem
1042 1511 1085 1573 si·
1138 1507 1252 1568 taliter.
1277 1504 1379 1586 Neque
1393 1504 1496 1582 οιειαι,
1512 1505 1597 1585 quod
1613 1505 1737 1586 justitia
1750 1503 1928 1564 dicaturve·

292 1604 357 1686 giiii
372 1622 440 1666 csse
463 1605 641 1682 mortalem,
663 1606 737 1686 quie
758 1605 917 1686 quemvis,
940 1604 965 1664 si
988 1600 1085 1663 semei
1138 1593 1267 1656 tendere
1282 1593 1493 1673 aequalitatem
1503 1591 1928 1656 arithmeticam:Ncmhaur

292 1695 414 1755 aarum
427 1690 556 1768 fierent,
573 1708 636 1752 non
650 1691 693 1753 ita
707 1691 846 1771 graviter
860 1695 1021 1766 nocerent,
1037 1693 1087 1752 ta·
1139 1683 1283 1759 intendit,
1295 1700 1358 1742 non
1368 1682 1510 1762 physice,
1526 1684 1577 1742 vei
1587 1683 1748 1744 moraliter
1762 1685 1927 1759 sumptam.

293 1798 366 1841 men
390 1777 464 1859 quie
487 1783 533 1840 est
556 1779 750 1858 periculum,
776 1799 815 1842 ne
841 1779 996 1842 scirentur
1031 1777 1086 1839 ali·
1141 1771 1229 1844 Quod
1245 1770 1351 1850 siquis
1366 1771 1542 1850 oppositam
1556 1771 1745 1833 sententiam
1760 1775 1931 1833 tenerare-

294 1867 420 1950 quaudo
435 1866 545 1942 licere,
569 1867 682 1947 sapius
703 1873 930 1948 repeterentur,
949 1885 985 1928 eo
1002 1863 1086 1945 quod
1139 1859 1186 1937 lit,
1212 1859 1316 1921 dicere
1346 1859 1441 1921 debet
1463 1862 1701 1939 consequenter,
1726 1859 1815 1941 quod
1834 1856 1931 1920 Nobili

293 1956 437 2020 homiues
460 1959 608 2034 putarent
626 1957 677 2018 hic
696 1960 728 2019 et
746 1976 829 2019 uunc
843 1975 912 2018 esse
927 1956 1012 2016 iiiam
1026 1953 1087 2015 cir·
1141 1947 1248 2009 furans
1271 1947 1469 2027 imperialem
1487 1947 1590 2009 minus
1605 1966 1733 2010 nummo
1749 1966 1814 2010 nou
1829 1949 1933 2027 peccet

294 2041 525 2118 cumstantiam,
546 2041 579 2101 iu
603 2061 666 2124 que
678 2043 797 2122 liceret,
818 2044 889 2106 ideo
911 2043 1088 2106 debuerunt
1141 2036 1325 2113 mortaliter,
1342 2036 1417 2116 quia
1435 2036 1511 2098 alias
1526 2036 1622 2098 etiem
1635 2037 1811 2099 mortaliter
1825 2053 1933 2116 pecca·

294 2131 348 2194 iile
360 2148 417 2210 pro
433 2129 517 2191 omni
532 2148 608 2192 casu
623 2149 690 2194 esse
705 2131 845 2211 graviter
864 2133 982 2195 illicite.
1000 2135 1036 2193 ll.
1055 2130 1089 2192 Si
1142 2129 1191 2187 ret
1204 2125 1312 2186 iurans
1325 2125 1428 2186 minus
1441 2125 1564 2186 duobus
1578 2126 1735 2187 nummis:
1752 2143 1829 2205 ergo
1845 2124 1932 2186 etiam

295 2225 516 2299 argumentum
539 2217 638 2296 velet,
657 2221 773 2298 probat
792 2225 901 2284 contra
918 2239 992 2282 suos
1008 2224 1089 2283 Auc·
1143 2215 1250 2276 iurans
1260 2212 1362 2273 minus
1373 2213 1513 2275 tribuset
1523 2213 1567 2274 ita
1577 2213 1706 2276 ulterius
1716 2213 1932 2276 descendendo

294 2314 379 2372 teres
402 2305 497 2367 etiam
520 2306 660 2368 medium
682 2308 880 2388 Imperialem
904 2327 971 2370 esse
992 2311 1089 2369 mate·
1144 2303 1183 2364 ad
1200 2301 1364 2363 materiam
1378 2305 1463 2363 certe
1477 2302 1600 2364 levem:
1624 2320 1738 2383 exque
1754 2306 1933 2366 temanum

294 2393 375 2455 riam
388 2407 520 2472 gravem
534 2395 677 2470 respectu
698 2393 841 2455 ditissimi
857 2394 962 2475 Regia
979 2394 1091 2456 eadem
1144 2391 1297 2472 sequitur,
1326 2390 1410 2469 quod
1439 2390 1549 2452 unicus
1573 2408 1721 2454 nummus
1743 2391 1785 2453 sit
1806 2390 1935 2454 materia

296 2481 380 2543 enim
403 2479 483 2542 ratio
507 2479 658 2559 applicari
681 2485 785 2561 polest
809 2503 816 2544 :
843 2502 918 2563 ergo
947 2501 986 2543 ne
1010 2500 1090 2544 unua
1145 2478 1262 2558 gravis,
1279 2477 1575 2559 sedteutum,quod
1589 2479 1935 2559 conjunctuscumeiiis

296 2569 424 2650 quidem
447 2567 579 2629 ducatus
602 2569 792 2650 requiretur,
809 2589 904 2651 quem
924 2577 1029 2633 tamen
1045 2588 1091 2630 re·
1145 2565 1240 2629 iaciat
1262 2566 1427 2628 materiam
1449 2585 1591 2646 gravem,
1617 2569 1760 2650 adeoque
1780 2567 1936 2648 peraddi·

297 2657 427 2738 quirunt
440 2672 512 2717 cum
527 2655 641 2718 Dicast.
654 2677 685 2719 n.
697 2660 747 2735 36,
764 2658 870 2739 itaque
884 2662 922 2722 N.
939 2659 1010 2722 ideo
1026 2659 1091 2721 iore
1147 2656 1275 2731 bouem,
1288 2655 1337 2716 vei
1346 2654 1578 2734 ademptionem
1590 2657 1681 2718 unius
1691 2658 1811 2720 nummi
1825 2655 1936 2719 abeiiis

298 2745 472 2827 periculum
486 2743 675 2824 proximum,
692 2750 747 2809 aut
759 2765 817 2827 per
830 2767 863 2809 se
878 2748 1040 2828 repetendi
1055 2765 1094 2808 ea
1148 2745 1312 2805 censeatur
1333 2741 1450 2819 induci,
1473 2743 1524 2803 vei
1538 2743 1620 2804 demi
1636 2744 1784 2807 dbtincta
1797 2745 1936 2806 differen-

298 2835 401 2907 iurta;
427 2850 502 2893 uam
524 2830 550 2894 si
573 2837 767 2914 repetantur,
785 2854 847 2897 nou
870 2837 1011 2898 manebit
1030 2836 1093 2897 fur·
1147 2831 1192 2894 tia
1205 2831 1351 2911 speciilca
1361 2832 1553 2894 constituens
1567 2832 1722 2894 rationem
1736 2834 1860 2913 peccati
1875 2851 1938 2914 gra·

299 2921 487 2998 eumerium,
503 2920 627 2984 sedfiet
646 2940 711 3000 sex,
737 2941 862 3002 novem,
885 2925 935 2986 vel
956 2926 1094 3006 plurium
1148 2920 1206 2998 vis,
1218 2921 1267 2982 vei
1279 2920 1367 2997 levis,
1380 2921 1523 3000 quamvis
1537 2921 1622 2983 anim
1631 2923 1845 2986 materiaeillae
1857 2923 1938 3003 (phy-

300 3009 533 3090 Imperialium,
559 3009 612 3090 qui
636 3015 727 3074 eruut
749 3013 882 3075 materie
903 3015 1019 3093 gravis.
1049 3015 1094 3074 Da
1148 3009 1212 3071 sice
1226 3008 1384 3089 loquendo
1394 3015 1426 3071 et
1435 3011 1540 3090 quoad
1550 3011 1791 3092 entitates),nou
1800 3012 1939 3074 dideraut

302 3099 485 3180 pollutione,
501 3098 553 3160 vel
571 3099 722 3163 fractione
737 3102 829 3182 sigilii
845 3121 906 3164 non
922 3107 969 3165 est
983 3103 1094 3166 eadem
1150 3097 1337 3175 notabiliter,
1351 3101 1454 3160 tamen
1466 3098 1615 3162 differunt
1623 3100 1787 3162 moraliter
1798 3105 1831 3164 et
1841 3099 1938 3182 quoad

302 3187 403 3260 ratio;
429 3204 502 3247 nam
524 3186 608 3265 quod
627 3187 707 3266 haec,
723 3189 796 3252 iicet
810 3191 903 3253 unica
916 3190 984 3251 vice
999 3191 1092 3266 iacta,
1150 3188 1307 3262 effectum,
1330 3187 1405 3266 quia
1428 3205 1490 3249 uua
1505 3192 1552 3248 est
1566 3188 1605 3248 de
1619 3207 1653 3249 se
1668 3189 1855 3253 dissolutive
1869 3188 1939 3251 ami·

304 3275 366 3338 sint
378 3273 498 3354 gravia,
519 3273 635 3336 seimus
655 3277 750 3340 etiem
769 3278 905 3357 aliunde,
927 3281 1038 3342 saltem
1058 3297 1096 3338 ex
1151 3274 1254 3337 citiae:
1278 3274 1377 3336 altera
1390 3292 1464 3336 uon.
1490 3277 1529 3337 iit
1548 3276 1662 3338 similia
1676 3277 1837 3340 habentur
1851 3279 1883 3341 in
1896 3296 1940 3338 re·

304 3361 515 3426 declaratione
538 3364 685 3425 Ecclesia
709 3369 740 3428 et
762 3369 920 3430 communi
942 3384 1096 3430 consensu
1150 3363 1209 3427 bus
1223 3361 1372 3442 physicis,
1384 3379 1457 3423 nam
1471 3363 1512 3424 ad
1527 3366 1752 3445 emergeudam
1766 3385 1941 3430 navemre-

305 3454 485 3529 Doctorum,
498 3450 537 3513 de
552 3452 605 3514 taii
621 3456 727 3516 autem
740 3455 822 3517 furto
838 3475 900 3518 non
915 3456 1095 3536 persuadet,
1153 3451 1286 3533 quiritur
1313 3454 1345 3513 et
1370 3451 1484 3513 sufficit
1516 3456 1638 3516 tantum
1665 3456 1796 3534 praecisa
1824 3457 1940 3537 pondus

305 3557 408 3621 neque
422 3541 510 3600 tanta
523 3540 703 3618 auctoritas,
720 3561 821 3622 neque
837 3547 924 3606 certa
937 3544 1028 3606 ratio.
1153 3559 1255 3620 aquae,
1272 3543 1306 3601 ut
1324 3539 1349 3600 si
1364 3542 1454 3619 gutta
1467 3540 1626 3620 deficeret,
1646 3562 1710 3606 nou
1727 3551 1939 3627 mergeretur:

225 3659 280 3708 imo
348 3627 470 3709 Otjicier
490 3630 520 3689 6.
542 3629 690 3701 Quamvis
711 3629 799 3692 diviti
820 3632 981 3712 eripiatur,
998 3649 1099 3712 quan·
1153 3629 1229 3691 item
1251 3627 1292 3689 ad
1315 3626 1476 3688 hominem
1495 3628 1587 3706 plene
1606 3631 1830 3696 inebriandum
1846 3633 1943 3714 requi·

307 3722 376 3781 tum
389 3715 561 3797 requiritur
574 3717 613 3778 ad
630 3721 888 3782 sustentationem
898 3739 956 3801 pro
964 3720 1096 3797 unadie,
1154 3719 1266 3779 runtur
1279 3715 1410 3794 praecise
1435 3718 1482 3780 tot
1502 3721 1599 3796 guttae
1618 3721 1682 3782 viui
1697 3721 1800 3802 bibiti,
1818 3724 1864 3786 ita
1877 3720 1942 3784 atsi

307 3808 374 3886 ipse
398 3803 524 3866 aliunde
548 3804 658 3884 babet,
684 3825 746 3886 quo
770 3809 829 3871 ista
852 3810 903 3871 die
926 3810 1097 3872 subsistat:
1154 3823 1219 3867 une
1232 3805 1390 3882 deiiceret,
1415 3823 1476 3866 non
1500 3811 1604 3870 esseut
1617 3810 1744 3889 spiritus
1758 3813 1943 3876 sufficienter

309 3910 385 3974 ergo
401 3909 463 3954 non
478 3896 623 3954 censetur
636 3893 664 3954 ei
679 3912 736 3974 per
750 3896 810 3958 boc
825 3897 893 3960 dari
904 3898 991 3979 justa
1004 3916 1101 3960 causa
1155 3893 1196 3955 ad
1210 3893 1336 3972 plenam
1346 3892 1548 3968 ebrietatem
1564 3899 1600 3958 ut
1613 3897 1702 3961 vides
1716 3919 1814 3964 uuam
1829 3907 1944 3983 guttam

309 3981 415 4064 gravis
438 3980 698 4060 contristationis,
722 3985 772 4046 vel
796 3986 1001 4050 dissolvendae
1025 3987 1101 4050 ami-
1156 4001 1257 4062 aquae,
1273 3982 1323 4044 vel
1336 3980 1401 4042 vini
1416 4000 1488 4044 oum
1502 3983 1630 4065 reliquis
1644 3989 1849 4070 conjunctam
1864 3990 1944 4053 indu·
1982 3972 1987 3996 ’

243 4092 253 4106 ·
310 4069 402 4133 citiae.
419 4071 512 4148 Resp.
530 4087 561 4131 n.
578 4087 663 4132 cons.
680 4090 752 4136 uem
768 4092 838 4155 quae
852 4076 978 4138 abunde
993 4077 1100 4155 babet,
1157 4087 1229 4133 cere
1243 4071 1395 4132 moralem
1418 4070 1631 4136 diversitatem
1651 4081 1684 4138 et
1701 4081 1852 4142 effectum
1865 4083 1946 4142 note·

308 4157 376 4240 jem
395 4149 591 4218 considerata
614 4162 687 4221 sunt
708 4165 859 4243 tauquam
882 4164 1104 4227 constituentia
1157 4158 1261 4221 biliter
1275 4157 1476 4234 distinctum
1502 4159 1545 4224 ita
1560 4162 1655 4226 etiam
1669 4169 1717 4228 est
1730 4173 1946 4248 argumentan-

312 4261 480 4325 personam
503 4242 650 4324 divitem,
676 4265 695 4308 a
719 4267 781 4328 qua
802 4249 873 4311 ideo
901 4251 1000 4330 possit
1026 4253 1105 4314 citra
1159 4246 1236 4309 dum
1258 4245 1289 4307 in
1313 4245 1367 4308 iile
1381 4247 1546 4326 sententie,
1572 4250 1627 4313 sed
1645 4257 1679 4316 ut
1693 4255 1769 4333 dixi,
1793 4255 1948 4320 alteraest

312 4332 445 4395 mortale
459 4332 529 4412 plus
544 4333 632 4412 eripi,
648 4334 791 4418 adeoque
801 4337 869 4417 jem
884 4340 1106 4401 antecedenter
1159 4335 1239 4397 forte
1254 4333 1456 4414 probabilior.

313 4420 451 4502 positum
465 4425 522 4497 est,
534 4425 627 4501 atque
641 4422 667 4482 si
682 4426 883 4502 praterillud
898 4446 960 4489 non
975 4428 1107 4490 baberet
1199 4422 1280 4501 §ss-
1296 4423 1342 4482 ΕΚ
1356 4420 1458 4500 (fiolis,
1473 4424 1640 4508 collt‘qitur:
1650 4432 1679 4492 i.
1693 4431 1761 4492 Nou
1777 4451 1848 4496 ease
1858 4447 1947 4514 grave
1968 4419 1976 4463 ¹

315 4598 585 4677 sustentationem,
602 4619 664 4662 non
689 4602 783 4665 debet
802 4603 917 4666 iterum
940 4606 1054 4668 adduci
1076 4607 1108 4668 in
1163 4603 1285 4680 partem
1312 4600 1522 4679 complentem
1548 4605 1714 4668 materiem
1734 4626 1879 4687 gravem,
1902 4608 1950 4666 aut

317 4687 599 4752 considerationem
618 4707 676 4769 pro
696 4693 893 4756 extenuanda
907 4694 1060 4774 gravitate
1076 4693 1109 4755 il·
1164 4691 1453 4769 quantumcumque
1493 4707 1643 4770 magnam
1687 4713 1847 4757 summam
1886 4709 1950 4756 cum

317 4776 378 4838 lius
392 4773 526 4855 injuriae.
1165 4775 1270 4838 animo
1290 4775 1395 4837 stetim
1423 4778 1627 4857 restituendi,
1656 4801 1687 4844 v.
1712 4802 1745 4862 g.
1775 4783 1861 4846 intra
1882 4797 1951 4865 qua·

238 4899 291 4945 wo,
360 4861 486 4945 Otgiieies
498 4867 528 4926 7.
545 4863 577 4926 Si
592 4865 724 4927 materia
738 4867 855 4946 gravis,
871 4887 902 4930 v.
915 4887 946 4949 g.
967 4873 1111 4950 respectu
1166 4866 1310 4927 drentem
1324 4863 1422 4941 bora,
1435 4867 1509 4947 quia
1522 4885 1580 4946 per
1592 4869 1678 4931 illam
1688 4871 1881 4934 ablationem
1896 4885 1950 4932 uon

319 4951 448 5030 Nobilis,
464 4950 504 5014 sit
517 4953 709 5032 Imperialis:
725 4974 800 5037 ergo
815 4957 937 5038 quitali
956 4958 1114 5022 furaretur
1166 4954 1298 5015 infertur
1312 4971 1408 5032 grave
1419 4954 1586 5034 damnum,
1605 4976 1707 5039 neque
1722 4965 1771 5022 est
1784 4961 1950 5041 periculum

318 5039 529 5120 imperialem,
553 5041 657 5104 miuus
676 5044 779 5123 ebolo,
805 5063 868 5106 nou
882 5051 1028 5125 peccaret
1041 5066 1114 5127 gra-
1168 5043 1323 5104 diuturnae
1347 5043 1541 5120 retentionis,
1566 5045 1700 5127 ideoque
1720 5051 1883 5128 proximus
1896 5065 1950 5110 uon

320 5128 413 5191 viter.
430 5131 524 5208 Resp.
541 5132 643 5192 Hauu.
660 5151 691 5193 n.
707 5134 765 5206 30;
784 5135 872 5195 Gom.
888 5152 920 5196 n.
936 5137 1014 5209 '1233
1040 5138 1115 5198 Gar-
1168 5132 1263 5193 debet
1285 5147 1353 5191 esse
1374 5131 1513 5210 graviter
1534 5133 1668 5209 invitus3
1685 5136 1730 5198 ita
1744 5140 1842 5219 Vasq.
1859 5138 1949 5212 Sales,

321 5215 394 5278 den.
421 5214 452 5276 in
470 5219 500 5294 i,
524 5217 595 5278 eriri
610 5216 640 5279 d.
663 5223 713 5296 27,
738 5239 764 5281 c.
783 5221 813 5297 3,
838 5220 1015 5303 iterumque
1038 5223 1069 5283 in
1095 5225 1114 5284 2
1168 5219 1300 5283 iiurted.
1317 5221 1403 5281 Lesa.
1420 5221 1548 5300 buged.
1565 5226 1596 5299 8,
1612 5243 1644 5287 n.
1661 5227 1696 5287 ei
1711 5245 1719 5300 ;
1732 5227 1828 5306 Meya
1843 5235 1865 5289 ι.
1880 5231 1909 5304 6,
1922 5221 1949 5284 d.

321 5301 392 5366 crasi
412 5301 443 5365 d.
463 5305 513 5382 23,
538 5324 569 5368 n.
586 5308 636 5383 23,
660 5307 817 5369 concedunt
829 5308 986 5390 sequelam,
1003 5315 1116 5389 putant
1167 5315 1198 5387 i,
1214 5327 1244 5389 q.
1261 5311 1291 5385 t,
1307 5309 1375 5386 §Q
1393 5311 1502 5372 Germ.
1519 5329 1549 5374 a.
1565 5313 1636 5375 703.
1653 5313 1741 5376 idem
1763 5320 1822 5394 est,
1846 5313 1952 5378 sivciit

324 5391 408 5454 enim
422 5390 479 5454 has
489 5395 678 5475 quantitates
688 5396 803 5458 debere
813 5397 907 5460 statui
917 5397 949 5460 in
960 5403 1045 5462 tento
1060 5400 1116 5462 de·
1169 5397 1250 5459 iutra
1265 5395 1419 5476 ejusmodi
1433 5396 1530 5460 breve
1543 5402 1667 5480 tempus
1686 5403 1852 5467 restituere
1866 5403 1951 5466 etiam

325 5481 489 5550 terminate
504 5487 536 5546 et
549 5485 638 5576 quasi
648 5484 882 5564 inindivisibili3
898 5487 942 5552 ita
952 5492 986 5552 ut
998 5489 1023 5550 si
1040 5488 1116 5575 quid
1170 5485 1270 5550 solam
1293 5484 1435 5552 ultimam
1449 5493 1583 5572 partem,
1602 5507 1672 5570 qua
1688 5493 1850 5564 coustituit
1862 5495 1952 5560 mate·

315 4509 433 4591 aliquid
456 4529 464 4570 ε
490 4528 564 4589 ergo
588 4510 719 4574 facultas
743 4513 796 4576 iiia
819 4516 945 4577 aliunde
969 4515 1106 4579 habendi
1161 4512 1327 4592 peccatum
1350 4509 1418 4590 (per
1440 4531 1475 4574 se
1497 4514 1679 4598 loquendo),
1696 4518 1794 4582 iurari
1814 4521 1948 4584 ultimam

11 5718 14 5761 l
