4032 6340
589 409 607 444 ‘¹
646 391 954 458 praeessemus·
968 391 1067 457 Pane
1088 395 1103 454 1
1632 401 1670 465 {5

92 563 234 636 limiesioe,
267 579 323 622 sea
349 561 396 622 illi
421 559 660 641 congregationi
682 559 851 634 4444441444,Ι
941 558 1002 638 §l
1019 561 1090 622 Non
1110 563 1197 624 audit
1216 563 1353 642 Missam,
1366 563 1428 645 qui
1443 567 1669 631 ooacbninter-
1694 581 1753 642 647

92 654 297 716 conuadicunt
310 659 418 716 44444444
430 655 483 715 alii
496 653 579 733 apud
593 653 679 714 Dian.
693 669 728 731 p.
741 652 771 711 4.
784 659 805 711 1.
818 652 849 711 4.
901 657 957 728 est,
987 671 1015 715 4.
1033 673 1064 734 g.
1080 655 1193 734 ligatus
1206 657 1576 735 etreluetans,uut1abat
1589 679 1670 723 ccm-

92 749 126 808 n.
143 749 208 809 454.
223 755 292 828 etp.
311 749 359 808 10.
378 745 715 826 1444444.114444.-4“1.Ι
900 746 1006 806 munis
1027 749 1191 810 oum'Gob.
1218 758 1239 810 t.
1258 752 1287 811 5.
1309 753 1455 812 4444441
1477 744 1545 832 qu'is
1564 759 1671 816 tamen

28 845 71 905 tii
121 841 176 920 §t
190 841 272 920 Lug.
285 841 382 902 Gord.
402 841 514 904 nicasi,
529 837 639 899 Tamb.
653 837 729 910 (lob,
738 856 767 896 o.
779 838 849 897 174.
901 838 1034 899 violente
1044 841 1196 918 detentus,
1209 844 1560 922 suppositadetentione,
1574 847 1671 909 libere

90 932 185 1006 etalii,
200 951 280 1012 quos
292 933 387 994 444444
395 933 483 1012 Pasq.
494 953 524 1014 q.
540 930 751 994 1304444444
761 929 851 989 illum
901 931 1069 1010 applicaret
1095 933 1235 995 animum
1255 936 1294 997 ad
1315 936 1468 998 actionem
1485 931 1669 1014 Sacerdotis,

89 1027 179 1088 4414444
192 1043 260 1086 esse
273 1025 464 1087 sufficienter
477 1029 672 1106 praesentem,
695 1027 726 1083 et
744 1021 851 1082 audire
901 1018 1096 1100 satisfaceret,
1116 1024 1378 1102 quia-assistentia
1398 1033 1476 1088 esset
1493 1028 1591 1089 libera
1613 1029 1671 1090 sub

87 1119 210 1188 Missam,
225 1119 384 1198 quietiem
391 1113 852 1198 perinteq'ectamparvampla·
900 1115 1020 1176 ratione
1034 1117 1245 1193 advertentis,
1267 1118 1330 1178 llis.
1344 1126 1367 1179 t.
1389 1121 1417 1180 5.
1439 1139 1469 1181 o.
1484 1122 1554 1182 454.
1570 1141 1671 1202 neque

87 1217 187 1274 1444444
203 1212 306 1274 mino
325 1231 382 1273 sua
403 1212 437 1274 in
452 1211 619 1290 templum,
634 1209 684 1270 vel
704 1207 742 1269 ad
757 1207 853 1268 altare
902 1207 995 1269 etism
1023 1209 1169 1284 obstaret,
1186 1211 1212 1270 si
1237 1211 1306 1290 quis
1333 1213 1494 1274 interesset
1516 1233 1554 1275 ex
1573 1221 1670 1294 metu,

86 1311 173 1385 potest
194 1305 363 1386 respicere,
389 1306 441 1366 sed
463 1305 597 1365 occiserit
621 1303 687 1363 hmo
715 1301 794 1362 ratio
819 1301 852 1360 iu
902 1300 975 1380 quia
995 1307 1097 1362 metus
1117 1320 1182 1362 non
1204 1302 1285 1363 tollit
1302 1303 1498 1366 libertatemr
1525 1325 1599 1386 ergo
1615 1327 1672 1370 nec

86 1399 265 1478 oppositum,
278 1415 355 1458 nam
368 1398 394 1458 si
406 1397 693 1459 excommunicatus
703 1413 745 1456 ex
756 1395 852 1454 altera
902 1392 1032 1472 impedit
1044 1395 1247 1456 assistentiam
1262 1397 1423 1468 moralem,
1439 1404 1475 1458 ut
1486 1399 1580 1462 habet
1591 1417 1673 1461 com-

87 1497 160 1570 perte
182 1491 337 1572 plateaee
359 1490 494 1552 fenestra
514 1507 577 1550 44444
591 1489 702 1549 domus
718 1488 849 1564 videret,
902 1486 1028 1547 munior
1054 1502 1126 1548 cum
1154 1488 1241 1567 Pasq.
1270 1506 1300 1568 q.
1331 1491 1420 1550 4307.
1447 1497 1594 1553 44444444
1618 1511 1672 1555 sex

86 1583 239 1644 etandiret
252 1589 286 1644 te
302 1583 522 1658 celebrantem,
536 1601 601 1642 non
616 1581 685 1642 ideo
700 1583 850 1660 peccaret,
902 1577 1018 1639 alios«
1103 1608 1105 1615 ι
1355 1607 1358 1614 ·
1837 1647 1839 1657 Ι

1 1691 2 1716 1
85 1695 173 1756 neque
186 1675 311 1738 tuideo
324 1676 474 1737 tenereris
483 1675 627 1735 desistere
642 1672 756 1736 Missa:
778 1691 852 1751 ergo
941 1671 1000 1750 §2
1018 1673 1141 1751 Ebrius,
1169 1673 1219 1735 vel
1233 1670 1468 1736 dormiens'non
1482 1675 1570 1737 audit
1593 1675 1676 1744 Mis·.
1696 1688 1756 1748 648
1866 1734 1868 1737 ,

1 1805 2 1814 1
86 1770 198 1848 signum
221 1773 281 1842 est,
306 1767 390 1848 quod
408 1787 446 1829 ex
466 1765 627 1829 communi
646 1764 763 1844 judicio
787 1782 852 1824 non
902 1782 980 1837 sam,
997 1766 1072 1844 quia
1096 1783 1162 1826 non
1184 1765 1270 1826 adest
1282 1763 1422 1828 humano
1447 1769 1563 1829 modo:
1586 1771 1671 1850 quod

1 1847 2 1924 1
86 1867 237 1922 4444444444
260 1860 425 1922 moraliter
449 1877 596 1940 presens.
624 1857 750 1917 Addunt
769 1857 850 1932 Lug.
901 1875 1013 1918 rerum
1037 1865 1093 1934 est,
1114 1858 1141 1918 si
1161 1859 1310 1919 dormitet
1334 1861 1494 1939 pervices,
1511 1861 1554 1923 ita
1568 1867 1673 1944 utper

1 1941 2 2016 J
87 1953 216 2016 ethcob
237 1954 327 2035 apud
345 1952 423 2014 Gob.
439 1971 470 2013 o.
490 1953 563 2012 174.
575 1969 640 2011 non
655 1949 778 2010 obstare
792 1949 852 2008 dis·
901 1950 1071 2011 notabilem
1089 1958 1211 2030 partem
1222 1959 1357 2031 nequeat
1371 1954 1541 2031 attendere,
1557 1973 1671 2034 quam-

85 2047 203 2108 tantiam
212 2046 347 2126 triginta
361 2063 524 2126 passuum,
531 2044 616 2124 quod
623 2049 730 2104 44444444
739 2042 849 2110 Tamb,
901 2043 947 2102 vis
965 2043 1142 2104 dormitatio
1160 2039 1476 2125 44444444441444444444,4
1495 2048 1669 2110 ita‘Dieast.

1 2131 2 2210 J
86 2157 141 2200 uon
159 2139 309 2214 admittit,
337 2139 384 2198 uti
409 2157 467 2199 nec
485 2137 563 2198 (iob.
588 2135 647 2196 nisi
661 2133 752 2196 Missa
764 2133 853 2194 lieret
902 2131 994 2192 etalii
1009 2151 1081 2193 oum
1095 2133 1217 2194 Gob.o.
1234 2134 1303 2194 444.
1359 2165 1362 2170 ·

1 2283 2 2296 .
86 2232 135 2291 sub
147 2232 293 2303 diuitum
304 2231 390 2293 enim
401 2229 546 2306 admittit,
557 2228 630 2290 licet
643 2227 852 2288 nrdlusbomo
941 2223 998 2302 §a
1016 2225 1049 2285 Si
1064 2225 1285 2305 quis'tempore
1303 2225 1405 2287 Missae
1424 2226 1461 2287 in
1479 2228 1573 2289 altam
1594 2248 1670 2291 oon·
1696 2234 1756 2296 649

87 2325 366 2406 essetinterjeetus;
380 2323 455 2384 hinc
472 2323 626 2400 simagna
643 2321 682 2380 sit
695 2318 850 2394 distantia,
901 2319 1139 2394 templatiouem·
1168 2319 1231 2379 sive
1258 2317 1292 2378 in
1320 2319 1448 2380 extasim
1480 2339 1499 2380 a
1532 2321 1673 2384 sensibus

1 2451 2 2508 p
87 2423 158 2478 recte
178 2417 250 2478 dicit
273 2417 352 2478 Gob.
377 2435 410 2476 o.
431 2417 481 2476 27.
507 2413 642 2494 aliquem
655 2431 722 2473 non
735 2411 853 2472 censeri
902 2409 1088 2490 abripiatur3
1105 2415 1218 2489 putant
1233 2411 1322 2472 Suar.
1339 2411 1407 2472 Fili.
1425 2411 1563 2474 Ledesm.
1580 2416 1673 2476 etalii

89 2506 852 2590 4444441444,144444444444444444144444444444444-
902 2503 1003 2564 adhuc
1023 2503 1128 2564 audire
1156 2503 1295 2578 Missam,
1320 2504 1394 2582 quia
1420 2512 1527 2566 manet
1547 2506 1673 2568 moralis

91 2603 316 2678 tum,antetiam
322 2602 446 2662 Missam
455 2598 850 2678 altavocepronuntiatam.
903 2595 1075 2656 assistentia
1088 2614 1143 2676 per
1156 2595 1383 2674 praecedentem
1397 2597 1590 2660 voluntatem
1603 2619 1675 2661 4444-

31 2683 73 2743 ffl
124 2698 176 2774 §a
192 2693 417 2756 Putat-Dirast
433 2709 507 2752 eum
530 2691 628 2753 Gobat
648 2710 679 2750 o.
694 2692 773 2750 t'13.-
785 2707 848 2765 eos,
902 2688 979 2748 dum
994 2694 1179 2766 revocatam,
1204 2687 1257 2748 sed
1274 2689 1334 2749 boc
1347 2689 1537 2768 probabilius
1558 2699 1674 2772 negem

92 2789 138 2864 qni
154 2793 283 2848 manent
306 2788 340 2847 in
360 2785 470 2846 navist
487 2785 582 2844 Missa
606 2783 661 2842 fiat
689 2782 722 2842 in
738 2782 852 2843 littore.
903 2780 1515 2861 1444344444.544444.Τ444414.14144.4.ξ.
1532 2789 1562 2844 4.
1577 2805 1608 2845 o.
1624 2789 1669 2847 11.

93 2879 281 2941 itemmilites
294 2879 329 2938 in
340 2877 483 2938 tentoriis
492 2876 566 2953 suis,
576 2875 717 2955 quamvis
730 2876 854 2953 utrique
903 2874 964 2936 llis.
980 2894 1009 2935 n.
1028 2877 1096 2936 454.
1109 2875 1182 2953 qula
1195 2879 1260 2934 tam
1272 2890 1385 2954 parum
1398 2874 1522 2936 videtur
1546 2877 1672 2938 morali-

92 2970 193 3032 distent
214 2972 254 3032 ad
289 2971 330 3031 30
351 2987 468 3050 passus,
492 2969 593 3030 adhuc
610 2982 681 3028 esse
695 2967 854 3028 moraliter
902 2971 950 3028 ter
963 2969 1112 3044 assistere,
1128 2983 1223 3045 quam
1236 2966 1291 3044 qui
1304 2966 1430 3040 dormit,
1443 2969 1530 3047 Pasq.
1540 2989 1569 3050 q.
1583 2971 1671 3032 4300.

93 3071 245 3142 presentes
261 3081 404 3143 corpore,
421 3067 451 3123 et
465 3061 587 3124 Missam
602 3061 719 3121 4444444.
798 3087 801 3094 ·
903 3059 1102 3140 probabiliter
1116 3057 1289 3136 distinguit,
1307 3059 1331 3118 si
1344 3059 1377 3118 in
1390 3059 1443 3120 illa
1457 3063 1554 3122 extasi
1564 3071 1675 3148 pergat

33 3150 75 3212 tlt
126 3155 315 3236 §estquis
340 3155 435 3216 etiam
463 3154 502 3214 ad
525 3153 718 3216 afferendum
738 3151 854 3231 aliquid
904 3152 1109 3232 contemplari
1136 3150 1295 3230 mysteria,
1327 3170 1397 3230 quae
1424 3160 1616 3232 peraguntur
1639 3156 1672 3216 in

94 3249 127 3308 44
138 3251 256 3311 Missam
269 3249 481 3309 necessarium
493 3247 648 3308 recederet
657 3266 676 3306 a
686 3245 801 3324 templo
815 3245 854 3305 ad
903 3245 1003 3319 Missa,
1019 3249 1107 3325 putat
1121 3243 1234 3304 durare
1248 3243 1400 3304 moralem
1413 3245 1631 3326 assistentiam,
1647 3249 1673 3310 si
1720 3265 1723 3271 ⁴

95 3341 183 3402 lorum
202 3349 372 3404 remotum.
400 3341 453 3420 qui
474 3358 539 3401 non
559 3339 769 3400 communicat
782 3354 854 3398 444444
903 3343 1008 3399 autem
1033 3335 1174 3417 rapiatur
1194 3335 1229 3395 in
1251 3336 1345 3396 aliam
1366 3340 1671 3420 contemplationem,

95 3435 206 3515 templo,
226 3453 306 3514 mg.
323 3434 363 3495 ad
377 3433 503 3494 domum
529 3431 674 3508 Pastoris,
689 3436 719 3491 et
732 3447 855 3492 amane·
903 3437 992 3510 putat
1012 3447 1076 3490 non
1099 3430 1224 3503 durare,
1247 3428 1385 3509 adeoque
1399 3449 1457 3491 nec
1475 3432 1581 3494 audire
1602 3434 1673 3495 Mis-

96 3527 338 3608 retpernctobile
353 3531 490 3606 tempus,
504 3537 559 3584 aut
572 3524 743 3603 negligeret
759 3523 854 3583 aetio·
904 3541 982 3585 sam.
1412 3541 1415 3550 ·

97 3637 156 3681 44444
179 3617 429 3691 substantialem,
455 3635 486 3678 v.
501 3635 547 3697 vg.
569 3616 852 3692 Consecrationem,
946 3616 980 3692 (l.
999 3615 1067 3676 157.
1092 3611 1329 3689 Qualisutteotio
1343 3612 1625 3699 444414444νὲΒὲ
1645 3623 1669 3683 1.
1697 3623 1757 3683 4150

2 3733 3 3736 ’
99 3713 273 3791 pmbabilius
286 3717 332 3773 cst
345 3716 453 3772 4444144
477 3709 593 3770 Leand.
618 3714 648 3769 44
661 3707 773 3768 Dicast.
789 3725 854 3767 mm
903 3707 1039 3770 Attentio
1068 3713 1113 3767 est
1143 3705 1269 3785 duplex,
1307 3709 1433 3767 externa
1466 3714 1498 3768 et
1527 3709 1670 3772 interna:

101 3806 232 3866 amisisse
249 3805 388 3880 Missam,
402 3803 478 3881 quia
491 3821 560 3862 non·
570 3802 731 3862 mansisset
745 3817 853 3880 corpo·
907 3811 1042 3877 estmoe,
1073 3805 1118 3860 est
1143 3799 1268 3859 omissio
1302 3798 1458 3861 actionum
1485 3803 1673 3865 exteriorum

97 3895 187 3958 raliter
204 3915 355 3978 praesens,
371 3894 539 3974 nequidem
558 3893 726 3970 moraliter,
742 3893 816 3954 binc
829 3893 855 3952 si
904 3893 1202 3974 incompossibilium
1230 3910 1303 3954 rum
1332 3894 1501 3956 attentione
1530 3896 1671 3958 interna:

97 3996 195 4068 posset,
219 3997 382 4052 teneretur
410 3988 516 4048 andire
539 3987 633 4047 aliam
652 3987 786 4062 Missam,
806 3985 855 4045 rel
905 3987 1032 4062 interno,
1056 3991 1100 4048 est
1121 3985 1312 4046 advenientia
1326 4003 1380 4047 seu
1400 3988 1565 4066 applicatio
1578 3989 1674 4050 animi

98 4082 238 4162 arpplere,
255 4081 350 4162 quod
374 4082 575 4160 neglexerat:
605 4078 637 4139 si*
659 4085 764 4139 autem
786 4095 854 4138 non
905 4081 943 4142 ad
954 4079 1083 4159 aliquid,
1098 4093 1127 4140 v:
1145 4095 1176 4158 g:
1192 4078 1231 4138 ad
1246 4077 1309 4156 illa,
1325 4095 1394 4158 quae
1409 4079 1442 4138 in
1456 4081 1546 4142 altari
1560 4099 1674 4161 gerun-
1751 4136 1754 4146 ,

97 4183 197 4252 posset,
213 4180 418 4236 excusaretur
433 4177 560 4254 propter
578 4171 789 4232 aeremitatem
810 4171 857 4231 rei
902 4179 974 4234 tur:
1000 4177 1121 4232 certum
1139 4178 1245 4232 antem
1265 4176 1311 4231 est
1334 4171 1451 4250 requiri
1473 4175 1677 4236 attentionem

97 4267 306 4330 4414444444.Βί
317 4267 490 4328 autemiret
498 4265 537 4326 ad
546 4265 728 4326 sacristiam
738 4261 856 4343 aliquid
904 4271 1076 4340 externam,
1093 4263 1446 4345 uisatisliatpraecepto.
1462 4267 1580 4327 Deinde
1596 4285 1680 4328 44444-

97 4359 246 4436 allatmns,
262 4367 316 4421 aut
326 4361 365 4421 ad
377 4358 551 4439 campanile
562 4363 719 4418 tracturus
731 4373 855 4436 campa·
904 4358 1010 4420 munis
1042 4357 1194 4418 sententia
1222 4362 1267 4417 est
1293 4375 1331 4444 ex
1356 4359 1443 4434 Loto,
1481 4359 1570 4420 Suar.
1598 4361 1674 4440 Lug.

97 4469 152 4526 uas,
178 4457 355 4516 censeretur
384 4469 510 4513 manere
535 4450 695 4512 moraliter
713 4467 858 4530 'praesens
907 4451 1001 4514 Graii.
1018 4451 1132 4511 1144444.
1152 4451 1262 4529 'Laym
1287 4454 1317 4510 et
1330 4448 1398 4510 aliis
1417 4467 1489 4511 earm
1511 4451 1588 4513 Gob.
1605 4460 1627 4512 t.
1644 4453 1675 4514 5.

96 4561 224 4625 corpore,
237 4573 240 4581 ⁴
254 4547 327 4626 quia
346 4547 414 4607 bac
435 4545 503 4606 lora
514 4571 516 4577 ·
526 4543 758 4606 communirent
783 4559 857 4604 cum
907 4563 937 4606 o.
955 4545 1024 4606 447.
1035 4537 1143 4603 contra
1153 4541 1264 4604 Mende
1279 4545 1311 4602 io
1326 4541 1407 4605 Stoi.
1422 4541 1453 4604 d.
1465 4545 1496 4602 7.
1511 4555 1540 4625 q.
1560 4547 1589 4606 4.
1605 4565 1635 4606 o.
1645 4546 1676 4605 0.

95 4638 213 4718 templo,
239 4657 317 4699 cum·
337 4639 401 4724 sint
421 4637 508 4716 quasi
532 4635 650 4715 aliquid
672 4635 806 4715 templi:
828 4641 859 4695 et
908 4643 974 4698 non'
995 4632 1113 4716 requiri
1128 4639 1245 4696 1444444444
1265 4635 1469 4696 attentionem
1482 4637 1522 4698 sd
1542 4637 1677 4712 Missam,

97 4729 219 4805 pulsatio
244 4747 414 4810 campanae,
438 4745 509 4808 quae
533 4729 719 4807 quibusdam
739 4727 812 4787 locis
823 4725 860 4786 fit
908 4735 1058 4810 quantam
1092 4727 1132 4788 ad
1164 4727 1374 4803 Breviarium3
1404 4747 1474 4808 quse
1509 4734 1614 4791 autem
1649 4735 1681 4789 et

98 4819 132 4879 ad
145 4821 357 4901 Evangelium,
383 4820 433 4881 vel
447 4820 504 4880 sab
523 4820 710 4897 lilerotione,
733 4817 858 4880 ordina·
909 4815 1629 4907 quontuadBreviariumrequirat'ur,dicemusl.
1646 4825 1676 4883 4.

98 4913 294 4974 4444441444
308 4912 507 4989 Deianiram,
529 4912 583 4993 qui
598 4927 653 4994 per
669 4911 859 4974 Sacrificium
909 4921 971 4976 411.
996 4903 1085 4976 4340.
1101 4915 1137 4974 Et
1157 4912 1207 4974 bic
1221 4913 1423 4994 supponimus
1446 4917 1677 4977 cum‘commu-

100 5004 266 5080 exhibetur,
288 5007 332 5066 ita
352 5007 417 5068 dli.
439 5001 648 5067 communiter
674 5017 747 5066 eum·
764 5005 856 5084 Pasq.
909 5003 1108 5086 nicri,‘quod
1131 5005 1236 5084 aliqua
1253 5005 1382 5066 attentio
1404 5002 1528 5069 interna
1542 5009 1680 5088 requira-

101 5099 236 5174 qfflb:
574 5113 608 5126 ‘·
779 5127 781 5134 ·
908 5099 1109 5174 4444414444
1129 5097 1210 5174 talia,
1237 5091 1416 5178 per'quam'
1436 5099 1517 5162 dicat
1539 5100 1680 5180 religiose

42 5187 84 5250 tlt
137 5189 170 5264 O.
206 5192 275 5252 450.
312 5190 421 5273 Qualis
452 5188 615 5252 assistentia
630 5204 634 5219 ·
652 5189 859 5270 requiratis?
910 5185 1039 5252 existere
1054 5190 1110 5276 sub
1134 5189 1233 5269 specie
1251 5195 1281 5252 et
1295 5191 1380 5252 cultu
1401 5195 1528 5278 externo
1553 5191 1681 5252 colentis

104 5279 139 5340 ii.
160 5283 297 5358 bienniis,⁴
321 5301 376 5362 per
401 5299 506 5363 quam
523 5282 591 5361 quis
614 5281 692 5341 adsit
709 5287 859 5362 tanquam
912 5285 1009 5345 Deum
1033 5288 1175 5362 respectu
1202 5282 1362 5361 Sacrificii,
1386 5283 1433 5345 uti
1447 5291 1529 5345 recte
1550 5283 1681 5363 explicat

102 5369 195 5434 bomo
209 5375 329 5434 ratione
348 5375 504 5455 preditus,
525 5381 556 5435 et
573 5391 641 5434 non
661 5379 697 5433 ut
719 5373 857 5442 brutum,
910 5375 1000 5454 Posq.
1017 5394 1045 5456 q.
1058 5375 1149 5436 4345.
1161 5367 1448 5438 abietiammulto's
1462 5375 1526 5438 Aa.
1544 5375 1678 5452 adducit,

103 5463 367 5526 rdinanimatum
377 5465 608 5546 aliquid,'debet
623 5461 860 5528 enim'assistere
911 5453 964 5548 qui
978 5468 1141 5547 requirunt
1159 5453 1682 5553 majoremaliquam'attentionem

103 5551 502 5639 imaus-moestissima
513 5557 669 5639 religiosi,
683 5557 765 5620 hine·
829 5553 833 5575 ¹
912 5559 1067 5622 4414444444
1077 5559 1250 5624 adMissam
1258 5547 1485 5638 talaucium,
1492 5561 1560 5622 'dt'e
1574 5561 1683 5622 4444444
