3998 6344
882 549 998 613 oreon
1018 549 1198 626 nunnus,
1221 547 1322 612 raas
1343 547 1381 610 u.

1205 757 1220 795 o
1238 737 1276 798 ll.
1297 733 1544 813 Emptorpotest
1566 750 1671 794 emere
1693 731 1832 810 minoris,
1853 751 1887 794 es
1904 752 1933 795 eo
1989 733 1991 816 }

1165 824 1250 904 quod
1264 822 1566 898 multesimnlemat,
1581 822 1655 901 quia
1669 825 1745 884 tuno
1759 821 1934 883 venditorem
1989 875 1991 890 ,

569 945 747 1022 DUBIUM
773 945 858 1022 vm
1164 910 1390 974 liberatmultis
1403 909 1497 985 curis,
1514 913 1546 971 ei
1560 909 1742 988 expeditum
1754 907 1826 970 facit
1841 909 1936 970 Midili
1989 895 1991 986 3

863 1001 872 1020 ⁰
1165 995 1936 1077 noveoomparande,nndemeritopretiumdecros-
1989 1017 1991 1076 ι

471 1161 508 1206 nn
528 1159 669 1208 turriele
692 1158 727 1206 ιι
748 1159 920 1208 vntorrroao
1165 1089 1218 1149 ω’
1235 1089 1312 1149 Bm
1324 1105 1359 1168 μ
1375 1090 1405 1163 ‘¹'
1421 1105 1453 1148 '³'
1473 1087 1522 1162 η’
1540 1103 1578 1146 ⁰¹
1591 1087 1677 1148 [ω’
1691 1084 1713 1147 l.
1730 1087 1761 1176 2'
1773 1103 1799 1146 θ’
1811 1087 1858 1162 ²¹⁹
1871 1084 1898 1146 α’
1911 1091 1935 1162 ⁴¹

633 1194 639 1204 ·
787 1185 793 1204 ¹
923 1188 930 1204 ·
1161 1195 1197 1246 n.
1215 1177 1340 1254 seeo.

1206 1287 1220 1322 o
1231 1265 1283 1326 lli.
1296 1261 1406 1336 Quoad
1420 1260 1631 1336 venditorem,
1649 1259 1676 1320 is
1686 1258 1937 1322 communiterde
1988 1241 1991 1338 3

580 1379 839 1444 ARTfflULUSp
1165 1348 1935 1428 helvendereseoundumpretiumiaxotumalege,
1989 1341 1991 1448 3

843 1424 850 1442 '
1165 1442 1215 1503 vel
1232 1439 1434 1520 magistratu3
1452 1436 1575 1518 quodsi
1598 1437 1719 1498 nullum
1732 1439 1789 1513 est,
1806 1435 1938 1497 idosnse·
1989 1455 1991 1508 l

453 1546 530 1624 Quid
555 1547 596 1611 ,ξι
622 1545 746 1632 Empgo
771 1557 799 1610 ei
832 1546 994 1610 venditio?
1165 1528 1251 1591 bitur
1267 1527 1388 1608 justum
1409 1527 1493 1608 quod
1511 1526 1623 1588 morali
1641 1525 1806 1587 hominnm
1827 1524 1938 1586 estima-
1989 1511 1991 1602 3

1165 1617 1249 1679 tione
1263 1616 1444 1695 imponitur.
1462 1613 1552 1687 Quod
1568 1633 1630 1675 non
1644 1613 1790 1676 oonsistit
1803 1612 1832 1672 in
1846 1611 1939 1678 inditi·
1988 1617 1991 1696 3

249 1725 291 1774 m
364 1709 487 1785 nitesp.
517 1707 572 1768 Est
592 1709 771 1768 contrectas
799 1723 861 1786 qno
889 1706 1025 1785 pretium
1053 1723 1110 1785 pro
1165 1706 1258 1783 sibili,
1275 1704 1414 1766 utanxie
1429 1703 1604 1782 scrupulori
1629 1705 1785 1782 oporteat,
1801 1701 1854 1761 sed
1875 1698 1939 1761 divi·
1989 1701 1991 1784 3

314 1811 422 1856 meree
451 1793 582 1854 solvitur
608 1791 844 1872 completurque
871 1793 985 1856 mercis
1013 1793 1112 1858 tradi·
1165 1795 1294 1857 diturin
1309 1793 1468 1869 infimum,
1494 1793 1635 1854 modium
1649 1795 1681 1854 et
1695 1807 1861 1866 summum,
1875 1788 1937 1864 sive,
1989 1787 1991 1866 3

318 1882 419 1956 tione;
445 1879 590 1944 venditio
613 1885 733 1942 eontra.
759 1881 885 1944 lustitia
905 1882 973 1961 ejus
997 1881 1028 1942 in
1052 1882 1112 1943 hoo
1165 1881 1265 1944 utelii
1280 1879 1937 1960 vocant,pium,moderatnmetrigorosom;
1989 1915 1991 1958 3

317 1968 459 2034 consistit
478 1973 512 2031 ut
530 1968 666 2048 pretium
680 1969 721 2030 sit
731 1968 862 2049 justum,
885 1969 950 2030 sive
970 1974 1113 2051 exaequet
1166 1969 1191 2032 it
1208 1974 1263 2030 aut
1276 1968 1359 2029 intre
1372 1968 1544 2030 latudinem
1559 1967 1652 2048 hujus
1665 1967 1758 2046 pretii
1780 1965 1905 2028 vendere
1916 1966 1940 2024 et

317 2059 458 2120 valorem
481 2057 527 2118 rei
546 2062 578 2117 et
599 2060 719 2119 contre.
742 2057 828 2119 Alias
842 2056 867 2118 si
898 2057 1015 2138 absque
1035 2057 1113 2136 legi·
1166 2073 1271 2119 emere
1285 2055 1388 2130 lineet,
1405 2073 1487 2116 nunc
1502 2072 1642 2131 summo,
1659 2071 1744 2115 nunc
1758 2053 1872 2114 intimo.
1989 2057 1991 2066 ⁴

320 2147 398 2210 timo
419 2146 509 2208 titulo
533 2163 623 2207 seons
637 2146 703 2222 siet,
724 2145 940 2208 committetur
958 2145 1113 2226 injustitia
1205 2146 1286 2206 elli.
1305 2145 1429 2224 Siquid
1450 2143 1584 2223 emptori
1606 2143 1700 2204 valde
1723 2141 1801 2204 utile
1821 2142 1867 2217 sit,
1890 2155 1939 2199 non
1989 2131 1991 2226 3

318 2233 424 2314 gravis
443 2232 491 2295 vel
511 2233 605 2310 levis,
629 2250 687 2312 pro
708 2232 862 2312 gravitate
886 2249 1041 2309 excessus,
1059 2230 1112 2312 qni
1166 2233 1239 2296 licet
1253 2233 1313 2294 hoo
1330 2235 1396 2294 solo
1412 2231 1538 2293 nomine
1550 2250 1618 2292 rem
1633 2231 1772 2294 vendero
1792 2231 1869 2292 ultre
1883 2244 1940 2307 prc-
1989 2227 1991 2300 3

318 2322 451 2404 proinde
474 2320 515 2382 od
530 2319 759 2383 restitutionem
772 2319 804 2383 in
823 2319 1014 2383 conscientia
1032 2319 1113 2380 obli·
1166 2322 1245 2385 tium
1262 2321 1402 2402 justum3
1425 2321 1500 2402 quia
1525 2320 1644 2384 utilitas
1665 2320 1817 2400 emptoris
1833 2317 1941 2380 totaest
1989 2311 1991 2406 3

318 2417 385 2491 gat,
414 2409 472 2473 etsi
487 2410 520 2470 in
534 2409 602 2472 iore
614 2413 741 2471 externo
755 2408 797 2470 ed
807 2407 1034 2471 restitutionem
1047 2407 1112 2468 iere
1165 2409 1274 2489 ipsius,
1291 2427 1354 2471 non
1368 2408 1550 2472 venditoris.
1568 2411 1685 2473 Bonae.
1703 2429 1732 2471 n.
1754 2413 1804 2486 2'1,
1820 2425 1855 2468 ex
1868 2407 1938 2468 tes.

318 2515 382 2560 non
402 2501 545 2578 cogetur,
570 2497 628 2558 nisi
648 2496 733 2558 ultro
754 2496 921 2558 dimidium
943 2495 1113 2557 defraude-
1166 2517 1197 2562 n.
1213 2500 1267 2570 313
1286 2497 1355 2560 Fili.
1372 2507 1412 2559 tr.
1428 2500 1481 2574 35,
1497 2517 1526 2560 u.
1544 2502 1594 2560 ii.
1989 2495 1991 2554 i

318 2585 408 2649 verit.
426 2587 581 2665 V.Leym.
599 2585 623 2647 l.
639 2588 668 2662 3,
685 2593 724 2647 tr.
741 2588 771 2662 t,
783 2605 809 2647 c.
827 2586 1015 2660 27;Boueo.
1033 2583 1063 2646 d.
1081 2585 1110 2660 3,
1215 2609 1229 2647 o
1249 2587 1286 2650 V.
1311 2588 1399 2649 Licet
1428 2589 1534 2649 nutem
1564 2586 1701 2648 vendere
1728 2585 1831 2648 cerins
1863 2599 1940 2664 qnam
1988 2555 1991 2702 3

318 2693 348 2755 q.
364 2676 395 2751 2,
408 2692 441 2754 p.
460 2677 473 2736 i
491 2678 522 2735 et
535 2677 566 2735 t.
581 2671 664 2736 Unde
677 2671 814 2734 resolves:
1166 2675 1260 2753 valet,
1274 2675 1374 2754 pretio
1390 2680 1547 2752 currente,
1564 2674 1589 2734 si
1604 2673 1657 2736 olii
1671 2673 1746 2736 boui
1763 2672 1843 2736 tituli
1855 2669 1941 2733 adsint
1989 2703 1991 2748 3

358 2762 414 2823 ol.
433 2759 523 2833 Quod
545 2763 666 2841 spectat
687 2758 939 2838 ademptorem,
962 2757 988 2818 is
1010 2760 1114 2837 potest
1167 2768 1199 2826 et
1211 2763 1304 2824 simul
1319 2762 1358 2823 de
1373 2762 1433 2824 hoc
1449 2767 1624 2842 emptorem
1638 2779 1781 2839 moneas,
1799 2759 1941 2841 quinione
1988 2749 1991 2794 t

319 2867 424 2912 emere
446 2848 539 2911 vilius
558 2865 654 2930 quam
681 2866 733 2909 res
755 2847 876 2924 valeat,
900 2846 970 2909 siei
991 2846 1114 2908 nonsit
1166 2851 1287 2914 illinon
1308 2851 1344 2912 iit
1371 2849 1496 2930 injuria.
1522 2851 1615 2913 'Pales
1639 2853 1746 2913 antem
1770 2852 1851 2924 sunt,
1871 2866 1897 2908 ι.
1914 2861 1939 2924 g.
1988 2803 1991 2954 3

316 2935 496 3014 commoda,
511 2937 562 2999 vel
577 2939 662 2999 emet
675 2935 707 2997 in
722 2936 857 3015 gratiam
871 2935 1056 3012 venditoris,
1074 2951 1113 2996 eo
1166 2940 1289 3001 luorum
1304 2955 1440 3014 cessans,
1462 2942 1517 3000 aut
1536 2938 1689 3000 damnum
1713 2954 1884 3016 emergens,
1899 2934 1942 2994 sut
1989 2957 1991 3008 ι

318 3024 437 3088 similes
458 3023 520 3087 sint
540 3023 781 3087 circumstantie
806 3041 877 3104 quse
902 3043 969 3086 rem
998 3022 1114 3086 iaciant
1167 3024 1412 3102 incommodum,
1428 3025 1479 3087 vel
1492 3025 1637 3087 molestia
1659 3025 1717 3088 tibi
1740 3027 1940 3088 obventnreex
1989 3009 1991 3092 3

319 3113 473 3176 viliorem.
489 3109 551 3173 Nec
565 3110 660 3173 obstet
673 3111 757 3193 quod
771 3111 916 3174 venditor
930 3111 1113 3174 necessitate
1169 3116 1216 3177 rei
1230 3113 1422 3190 venditione,
1439 3117 1494 3176 aut
1508 3115 1638 3176 attentus
1652 3114 1684 3174 in
1699 3131 1771 3174 eam
1785 3107 1940 3190 singularis,
1988 3099 1991 3182 3

266 3271 271 3280 ,
318 3203 433 3265 ductus
454 3200 573 3263 vendet
592 3199 706 3276 vilius,
737 3201 812 3282 quis
839 3200 979 3263 venditio
1007 3201 1114 3261 menet
1167 3205 1202 3264 ut
1215 3201 1241 3264 si
1255 3200 1449 3280 receperisa
1472 3198 1660 3280 majoribus,
1677 3219 1697 3261 a
1716 3198 1867 3278 Principe.
1880 3198 1941 3259 licio
1989 3183 1991 3292 3

320 3289 506 3366 voluntaria,
531 3288 634 3370 inquit
658 3287 724 3370 Caj.
741 3291 778 3352 V.
795 3289 875 3351 Bon.
897 3307 930 3350 n.
952 3292 988 3350 81
1008 3291 1040 3351 et
1062 3289 1111 3365 13,
1167 3290 1193 3352 si
1207 3307 1257 3352 res
1270 3290 1332 3351 sint
1346 3305 1447 3364 novae,
1458 3303 1540 3348 rarae
1555 3291 1587 3349 ot
1599 3287 1798 3366 singulares;
1814 3289 1855 3360 ut,
1870 3302 1896 3344 v.
1911 3297 1937 3360 g.
1989 3297 1991 3324 ²

319 3381 422 3459 potest
435 3376 928 3456 nihilominusgraviterpecoeri3
941 3379 1115 3439 eontraoe·
1167 3375 1324 3458 peregrini
1346 3376 1454 3452 flores,
1485 3391 1584 3448 aves,
1619 3373 1717 3450 forae,
1747 3373 1940 3434 monumenta.

320 3467 467 3544 ritatem,
488 3465 513 3528 si
538 3465 665 3548 quando
684 3465 868 3546 pauperculi
896 3467 1035 3528 extrema
1048 3464 1114 3526 ino·
1168 3465 1313 3546 pieturae,
1332 3461 1535 3540 nomismata,
1549 3464 1658 3542 Laym.
1674 3462 1694 3542 ἓ
1708 3466 1738 3540 1,
1760 3480 1793 3524 a.
1806 3463 1858 3534 {03
1873 3461 1940 3522 teos.

319 3553 436 3636 pieres
458 3573 531 3617 suaa
554 3554 691 3616 vendere
712 3558 879 3634 coguntur,
905 3552 999 3616 nimis
1011 3553 1115 3616 viliter
1168 3571 1199 3614 e.
1216 3557 1265 3616 tl.
1283 3554 1362 3615 Bon.

206 3707 209 3712 ,
318 3642 539 3718 abeisemas;
555 3645 665 3724 heym.
682 3661 712 3706 n,
731 3645 779 3708 ro.
1208 3663 1223 3702 o
1242 3643 1293 3707 Vl.
1311 3639 1369 3716 Qui
1384 3659 1434 3704 res
1448 3639 1594 3704 minutim
1617 3644 1649 3704 et
1674 3639 1707 3702 in
1723 3632 1934 3722 persequenti·
1989 3677 1991 3728 ,

1989 3757 1991 3798 ι

1989 3829 1991 3876 t

322 3976 397 4030 modi
411 3977 527 4038 luorum,
547 3987 609 4026 eum
623 3973 779 4038 absolvunt,
803 3975 879 4026 nulle
897 3986 929 4024 ee
943 3975 976 4025 de
990 3988 1017 4025 re
1033 3975 1115 4026 inter·
1170 3993 1186 4032 e
1201 3977 1279 4030 titulo
1289 3978 1356 4041 logis
1372 3977 1513 4043 principis,
1528 3977 1561 4030 de
1577 3989 1632 4043 quo
1642 3971 1858 4028 Eminentissirni
1869 3965 1942 4021 Cordi·
1989 3965 1991 4004 i

323 4047 462 4112 rogatione
481 4045 565 4108 iente,
581 4045 691 4109 qirando
711 4047 808 4097 timent
821 4059 855 4097 ne
873 4045 1008 4110 poenitens
1021 4045 1114 4096 admo·
1170 4049 1244 4102 noles
1262 4049 1411 4112 loquentur
1429 4049 1458 4098 in
1477 4049 1521 4100 liis
1535 4048 1681 4114 responsis,
1705 4047 1741 4096 ite
1770 4045 1885 4098 uiantes
1896 4049 1942 4102 cst·
1989 4017 1991 4124 3

323 4117 398 4169 nitus
411 4117 552 4168 restituere
561 4119 609 4166 ant
621 4129 637 4165 a
649 4114 696 4165 toli
712 4116 788 4166 luero
802 4115 926 4166 obtinere
940 4119 1055 4166 recuset
1171 4121 1262 4173 turdo
1276 4121 1372 4170 mutuo
1382 4119 1597 4183 negotiatoribus
1611 4118 1691 4168 lecto.
1989 4125 1991 4224 3

356 4187 472 4253 inquirit
496 4199 559 4250 ergo
582 4187 674 4237 dietus
697 4187 843 4250 Episcopus
865 4186 1069 4237 Rhodonensiss
1093 4187 1114 4238 1.
1202 4191 1233 4242 ll.
1249 4191 1289 4241 ›in
1304 4189 1400 4240 titulus
1415 4203 1448 4240 ex
1463 4189 1521 4254 lege
1536 4189 1677 4254 principis,
1688 4187 1788 4250 dequo
1804 4178 1940 4238 Eminentis·
1989 4235 1991 4244 ,

326 4259 415 4310 Utrrsm
426 4256 782 4323 perstiterumpostertorum
796 4257 1008 4320 confessariorum
1024 4258 1120 4322 spondi
1171 4262 1233 4314 simi
1248 4259 1412 4322 Cerdinales,
1432 4259 1471 4310 sio
1496 4259 1692 4324 intelligendus
1706 4258 1743 4307 sit
1759 4259 1791 4307 ut
1804 4253 1904 4308 sufficiat
1913 4249 1940 4299 ts·
1989 4251 1991 4380 3

325 4327 607 4393 rationemopprotare.
623 4328 655 4378 ll.
680 4329 769 4378 Utrum
786 4327 850 4378 alios
863 4328 1032 4390 confessarios
1050 4329 1116 4392 rigi·
1171 4347 1232 4398 gem
1254 4330 1388 4394 Principis
1404 4329 1552 4393 declarare,
1575 4330 1683 4380 licitum
1705 4340 1763 4378 esse
1783 4327 1874 4390 eoique
1891 4333 1941 4372 oon·
1990 4381 1991 4388 3

327 4399 410 4450 diores
419 4401 502 4464 ipsum
513 4398 633 4448 adeuntes
642 4399 789 4448 cmuukedi
796 4413 872 4448 sousa
880 4398 961 4462 possit
971 4397 1080 4460 hortem,
1090 4399 1119 4446 ut
1171 4404 1264 4453 venire
1282 4400 1316 4451 de
1336 4400 1410 4451 lucro
1430 4415 1464 4450 ex
1485 4401 1542 4452 solo
1566 4403 1663 4451 mutuo
1687 4399 1781 4460 iacto,
1810 4391 1939 4447 sicuttitin
1989 4391 1991 4398 '

327 4468 538 4534 astorsouapeods'
552 4470 677 4519 rationem
686 4472 835 4536 seqwntur,
854 4469 1118 4521 neeessanetosectes
1172 4473 1264 4523 codiee
1279 4470 1354 4520 civili
1369 4471 1542 4532 tirannorum,
1557 4470 1626 4534 quin
1640 4469 1714 4520 dicut
1727 4462 1939 4526 saconoedcrsiut
1990 4487 1991 4516 ι

328 4539 917 4607 cupreumsedequoesiionejndeetumferot.
1172 4543 1226 4594 tale
1236 4543 1343 4594 luorum
1353 4541 1533 4606 percipiendi.
1921 4603 1925 4613 Ι
1989 4531 1991 4600 3

500 4610 577 4660 Ferte
591 4611 634 4672 lV,
649 4611 694 4661 die
703 4611 730 4661 18
742 4610 854 4674 Augusti
870 4611 938 4660 1838.
1203 4614 1370 4676 Responsum
1389 4611 1427 4662 sic
1438 4615 1536 4662 sonate
1555 4612 1717 4663 «Provisum
1731 4612 1758 4660 iu
1772 4609 1869 4661 nesse
1884 4605 1939 4667 lm
1989 4603 1991 4664 i

361 4679 549 4732 sanctissimus
576 4679 708 4729 Dominus
727 4682 820 4729 noster
842 4679 921 4740 Pius,
942 4677 1036 4729 divina
1052 4679 1118 4729 Pro·
1173 4681 1208 4734 IV
1220 4681 1261 4732 dio
1276 4683 1303 4731 18
1313 4681 1378 4745 Aup.
1391 4681 1460 4743 1833,
1476 4683 1551 4746 atque
1566 4679 1658 4731 &ntur
1667 4679 1799 4730 mnia.»

330 4748 451 4800 videntis
460 4749 531 4812 Papa
541 4747 608 4808 vui,
620 4747 648 4796 in
662 4747 741 4798 solito
750 4747 889 4798 audientia
903 4749 933 4798 il.
949 4748 976 4797 P.
992 4747 1022 4796 D.
1033 4759 1121 4798 asses·
1205 4752 1276 4802 -nb
1282 4752 1412 4816 Episcopo
1422 4753 1556 4802 Nicmensi
1567 4751 1651 4802 dnbio
1662 4752 1802 4815 proposito
1812 4743 1938 4800 rantello
1989 4743 1991 4808 3

330 4819 384 4870 sori
410 4818 501 4869 Seneti
524 4816 610 4868 Officii
636 4819 783 4882 impertite,
804 4818 899 4869 endits
921 4818 1054 4869 relatione
1070 4834 1119 4870 su·
1174 4823 1346 4888 penitentes,
1361 4821 1409 4886 qui
1423 4823 1595 4874 moderatum
1610 4823 1719 4872 lucrum
1738 4821 1795 4872 solo
1813 4811 1938 4882 legistiinlo
1990 4813 1991 4816 ’

330 4887 467 4952 periorum
476 4885 622 4938 dubiorum
631 4901 685 4937 una
695 4900 756 4938 eum
768 4890 831 4938 voto
839 4887 1120 4939 Eminentissimorum
1175 4893 1258 4944 dubia
1273 4893 1316 4942 vel
1331 4891 1468 4942 melotide
1484 4895 1680 4957 perceperunt,
1698 4891 1803 4944 obsolvi
1817 4895 1938 4942 stennen-

329 4958 476 5009 Doctorum
499 4956 685 5008 cardinalium
708 4958 903 5023 inquisitorum
930 4958 1119 5021 Generalium,
1176 4963 1266 5014 taliter
1287 4963 1403 5026 possint,
1428 4963 1505 5014 nullo
1530 4963 1658 5028 imposito
1681 4961 1856 5014 restitutionis
1869 4965 1937 5012 oneo,

330 5026 484 5092 respondit:
656 5097 662 5108 .
1176 5033 1324 5084 dnmmodo
1342 5033 1375 5083 de
1393 5035 1499 5098 petrato
1518 5033 1553 5083 ob
1576 5032 1694 5083 dubium
1708 5032 1753 5083 vel
1773 5031 1862 5082 mann
1877 5024 1937 5104 ideo

424 5097 473 5148 Ad·
484 5099 504 5158 Ι,
519 5097 576 5148 ΝΟη
589 5111 641 5148 ⁸³⁸⁶
650 5097 832 5164 1118115810Μο8
1177 5107 1286 5170 peccato
1305 5105 1410 5154 sincere
1431 5104 1553 5166 doleant,
1567 5106 1595 5155 et
1608 5103 1686 5154 fliiali
1701 5102 1852 5155 obedientis
1872 5095 1936 5163 parat

424 5167 474 5219 to.
484 5170 516 5229 li,
531 5169 665 5219 Proerseen
678 5170 804 5236 reprimo.
1176 5175 1232 5224 sint
1241 5177 1312 5224 stare
1328 5173 1463 5224 mendatis
1479 5175 1584 5225 Senotse
1595 5174 1692 5226 Sedist
1907 5232 1911 5241 ,

364 5239 453 5290 -oie
466 5241 494 5290 31
509 5241 575 5304 lug.
601 5241 670 5302 1831,
693 5241 819 5306 episcopo
834 5241 985 5292 vivariensi
1009 5255 1121 5306 respon·
1208 5244 1376 5306 Responsum
1385 5242 1437 5293 init
1451 5243 1496 5294 die
1507 5247 1535 5294 li
1545 5244 1669 5295 tannarii
1686 5245 1746 5295 1838
1757 5257 1765 5289 2
1778 5233 1936 5306 «lwetot

332 5324 392 5364 snm
408 5309 461 5361 init
473 5311 631 5376 prontintra
642 5313 723 5376 jacet,
738 5325 821 5378 quum
840 5313 981 5377 mouentia
995 5314 1124 5364 movisset
1177 5315 1313 5365 dummodo
1323 5316 1414 5379 parati
1425 5315 1555 5365 e'ntsiare
1568 5315 1698 5366 medatis
1711 5308 1901 5366 &misenen

333 5381 435 5434 dubius
789 5417 790 5421 ,
1209 5384 1312 5436 pluries
1329 5385 1357 5435 in
1371 5384 1498 5436 eumdem
1511 5397 1622 5435 sensnm
1636 5396 1795 5449 responsum
1809 5377 1935 5446 tepenter·
1989 5407 1991 5456 3

366 5453 386 5503 1.
400 5453 440 5504 iu
457 5453 597 5517 prensum
627 5453 761 5517 judicium
791 5453 958 5507 sanctissimi
987 5454 1123 5504 Pontificio
1178 5455 1257 5506 Serre
1268 5467 1375 5518 quoqne
1395 5455 1603 5505 Paenitentisris
1620 5457 1651 5505 ts
1669 5457 1743 5520 Sept
1767 5451 1875 5509 18311111
1886 5447 1934 5507 ilt-
1990 5473 1991 5504 1

336 5522 541 5591 intelligendam
558 5525 593 5574 sit
602 5526 634 5581 ut
643 5525 725 5575 verba
736 5525 820 5596 ipsius
830 5528 927 5577 sonent
941 5528 968 5575 et
977 5525 1121 5592 separatim
1179 5527 1255 5590 1831,
1275 5528 1301 5577 11
1314 5527 1380 5576 Nos.
1398 5527 1456 5578 1831
1470 5545 1477 5590 ς
1491 5529 1517 5580 11
1529 5525 1596 5582 lobs.
1614 5527 1733 5590 18311ς83
1744 5539 1803 5576 nor.
1815 5523 1872 5576 ista
