4032 6340
446 577 598 640 Sacerdos.

345 719 419 780 Abit
439 720 479 780 ad
489 720 594 782 locum
613 718 701 798 Epis-

387 811 468 874 tolca.

347 905 433 984 Legit
445 905 620 968 introitum.

346 997 445 1059 uicit:
468 998 568 1080 Kyrr'c
586 997 700 1059 clcs‘soc.

346 1182 456 1244 Dicit:
486 1182 631 1246 Dominus
653 1199 702 1244 oo-

389 1274 507 1336 66666.

347 1365 436 1444 Legit
450 1367 628 1448 Epistulam.

234 1611 237 1621 ,
348 1551 457 1613 Dicit:
499 1551 615 1614 Mando
654 1571 703 1612 cor

387 1663 497 1706 mecm.

347 1737 658 1818 LegitEvangclium.

348 1922 489 1984 Denudat
503 1923 640 1985 calicem.

347 2015 443 2075 Offert
464 2018 526 2078 Deo
546 2035 660 2097 panem
672 2023 704 2078 et

388 2109 506 2170 vinum.

346 2199 436 2278 Tegit
450 2203 586 2266 calicem.

346 2384 568 2465 Lavatmanus.

347 2573 424 2634 Dicit
440 2591 447 2634 t
462 2574 551 2637 Orate
565 2573 698 2637 Fratres.

347 2757 425 2818 Dicit
436 2759 575 2821 secretas
588 2761 701 2821 oratio-

386 2868 452 2912 nes.

347 2944 426 3004 Dicit
460 2942 699 3021 Praefaticnem‚

387 3053 485 3116 usque
506 3036 546 3097 ad
561 3035 697 3098 Sanctus.

347 3127 429 3190 Facit
463 3128 604 3190 Memento
645 3146 701 3210 pro

388 3221 475 3282 vivis.

347 3314 550 3393 Prosequitur
610 3315 701 3374 actio·

387 3424 471 3468 nem.

348 3499 504 3561 Benedicit
517 3497 699 3560 oblationes.

348 3592 453 3655 Elevat
472 3591 606 3653 hostiam
630 3611 702 3653 con-

387 3690 546 3746 sacratam.

348 3779 455 3839 Eleuat
479 3793 599 3837 sacrum
629 3775 701 3836 cali-

388 3888 466 3937 cem,

349 3961 551 4042 Prosequitur
603 3961 702 4022 Cano-

387 4074 472 4117 uem.
538 4087 540 4091 ·

347 4149 447 4210 Dicit:
476 4145 566 4207 ll'obie
590 4165 702 4227 qnoque

386 4237 594 4321 peccatoribus.

348 4333 427 4394 Dicit
444 4353 450 4393 :
473 4331 577 4394 Pastor
591 4339 700 4392 noster.

348 4517 462 4580 Dividit
477 4515 621 4576 hostiam.

348 4609 492 4670 Immittit
520 4607 703 4688 particulam

388 4703 421 4761 in
431 4701 567 4761 calicem.

348 4793 425 4855 Dic-it
441 4813 448 4854 :
465 4793 567 4872 Aquas
582 4791 648 4854 Dei.
676 4829 680 4837 ·

347 4977 551 5058 Prosequitur
584 4976 702 5038 Oratio-

387 5087 451 5132 nes.

349 5257 453 5318 Sumit
466 5251 635 5314 Christum.

350 5438 495 5502 Purificat
508 5437 647 5500 calicem.

837 380 888 440 DE
908 375 1204 446 assuuvlrtcttc
1223 378 1445 443 FESTORUM.

865 576 1010 644 Christus.
1268 575 1416 642 Sacerdos.
1682 569 1829 634 Christus.

757 717 903 780 Traditur
928 722 1033 784 osculo
1060 723 1115 786 Ju-
1163 723 1279 783 lterum
1313 720 1413 800 operit
1443 716 1518 778 cali·
1575 712 1724 794 Resurgit
1757 725 1828 775 666
1858 729 1918 775 cor-

798 812 858 872 66.
1203 831 1281 875 cem.
1615 824 1700 888 pore.

759 903 884 982 ligatus
892 907 1037 969 trahitur.
1163 907 1262 968 Dicit:
1298 904 1440 966 Dominus
1469 919 1518 962 66-
1574 902 1712 982 Apparet
1754 893 1855 977 Matri,
1893 905 1921 961 ct

759 996 950 1059 ‘Funditur
977 999 1114 1080 pugnis
1204 999 1327 1060 liscum.
1615 991 1787 1072 Discipulis.

799 1090 883 1168 apud
896 1092 1032 1154 Annam.
1164 1091 1243 1154 Dicit
1266 1091 1390 1151 ultimas
1403 1087 1518 1149 661166-
1575 1086 1833 1146 Conuersaturlo
1858 1083 1917 1145 dle-

759 1181 1115 1266 NcgaturaPetroapud
1203 1190 1260 1245 tas.
1615 1177 1673 1240 bus
1683 1189 1755 1240 cum
1767 1178 1843 1238 suls.

800 1275 960 1354 caipham.
1165 1276 1242 1339 Dicit
1250 1272 1399 1336 ultimum
1412 1272 1518 1334 Dumi·
1574 1272 1768 1332 ascenditis
1781 1269 1900 1332 caelum.

760 1366 939 1447 Respiciens
964 1370 1116 1434 convertit
1202 1387 1256 1430 aas
1269 1369 1424 1429 6666666.
1574 1365 1666 1428 Mittit
1676 1365 1827 1445 Spiritum
1838 1363 1922 1424 Sanc

800 1460 936 1522 Petrum.
1163 1458 1464 1540 Benedicitpopulo.
1613 1461 1692 1521 tum.

759 1551 889 1612 Ducitur
905 1555 944 1615 ad
964 1555 1112 1618 Pilatum.
1164 1555 1265 1616 Dicit:
1286 1552 1348 1628 ltc;
1374 1553 1518 1628 Evange·
1575 1550 1659 1612 Facit
1700 1549 1739 1611 ab
1778 1548 1923 1630 apostolis

759 1643 888 1705 Ducitur
896 1647 935 1708 ad
945 1648 1111 1712 Herodem.
1202 1648 1283 1708 lium
1298 1646 1331 1710 S.
1343 1643 1485 1706 loannis.
1614 1643 1809 1704 circumferri
1829 1645 1922 1703 cvan-

759 1735 871 1797 Illusus
896 1740 1054 1804 reducitur
1075 1744 1114 1805 ad
1616 1736 1746 1816 aelium·

758 1829 1069 2003 Veldtl'ldsafflpcliatuc
1203 1919 1258 1980 Pie
1268 1917 1393 1980 auditur
1402 1917 1507 1987 Missa,
1524 1917 1549 1978 si
1562 1917 1629 1979 haec
1643 1918 1726 1979 nude
1740 1916 1924 1978 consideren-

760 2013 902 2092 Flagellis
920 2019 1061 2080 caeditur.
1162 2018 1225 2086 tur,
1240 2011 1552 2072 utilissimumautem
1567 2012 1635 2089 erit,
1649 2010 1675 2071 si
1685 2009 1925 2094 prevesaffeetus

761 2106 933 2171 Coronatur
945 2111 1052 2190 spinis.
1164 2105 1401 2181 admisceantur,
1425 2109 1517 2184 prout
1538 2109 1706 2184 suggerant
1719 2103 1877 2182 mysteria,
1899 2107 1925 2163 et

758 2197 785 2257 A
809 2199 906 2262 Pilato
923 2205 1112 2283 pronuncia·
1163 2197 1289 2279 propria
1299 2196 1448 2276 cujusque
1463 2197 1596 2257 devotio.

801 2295 852 2351 tur
865 2293 1025 2359 innocens,
1206 2291 1328 2362 6158.
1360 2288 1551 2366 Quondoaom
1571 2295 1709 2370 peccetur
1737 2289 1871 2370 praviter
1887 2285 1927 2348 cel
1945 2282 1989 2345 662

758 2382 873 2445 Pilatus
900 2388 1007 2451 dicit:
1037 2391 1115 2454 Ecce
1164 2381 1265 2443 leviter
1292 2401 1348 2443 non
1373 2381 1520 2444 audiendo
1543 2383 1688 2464 intepram
1711 2382 1846 2460 Missam,
1872 2381 1925 2442 sice

800 2475 894 2541 homo.
1163 2474 1318 2536 ornittendo
1354 2474 1502 2554 partem?
1534 2477 1568 2538 R.
1600 2476 1860 2555 Distinguendum
1885 2477 1927 2535 est

757 2567 955 2653 Gouspuitur,
970 2563 1046 2639 facie
1065 2597 1115 2639 ve.
1163 2570 1246 2630 inter
1258 2573 1360 2649 partes
1371 2568 1485 2644 Missae,
1506 2587 1578 2630 nam
1605 2587 1677 2650 pars
1698 2569 1869 2646 essentiales,
1896 2568 1925 2626 in

797 2661 890 2740 latur,
906 2666 1034 2730 luditur.
1163 2680 1224 2741 qua
1231 2661 1368 2722 consistit
1382 2661 1584 2738 Sacrificium,
1599 2661 1855 2741 probabilitcrest
1865 2659 1925 2720 sola

759 2752 959 2834 Postponitur
999 2762 1113 2823 Barch-
1164 2751 1382 2814 consecratio:
1401 2771 1475 2833 pars
1497 2753 1702 2816 substantiolis
1715 2759 1760 2814 est
1778 2751 1890 2815 oblatio
1899 2755 1925 2812 et

797 2846 857 2924 166,
874 2853 1025 2914 clamatur
1039 2857 1115 2916 Cru-
1163 2847 1298 2927 sumptio
1316 2863 1322 2905 :
1335 2853 1440 2926 partes
1445 2846 1634 2927 principales
1656 2853 1728 2909 sunt
1743 2848 1863 2922 Canon,
1877 2842 1927 2924 qui

799 2945 1113 3028 m‘fi903m0rt13dju.
1163 2939 1271 3019 incipit
1293 2939 1397 2998 statim
1415 2945 1485 3018 post
1504 2939 1644 3017 Sanctae,
1664 2941 1819 3020 usquead
1842 2939 1926 3000 Pater

798 3039 930 3100 dicatur.
1163 3037 1272 3105 noster,
1283 3030 1358 3092 item
1373 3035 1499 3111 utraque
1516 3031 1638 3109 oblatio,
1655 3030 1858 3112 Evangelium
1872 3035 1925 3092 etc.

759 3133 862 3192 Pcrtct
906 3132 1038 3194 (trucem
1076 3133 1116 3196 cd
1164 3128 1269 3186 Partes
1299 3143 1363 3184 non
1391 3126 1558 3203 regulares,
1596 3143 1651 3186 seu
1675 3142 1740 3186 non
1767 3123 1926 3187 ordinaria

798 3223 983 3286 Calvariam.
1164 3224 1248 3295 sunt,
1267 3215 1505 3294 cccccccccc,
1530 3216 1632 3298 plures
1646 3217 1805 3302 Epistola,
1827 3217 1926 3298 plores

759 3317 900 3377 Occurrit
912 3317 1082 3380 Vercnicae‚
1165 3309 1302 3372 Collectoe
1314 3317 1368 3369 etc.
1381 3307 1523 3370 haeuim
1534 3329 1598 3371 non
1608 3311 1718 3373 suntin
1728 3313 1816 3373 omni
1829 3311 1916 3372 Missa

758 3409 859 3470 Clavis
871 3409 1110 3488 affigiturcrcci‚
1163 3403 1218 3464 sed
1243 3407 1366 3462 tantum
1385 3401 1571 3480 aliquand03
1587 3412 1690 3484 portes
1712 3403 1863 3485 reputares
1881 3415 1926 3462 sec

757 3501 902 3563 Illcvatnr
916 3502 950 3561 in
963 3521 1064 3573 ccccc,
1164 3494 1329 3557 ordinaria
1355 3500 1439 3571 sunt,
1467 3513 1537 3574 quse
1563 3496 1772 3558 communiter
1800 3494 1926 3559 suntin

756 3593 920 3656 Profundis
944 3596 1111 3658 666666-
1163 3589 1250 3650 omni
1262 3588 1364 3648 Missa·
1380 3587 1445 3647 Hoc
1457 3593 1573 3664 notato,

797 3687 856 3747 hus
870 3689 1063 3766 sanguinem,
1202 3681 1263 3759 §L
1279 3679 1409 3741 Veniale
1430 3680 1539 3742 saltem
1552 3688 1598 3743 est
1614 3699 1845 3764 quamcumque
1859 3698 1924 3762 par-
1946 3679 1991 3744 666

758 3779 851 3839 videt
877 3779 1022 3842 afflictam
1044 3784 1111 3844 Ma.
1163 3779 1226 3834 tem
1241 3773 1336 3834 etiam
1353 3791 1481 3852 parvam
1506 3775 1648 3837 omittere
1661 3775 1779 3856 absquo
1795 3777 1927 3838 rationa-

797 3875 890 3933 trcm,
1162 3865 1217 3926 bili
1231 3883 1332 3935 (ausa,
1349 3869 1393 3925 est
1407 3867 1581 3927 communis
1594 3887 1666 3929 eum
1681 3869 1790 3946 Gobat,
1807 3887 1838 3930 6.
1860 3867 1924 3930 lac.

759 3965 832 4024 Orat
849 3983 906 4045 pro
927 3983 1039 4044 genere
1057 3967 1114 4028 lru-
1162 3961 1249 4038 Pasq.
1263 3979 1292 4040 p.
1304 3959 1393 4019 4270.
1410 3959 1521 4019 Mando
1538 3959 1569 4019 in
1582 3959 1660 4022 Stat.
1672 3959 1702 4022 d.
1719 3965 1748 4022 7.
1762 3981 1794 4043 q.
1811 3968 1840 4023 t.
1856 3981 1886 4021 6.
1898 3963 1923 4021 3.

797 4075 900 4119 mano.
1162 4052 1236 4131 quia
1261 4051 1393 4111 Ecclesia
1405 4051 1544 4132 praecipit
1565 4049 1701 4130 Missam,
1716 4066 1782 4114 666
1805 4057 1925 4115 tantum

759 4148 837 4208 Dicit
880 4153 897 4208 7
951 4153 1045 4212 verba
1079 4151 1113 4213 in
1162 4163 1218 4224 pro
1244 4149 1280 4204 ut
1299 4149 1345 4204 est
1365 4143 1566 4223 Sacrificium,
1589 4147 1748 4207 sedetiam
1763 4149 1926 4227 proutest

798 4259 899 4303 cruce.
1162 4237 1347 4298 ceremonia
1382 4254 1478 4310 sacra,
1507 4239 1550 4298 sic
1579 4245 1685 4300 autem
1713 4239 1926 4320 complectitur

758 4333 879 4394 Emittit
916 4335 1059 4414 spiritum
1095 4355 1112 4398 c
1162 4347 1269 4390 omnes
1290 4330 1424 4390 actiones
1443 4347 1554 4390 sacras.
1576 4331 1740 4394 Probabile
1762 4337 1870 4394 tamen
1885 4335 1927 4392 est

799 4444 937 4504 corpore.
1162 4421 1364 4501 Evangelium
1390 4421 1423 4483 S.
1452 4423 1582 4483 loannis
1613 4442 1678 4485 uon
1711 4443 1775 4487 esse
1808 4432 1926 4506 partem

759 4518 938 4579 Secundum
972 4518 1112 4581 animam
1162 4514 1276 4591 Missae,
1293 4515 1366 4594 quia
1378 4520 1449 4576 autc
1461 4515 1538 4575 illud
1552 4515 1673 4592 dieitur,
1689 4517 1745 4596 Ite,
1761 4519 1853 4580 Missa
1875 4523 1925 4593 est,

799 4611 958 4672 descendit
984 4612 1023 4672 cd
1043 4612 1112 4674 lim·
1161 4612 1193 4667 et
1205 4606 1276 4667 data
1289 4607 1501 4668 benedictione
1514 4607 1689 4670 licentietur
1697 4609 1842 4691 populus.

799 4700 887 4763 hum,
1203 4699 1263 4765 Qui
1274 4699 1389 4759 omittit
1409 4701 1533 4760 tertiam
1550 4705 1671 4780 partem
1691 4703 1805 4781 Missae,
1825 4706 1927 4784 peccat
1948 4693 1995 4762 til

759 4794 919 4856 Convertit
931 4795 1045 4856 multos
1064 4815 1111 4857 as·
1161 4790 1332 4852 mortaliter
1363 4791 1534 4852 secundnm
1567 4812 1695 4871 omnes3
1725 4793 1811 4875 quod
1838 4791 1927 4856 alicui

798 4893 910 4948 tentes.
1161 4882 1268 4944 dicunt
1279 4883 1317 4945 de
1333 4885 1494 4946 omittente
1509 4893 1650 4966 quartam
1662 4894 1780 4968 partem
1798 4905 1806 4950 t
1828 4893 1928 4969 partes

757 4981 803 5040 Ex
814 4985 920 5060 aperto
929 4978 1026 5040 latere
1040 4980 1110 5040 lun·
1161 4983 1266 5038 autem
1281 4995 1345 5037 666
1358 4977 1515 5057 regulares
1527 4977 1646 5040 facilius
1666 4981 1767 5043 omitti
1786 4985 1926 5062 possunt,

796 5071 842 5132 dit
866 5071 1052 5150 sanguinem
1081 5078 1111 5134 et
1161 5087 1218 5130 nec
1245 5073 1308 5130 lam
1332 5069 1392 5130 cito
1405 5070 1592 5133 constituent
1613 5089 1710 5134 unam
1742 5074 1868 5135 tertiam
1880 5069 1927 5134 vel

797 5182 922 5242 aquam.
1026 5213 1032 5226 .
1160 5167 1303 5238 quartam
1330 5166 1450 5241 partem
1479 5162 1589 5243 Missa,
1625 5165 1670 5226 uti
1706 5167 1927 5244 constituerent

756 5254 929 5331 Deponitur
954 5252 986 5316 in
1008 5253 1107 5337 sepul·
1160 5253 1344 5333 principales
1364 5255 1458 5316 etiam
1479 5256 1624 5336 minores,
1652 5259 1725 5338 qnia
1738 5263 1841 5340 partes
1864 5272 1927 5318 non

797 5345 919 5407 chrum.
1159 5345 1273 5432 dehent
1286 5352 1409 5408 tantum
1424 5349 1613 5410 considerari
1626 5353 1797 5414 secundum
1811 5351 1927 5412 diutur-

757 5437 918 5516 Ungitura
932 5441 991 5520 piis
1003 5439 1111 5503 mulie·
1159 5439 1299 5514 nitatem,
1314 5440 1367 5502 scd
1381 5440 1515 5502 maxime
1529 5444 1699 5506 secundum
1722 5443 1923 5526 dignitatem

794 5529 890 5592 ribus.
1159 5532 1507 5598 utihabetcommunis.
