4120 6348
322 491 381 554 588

322 679 510 758 specialiter,
523 684 554 742 et
565 700 709 759 expresse
725 680 923 758 derogamus
941 680 1114 760 celerisque

321 770 484 831 contrariis
500 771 748 850 quibuscunque.

361 858 544 920 »Volumus
571 864 687 934 autem,
716 864 751 919 ut
778 876 887 919 aarum
914 859 1117 939 praesentium

321 947 508 1009 Litterarum
527 947 740 1026 transumptis,
768 966 822 1007 scu
843 949 1004 1026 exemplis,
1022 949 1116 1008 etiam

321 1029 491 1114 impressis,
508 1054 603 1096 manu
627 1036 758 1115 alicujus
777 1035 893 1097 Notarii
910 1036 1025 1113 publici
1041 1037 1115 1096 sub-

321 1124 455 1202 scriptis,
479 1129 510 1184 et
524 1124 624 1202 sigillo
650 1123 781 1202 alicujus
805 1127 948 1184 Personae
970 1125 1001 1185 in
1017 1125 1116 1203 digui-

321 1216 384 1275 tate
408 1212 624 1274 Ecclesiastica
643 1213 817 1274 constitutae
837 1212 976 1289 munitis,
1002 1213 1114 1274 eadem

320 1317 448 1378 prorsus
461 1300 539 1360 fides
549 1305 615 1360 tam
629 1299 661 1360 in
674 1303 691 1362 J
695 1301 810 1376 udicio,
827 1319 922 1378 quam
937 1305 1025 1362 extra
1039 1299 1116 1361 illud

320 1389 436 1468 ubique
465 1389 676 1466 adhibeatur,
707 1409 776 1470 quae
803 1390 878 1468 ipsis
905 1385 1112 1469 presentibus

320 1479 533 1555 adhiberetur,
551 1479 576 1538 si
593 1480 694 1538 iurent
709 1477 866 1554 exmbilae,
883 1479 934 1538 vel
949 1485 1092 1539 ostensae.

359 1568 472 1628 Datum
488 1569 592 1626 Remea
608 1566 691 1643 apud
708 1569 856 1628 Sanctam
871 1565 1003 1626 Mariam
1019 1566 1116 1645 lllajo·

319 1673 386 1714 rem
407 1655 464 1715 sub
483 1656 606 1716 Annulo
622 1655 787 1715 l’iscateris
802 1653 853 1714 die
878 1658 914 1714 ld
929 1654 1002 1718 Maii
1025 1658 1113 1732 1723,

318 1742 520 1805 Pontificatus
534 1743 631 1804 nostri
648 1761 731 1804 anno
747 1742 898 1803 secundo.

673 1869 754 1947 su.

360 1996 374 2032 o
393 1975 470 2035 Cum
483 1981 598 2051 autem,
615 1975 695 2034 sicut
706 1975 884 2052 accepimus
897 1973 1019 2036 tametsi
1034 1992 1112 2051 prae·

319 2062 416 2124 missa
436 2065 640 2121 amcmorato
662 2062 841 2122 Innocentio
862 2061 1112 2136 predecessore,

319 2156 453 2226 maturo,
470 2168 506 2210 ac
530 2150 734 2212 saluberrimo
758 2150 874 2211 fuerint
888 2151 1064 2225 constituta,
1083 2156 1114 2210 et

320 2240 462 2302 ordinata
475 2239 613 2315 consilio,
626 2238 679 2298 illa
694 2238 906 2314 nihilominus,
923 2237 1039 2298 nedum
1052 2239 1115 2315 ple·

319 2327 414 2388 naria
430 2325 618 2386 exsecutioni
642 2330 675 2386 ut
689 2345 746 2403 par
760 2331 828 2386 erat
846 2325 1036 2386 demandata
1050 2325 1114 2384 lue·

319 2417 391 2490 rint,
408 2432 508 2492 neque
520 2413 649 2490 proinde
665 2419 789 2491 optatus
805 2414 923 2473 fructus
934 2431 1114 2492 usquequa-

320 2523 380 2583 que
403 2504 541 2581 proferre
571 2501 739 2562 valuerint.
769 2502 847 2562 Hinc
867 2508 924 2576 cst,
951 2499 1035 2580 quod
1059 2519 1115 2562 nos

317 2592 415 2672 probe
431 2591 674 2666 considerantes
692 2590 768 2650 nihil
788 2590 888 2668 magis
912 2590 988 2650 alios
1004 2590 1044 2650 ad
1061 2609 1115 2649 ve-

318 2701 387 2743 ram
399 2681 561 2755 Pietatem,
574 2683 604 2738 et
619 2679 672 2739 Dei
684 2679 802 2740 cultum
813 2678 937 2739 assidue
947 2679 1112 2752 instruere,

318 2772 351 2830 et
363 2767 510 2841 excitare,
522 2781 617 2846 quam
632 2783 740 2826 eorum
750 2766 857 2842 vitam,
882 2765 1112 2844 etexemplum,

319 2852 419 2932 quise
434 2853 539 2913 divino
554 2853 723 2914 Ministerio
739 2853 936 2929 dedicarunt,
959 2853 1113 2934 facileque

318 2943 385 3003 fieri
396 2959 498 3020 posse,
512 2949 546 3002 ut
560 2943 693 3020 populus
703 2942 735 3001 in
751 2943 799 3002 via
818 2942 940 3003 Domini
964 2960 1112 3021 prospere

319 3035 351 3092 et
364 3031 496 3092 feliciter
516 3030 746 3110 progrediatur,
763 3031 788 3091 si
810 3031 916 3092 Glems
938 3031 980 3091 illi
1001 3032 1114 3111 praelu-

319 3123 398 3194 ceat,
416 3135 452 3178 ae
467 3136 595 3177 suavem
618 3117 650 3176 in
674 3136 710 3178 eo
736 3117 904 3178 Sanctioris
923 3117 1110 3197 Disciplina,

318 3207 535 3286 bonorumque
558 3223 690 3284 operum
722 3205 850 3267 odorem
874 3205 1047 3276 diffundat,
1076 3225 1112 3268 ae

320 3299 488 3374 propterea
512 3294 694 3355 eorumdem
718 3295 1006 3373 praemissorumad
1031 3294 1112 3356 hanc

319 3382 501 3461 tempium
556 3387 588 3443 et
635 3384 803 3445 salutarem
844 3386 939 3445 finem
981 3385 1112 3446 tenden-

319 3463 397 3534 tium
429 3471 647 3548 subsistentiie,
681 3491 718 3532 ao
746 3477 864 3550 paratae
889 3474 1109 3550 exsecutione,

319 3560 450 3621 sublatis
483 3561 644 3640 quibusvis
670 3561 900 3639 impedimentis
932 3567 1107 3642 quantum,

319 3663 391 3706 cum
401 3647 532 3707 Domino
545 3665 721 3725 pessumae,
735 3648 885 3708 Pastorali
901 3653 1008 3710 nostra
1021 3667 1107 3724 cura,

224 3745 228 3756 ·
320 3739 351 3795 et
364 3733 570 3794 sollicitudine
581 3735 742 3794 consulere
756 3735 927 3813 cupientes,
944 3736 1110 3815 praeinser-

319 3827 367 3884 tas
380 3823 550 3884 innocentii
567 3824 807 3884 predecessoris
822 3825 964 3903 Litteras,
982 3831 1012 3888 et
1026 3843 1109 3905 quae·

319 3929 442 3991 cunque
462 3912 494 3971 in
518 3911 562 3972 eis
582 3913 767 3989 constituta,
793 3915 953 3991 ordinata,
975 3916 1106 3992 sancita,

319 4000 457 4076 decreta,
473 4005 505 4060 et
527 4001 696 4078 declarata,
714 4020 751 4062 ac
775 4002 852 4062 alias
875 4003 1110 4082 quomodolibet

319 4091 475 4163 contenta,
492 4093 523 4150 et
538 4107 694 4167 expressa,
712 4089 897 4152 auctoritate
912 4092 1106 4169 Apostolica,

319 4181 350 4238 et
363 4173 471 4238 tenore
485 4177 685 4256 praesentium
699 4183 850 4256 perpetuo
872 4180 1106 4258 approbamus,

319 4265 350 4323 et
364 4265 594 4342 confirmamus,
609 4283 646 4326 ac
661 4271 815 4345 quatenus
830 4285 907 4345 opus
923 4268 963 4330 sit
976 4269 1108 4331 innova-

318 4367 399 4428 muS,
416 4354 447 4412 et
460 4351 499 4411 de
514 4371 594 4412 novo
608 4353 834 4431 constituimus,
847 4355 1044 4434 innovamus,
1059 4374 1110 4417 or-

319 4439 474 4517 dinamus,
500 4441 667 4519 sancimus,
689 4443 898 4521 decernimus,
915 4448 946 4505 et
969 4445 1110 4506 declara-

318 4545 399 4605 muS,
416 4529 537 4608 illisque
552 4530 737 4592 inviolabilis
750 4533 936 4612 Apostolicae
951 4534 1106 4596 firmitatis

318 4616 416 4676 robur
428 4616 602 4696 adjicimus.

656 4727 674 4806 s
703 4728 768 4790 ur.

359 4833 486 4892 Necnon
511 4834 576 4891 tam
593 4831 705 4895 dilecto
729 4834 805 4895 Nilia
826 4835 953 4912 Nostro,
980 4839 1011 4896 et
1026 4834 1110 4897 sedis

318 4919 455 4999 praefatae
467 4918 497 4978 in
514 4919 629 5000 Regnis
643 4921 862 5000 Hispaniarum
878 4923 991 4984 Nuntio
1012 4942 1107 5000 nunc,

319 5010 350 5066 et
364 5025 420 5084 pro
443 5011 583 5084 tempore
603 5009 757 5086 existenti,
775 5009 879 5089 quoad
903 5029 951 5088 ea,
975 5031 1045 5090 quae
1068 5013 1109 5072 ad

318 5093 420 5172 ipsum
435 5093 564 5174 ejusque
583 5097 731 5156 Tribunal
746 5097 913 5175 pertinent,
939 5117 1034 5178 quam
1049 5102 1110 5160 Ve-

317 5182 508 5244 nerabilibus
528 5183 688 5246 Fratribus
702 5185 964 5265 Arclriepiscopis,
981 5188 1110 5267 Episco-

318 5271 376 5349 pis,
402 5271 575 5352 ceterisque
598 5274 754 5334 Locorum
770 5274 942 5336 Ordinariis
964 5282 995 5338 et
1010 5278 1110 5354 Supe-

318 5357 474 5436 rioribus,
513 5379 549 5420 ac
582 5361 676 5421 etiam
712 5361 833 5422 dilectis
866 5362 951 5423 Niliis
985 5365 1109 5443 utrique

318 5447 418 5526 Clero,
440 5449 599 5532 Saeculari,
626 5453 656 5511 et
678 5449 824 5532 Regulari
847 5453 1029 5514 eorumdem
1050 5456 1110 5516 lie-

973 491 1088 554 LlBElt
1111 492 1305 566 QUARTUS.

1170 700 1305 759 gnarum
1317 681 1468 757 dictricte,
1484 699 1520 741 ac
1531 682 1589 743 sub
1599 681 1853 744 interminatione
1862 683 1966 746 Divini

1170 771 1295 847 ludicii,
1313 771 1498 833 auctoritate
1513 773 1654 850 praelata,
1666 772 1782 832 harum
1796 773 1877 834 serie
1891 792 1967 852 pre·

1171 860 1313 938 cipimus,
1331 863 1362 920 et
1376 859 1573 934 mandamus,
1590 864 1625 920 ut
1646 859 1698 920 illa
1721 859 1839 936 omnia,
1857 864 1890 922 et
1904 863 1966 922 sin-

1171 949 1245 1026 gula
1260 947 1344 1007 omni
1360 965 1460 1024 mora,
1478 947 1638 1024 dilatione,
1656 953 1687 1009 et
1701 948 1902 1010 cunctatione
1917 969 1966 1011 su-

1170 1037 1266 1112 blata,
1284 1035 1812 1116 debitaobedientiaexseqoantur,
1831 1043 1862 1098 et
1877 1055 1967 1100 accu-

1171 1130 1249 1201 rate,
1274 1129 1305 1185 et
1323 1129 1430 1185 exacte
1447 1128 1582 1199 servent,
1600 1125 1780 1206 faciantque
1796 1128 1966 1206 respective

1170 1213 1223 1272 illa
1237 1212 1277 1272 ab
1296 1211 1344 1286 iis,
1362 1210 1403 1270 ad
1423 1229 1501 1288 ques
1514 1215 1647 1289 spectat,
1664 1218 1695 1273 et
1710 1212 1964 1294 quandocunque

1170 1299 1323 1379 spectabit
1337 1299 1368 1358 in
1383 1299 1535 1376 futurum,
1548 1299 1659 1359 eadem
1670 1300 1860 1363 auctoritate
1871 1301 1966 1362 omni·

1170 1388 1271 1448 modae
1287 1386 1462 1448 executioni
1487 1387 1684 1468 demandari,
1701 1393 1733 1450 et
1747 1388 1966 1451 inviolabiliter

1171 1475 1343 1538 observari.

1509 1575 1618 1652 siv.

1209 1707 1223 1742 s
1243 1683 1452 1743 Decernentes
1474 1683 1593 1760 pariter
1611 1681 1655 1744 ite
1672 1683 1704 1742 in
1720 1682 1894 1760 praemissis
1914 1701 1966 1762 per

1170 1789 1372 1851 quoscunque
1386 1771 1514 1832 ludices
1529 1770 1724 1846 ordinariae,
1742 1775 1774 1832 et
1789 1771 1963 1850 Delegatos,

1170 1861 1263 1922 etiam
1282 1876 1448 1918 causarum
1466 1859 1575 1919 Palatii
1591 1858 1761 1937 Apostolici
1781 1858 1963 1937 Auditores,

1169 1967 1206 2009 ac
1219 1948 1315 2026 ipsius
1329 1949 1360 2008 S.
1384 1949 1419 2007 R.
1440 1950 1474 2009 L.
1497 1948 1678 2009 Cardinales
1691 1950 1787 2011 etiam
1803 1952 1844 2012 de
1858 1953 1964 2013 Latere

1169 2039 1312 2116 Legatos,
1330 2039 1361 2097 et
1375 2036 1466 2097 dietae
1478 2037 1568 2098 Sedis
1583 2035 1725 2115 Nuntios,
1743 2038 1865 2100 aliosve
1878 2058 1964 2118 quos·

1169 2126 1264 2202 libet,
1299 2143 1484 2204 quacunque
1507 2125 1745 2204 praeeminentia
1757 2131 1791 2188 et
1815 2131 1963 2206 potestate

1169 2214 1344 2292 fungentes,
1361 2218 1393 2274 et
1406 2215 1577 2288 iuncturos,
1601 2214 1725 2276 sublata
1739 2215 1797 2292 eis,
1815 2222 1848 2277 ct
1860 2233 1963 2278 eorum

1169 2302 1295 2362 cuilibet
1319 2301 1427 2381 quavis
1449 2301 1539 2362 aliter
1557 2301 1740 2382 judicandi,
1768 2307 1802 2366 et
1817 2303 1963 2383 iuterpre-

1167 2389 1253 2452 tandi
1270 2391 1427 2465 facultate,
1445 2395 1476 2450 et
1490 2391 1689 2468 auctoritate,
1701 2389 1856 2472 judicari,
1872 2393 1962 2454 etde

1168 2478 1249 2540 finiri
1273 2477 1400 2554 debere,
1423 2497 1460 2538 ac
1484 2479 1618 2555 irritum,
1642 2484 1673 2540 et
1695 2478 1804 2557 inane,
1828 2481 1854 2542 si
1879 2499 1963 2542 secus

1168 2585 1263 2644 super
1290 2567 1338 2626 bis
1365 2585 1384 2626 a
1412 2584 1590 2646 quoquam,
1619 2567 1730 2645 quavis
1754 2569 1960 2647 auctoritate,

1168 2654 1312 2732 scienter,
1328 2655 1376 2714 vel
1390 2655 1583 2733 ignoranter,
1601 2655 1769 2734 contigerit
1783 2658 1942 2720 attentari.

1527 2778 1602 2856 ev.

1208 2905 1221 2940 l
1239 2884 1305 2942 Non
1321 2881 1516 2943 obstantibus
1531 2882 1686 2960 omnibus,
1704 2885 1736 2945 et
1749 2883 1881 2964 singulis
1892 2884 1958 2961 illis,

1168 2990 1238 3052 que
1265 2969 1432 3048 predictus
1458 2972 1657 3034 innocentius
1686 2973 1909 3034 Praedecessor
1931 2973 1960 3034 iu

1166 3057 1290 3119 Litteris
1301 3057 1364 3118 suis
1374 3058 1563 3136 praeinsertis
1574 3059 1672 3121 voluit
1684 3079 1746 3121 non
1762 3061 1901 3140 obstare,
1917 3080 1960 3123 ce·

1167 3146 1303 3227 terisque
1316 3147 1480 3209 contrariis
1495 3148 1747 3229 quibuscunque.

1508 3269 1617 3348 svr.

1205 3399 1219 3434 a
1248 3378 1288 3438 Ut
1309 3380 1414 3437 autem
1436 3377 1556 3438 eaedem
1578 3382 1750 3455 presentes
1773 3378 1902 3440 Litterae
1924 3377 1959 3439 ad
2042 3441 2043 3444 ,

1166 3465 1305 3526 omnium
1339 3464 1481 3525 notitiam
1509 3465 1630 3526 facilius
1658 3466 1848 3544 deveniant,
1877 3467 1959 3527 volu-

1165 3572 1234 3613 mus
1249 3553 1327 3629 illas,
1344 3572 1400 3613 seu
1412 3571 1520 3614 earum
1531 3555 1675 3632 exempla
1685 3555 1725 3616 ad
1738 3556 1849 3618 valvas
1860 3557 1959 3618 [tecle

1164 3643 1217 3703 siae
1228 3642 1455 3719 Laterauensis,
1468 3661 1504 3704 ac
1514 3643 1654 3705 Basilicas
1669 3644 1826 3723 Principis
1834 3646 1958 3723 Aposto·

1164 3734 1276 3808 lerum,
1289 3749 1410 3792 necnon
1420 3730 1619 3792 Cancellariae
1633 3732 1837 3811 Apostolicae,
1850 3733 1958 3794 Curia·

1164 3839 1224 3900 que
1245 3820 1403 3882 Generalis
1427 3819 1458 3879 in
1473 3822 1577 3882 Monte
1598 3821 1760 3898 citatur-ic,
1787 3827 1821 3883 et
1842 3822 1873 3882 in
1888 3823 1957 3884 Acie

1163 3909 1271 3987 Campi
1281 3909 1370 3969 Nlore
1385 3907 1424 3968 de
1435 3909 1529 3985 Urbe,
1542 3912 1577 3970 ut
1587 3909 1684 3970 moris
1694 3915 1751 3986 est,
1765 3909 1853 3990 affigi
1868 3914 1900 3972 et
1909 3930 1957 3990 pu·

1162 3997 1283 4058 b'ieari.
1305 3996 1418 4075 Sicque
1433 3996 1617 4074 publicatas,
1628 4002 1660 4059 et
1670 3997 1779 4058 affixas
1795 4016 1917 4076 omnes,
1931 4002 1958 4060 et

1163 4086 1311 4164 singulos,
1325 4101 1404 4163 quos
1414 4084 1473 4145 illae
1484 4090 1679 4146 concernunt
1688 4085 1823 4164 perinde
1834 4088 1954 4162 arctari,

1163 4178 1195 4234 et
1208 4173 1344 4248 allicere,
1360 4189 1396 4232 ac
1411 4172 1436 4233 si
1449 4173 1617 4252 unicuique
1632 4190 1742 4234 eorum
1762 4174 1953 4250 nominatim,

1164 4266 1195 4322 et
1207 4261 1411 4340 personaliter
1425 4261 1576 4323 intimatae
1592 4262 1735 4324 fuissent.

1507 4379 1525 4458 s
1545 4379 1611 4442 vu.

1208 4505 1223 4542 a
1244 4487 1347 4565 thue
1370 4485 1509 4565 ipsarum
1530 4485 1718 4548 Litterarum
1739 4487 1953 4568 transumptis,
2038 4497 2040 4550 J

1164 4591 1218 4634 seu
1238 4573 1387 4650 exemplis
1407 4572 1502 4635 etiam
1521 4571 1693 4652 impressis,
1711 4591 1809 4635 manu
1830 4575 1954 4656 alicujus

1163 4659 1282 4723 Notarii
1297 4661 1414 4738 publici
1428 4661 1623 4740 subscriptis,
1641 4666 1671 4723 et
1691 4661 1795 4741 sigillo
1816 4665 1953 4726 Persona

1163 4749 1194 4811 in
1216 4749 1435 4812 Ecclesiastica
1455 4751 1611 4832 Dignitate
1632 4751 1811 4813 constitutae
1833 4753 1954 4815 munitis

1164 4837 1276 4898 eadem
1299 4857 1427 4917 prorsus
1450 4839 1527 4901 tides
1550 4843 1615 4901 tam
1641 4839 1673 4900 iu
1698 4839 1841 4918 iudicio,
1868 4858 1953 4922 quem

1164 4929 1252 4988 extra
1276 4927 1351 4987 illud
1375 4927 1490 5008 ubique
1519 4927 1717 5004 adhibeatur,
1744 4945 1818 5008 quse
1842 4929 1952 4990 eisdem

1162 5015 1368 5094 praesentibus
1378 5014 1591 5094 adhiberetur,
1599 5016 1625 5076 si
1633 5015 1952 5095 ferentexbibitae,rel

1164 5109 1307 5165 ostensae.

1209 5211 1222 5248 l
1237 5194 1350 5253 Datum
1369 5193 1474 5252 Romae
1496 5193 1580 5272 apud
1602 5193 1634 5255 S.
1655 5193 1787 5254 Mariam
1808 5193 1951 5276 Majcrem

1164 5280 1222 5340 sub
1231 5280 1355 5341 Annulo
1369 5280 1536 5342 Piscatoris
1549 5281 1599 5342 dic
1613 5285 1651 5344 23
1663 5283 1860 5361 Septembris
1871 5286 1948 5358 ital,

1165 5369 1365 5429 Pontificatos
1379 5369 1481 5430 Nostri
1497 5372 1586 5431 Anno
1601 5371 1714 5449 primo.
1731 5393 1746 5428 a

1202 5455 1283 5538 510.
1307 5457 1432 5520 liabens
1452 5457 1679 5544 coadjutorem,
1696 5478 1760 5521 nou
1776 5459 1848 5523 ideo
1868 5477 1949 5522 excu-
1968 5475 1994 5528 nt
