4056 6344
317 473 377 536 620
966 475 1083 538 LIBER
1102 473 1298 548 QUARTUS.

317 657 410 722 unico
439 657 538 736 Folio,
567 659 652 740 quod
680 658 821 724 Pontillci
846 659 1107 724 subscribendum
1164 665 1227 740 tur,
1244 661 1437 725 exactissime
1449 660 1572 740 impleri
1583 662 1614 726 et
1622 661 1785 726 observari
1795 663 1933 742 volumus,

318 745 538 821 deferebatur;
555 749 1109 830 quamsenemoremapraedccessu·
1162 749 1326 814 statuimus
1355 755 1386 814 et
1415 749 1447 813 in
1481 750 1596 814 virtute
1624 755 1741 814 sancte
1767 751 1936 816 obedienta

317 835 405 898 ribus
426 836 609 900 secretariis
626 837 797 914 invectum,
820 839 883 898 Nos
901 856 1026 921 quoque
1041 856 1106 900 ser·
1161 837 1361 915 mandamus,
1378 843 1473 920 atque
1487 837 1708 919 precipimus;
1728 857 1793 904 non
1807 840 1936 903 obstanti·

317 923 471 990 vavimns.
1161 926 1221 990 bus
1235 927 1476 1009 quibuscunque
1491 927 1675 1008 privilegiis,
1701 932 1758 990 aut
1777 929 1935 1006 coutranis,

359 1036 373 1072 u
392 1015 470 1078 cum
483 1021 589 1078 autem
599 1019 670 1096 post
683 1015 858 1078 absentiam
870 1015 1038 1078 duodecim
1052 1034 1108 1078 an·
1162 1017 1260 1077 etiam
1275 1015 1476 1097 quantumvis
1490 1015 1683 1094 inveteratis,
1700 1015 1810 1078 usibus
1832 1021 1861 1080 ct
1877 1035 1937 1078 con

317 1121 442 1180 uorum,
465 1121 600 1184 quorum
623 1105 703 1168 duos
721 1105 806 1184 apud
829 1105 1058 1168 Anconitanum
1077 1108 1109 1168 et
1162 1103 1391 1181 suetudiuibus,
1417 1122 1487 1184 quse
1509 1103 1612 1183 potius
1635 1105 1753 1168 abusus
1777 1109 1810 1165 et
1826 1123 1938 1185 corrup

317 1191 428 1254 decem
441 1192 526 1270 apud
539 1191 768 1254 Bononiensem
783 1193 939 1256 Ecclesiae
952 1192 1107 1273 Regimini
1162 1193 1232 1255 telae
1248 1192 1310 1255 dici
1325 1191 1460 1266 debent;
1482 1192 1607 1273 quibus,
1623 1194 1648 1254 si
1664 1192 1745 1256 forte
1768 1192 1876 1255 edesse
1894 1197 1938 1258 aut

318 1283 429 1344 Nostro
458 1279 632 1342 successive
660 1279 855 1360 commissas,
884 1283 1009 1346 assidue
1034 1281 1110 1344 resi·
1162 1281 1292 1360 allegari
1308 1281 1481 1362 contingat,
1495 1284 1582 1343 motu
1597 1299 1635 1344 ac
1648 1281 1781 1345 scicntia
1800 1281 1937 1360 similior

318 1367 422 1434 dendo
444 1367 665 1447 transegimus,
688 1367 722 1428 in
744 1370 863 1433 Urbem
883 1370 1000 1432 reversi
1022 1374 1054 1432 et
1067 1368 1108 1431 ad
1164 1369 1203 1430 de
1226 1371 1383 1449 predicte
1405 1370 1594 1450 Apostolicae
1616 1371 1814 1436 auctoritatis
1836 1373 1938 1434 Nestus
2006 1375 2007 1378 ’

318 1456 532 1537 Apostolicem
559 1457 694 1534 Sedem,
723 1459 867 1537 quamvis
894 1458 1105 1535 immerentes,
1163 1458 1370 1537 plenitudiue,
1396 1459 1597 1540 derogamus,
1621 1478 1658 1522 ac
1678 1459 1864 1541 derogatum
1881 1479 1937 1522 esse

319 1545 418 1610 erecti
432 1545 599 1619 fuerimus;
614 1545 873 1626 congregationis
893 1547 1031 1626 prelatas
1045 1565 1108 1608 ses·
1163 1547 1310 1609 volumus
1325 1553 1357 1612 et
1371 1547 1579 1610 decernimus.

318 1632 432 1710 sicces,
449 1633 581 1694 materia
595 1633 700 1694 forsan
713 1633 887 1712 deficiente,
900 1653 961 1697 neu
974 1635 1108 1715 amplius
1202 1658 1216 1694 u
1245 1636 1391 1698 Secundo
1415 1636 1484 1699 loco
1510 1641 1542 1698 et
1563 1640 1795 1718 cousequenter
1817 1637 1855 1698 sd
1874 1654 1937 1714 pre

318 1721 508 1803 frequentari
523 1721 753 1801 comperimus;
768 1740 870 1803 neque
885 1741 979 1802 porro
999 1723 1108 1790 Chiro-
1161 1723 1269 1801 missa,
1286 1725 1438 1786 adversus
1453 1725 1674 1804 praedictarum
1689 1728 1810 1804 Legum
1825 1729 1855 1787 ct
1871 1727 1937 1788 Gou-

317 1807 789 1890 grapha,autr01issignsnds
804 1810 900 1872 Nobis
915 1812 1021 1876 oblata
1039 1811 1107 1872 lue·
1161 1813 1358 1876 stitutionem
1373 1817 1630 1892 transgressores,
1644 1832 1756 1876 omnes
1771 1819 1804 1876 et
1817 1813 1936 1893 singulas

318 1905 411 1971 ruut;
425 1897 481 1959 sed
495 1897 579 1959 lacta
593 1897 688 1959 Nobis
703 1902 849 1960 oretenus
861 1917 881 1960 a
895 1901 1027 1962 Praelato
1042 1899 1108 1961 dic-
1161 1919 1271 1981 poenus
1283 1903 1315 1964 in
1330 1903 1448 1965 eisdem
1463 1905 1604 1966 Decretis
1622 1908 1654 1967 et
1673 1902 1936 1968 constitutionibus

317 1989 423 2048 tarum
445 1983 734 2064 Congregationum
756 2003 852 2065 super
873 1989 1053 2050 executione
1077 1994 1109 2049 et
1160 1990 1240 2052 latas
1255 1990 1514 2068 etcomminatss,
1537 1991 1724 2056 auctoritate
1740 1992 1936 2072 quoquellos·

318 2071 574 2152 interpretatione
598 2071 726 2134 Concilii
752 2077 784 2135 ct
806 2091 902 2154 super
929 2076 1108 2138 Residentia
1161 2083 1211 2139 tra
1236 2079 1459 2140 confirmamus
1484 2083 1516 2140 et
1540 2077 1747 2156 innovamus,
1778 2076 1936 2140 amissionis

317 2159 545 2239 cpiscoporum
556 2161 1107 2242 Secreterio,tempetitiouumcpis-
1161 2164 1279 2226 scilicet
1302 2169 1423 2245 quartae
1446 2165 1545 2245 partis
1568 2165 1727 2228 fructuum
1752 2166 1844 2228 unius
1866 2165 1934 2242 anui,

318 2265 480 2328 coporum,
497 2247 551 2328 qui
566 2247 761 2310 vacationem
775 2267 796 2310 e
809 2249 989 2312 Residentia
1002 2255 1107 2332 post'n·
1160 2251 1229 2331 ipso
1243 2253 1326 2315 lacto
1341 2254 1381 2315 ab
1393 2253 1431 2316 iis
1443 2254 1652 2330 incurreudae,
1669 2253 1724 2335 qui
1738 2255 1874 2334 legitimo
1891 2255 1936 2316 im-

317 2335 436 2413 labant,
464 2354 559 2416 quum
582 2352 763 2415 causarum,
789 2339 903 2418 quibus
927 2339 1106 2420 hujusmodi
1161 2339 1352 2418 pedimento,
1369 2359 1423 2402 seu
1433 2341 1526 2422 justis
1547 2345 1578 2404 et
1596 2341 1838 2406 rationabilibus
1852 2343 1936 2404 causis

317 2424 483 2506 petitiones
497 2423 721 2504 innitebantur,
738 2427 910 2501 relatione;
936 2434 1106 2511 nostroque
1161 2427 1355 2490 cessantibus
1369 2434 1401 2490 et
1413 2430 1534 2510 absque
1548 2448 1707 2509 expressa,
1723 2434 1760 2492 ut
1780 2431 1934 2512 prefertur,

318 2515 454 2592 desuper
462 2519 591 2594 eccepto
602 2533 752 2595 responso
764 2535 772 2588 ;
790 2521 966 2595 opportuna
976 2517 1107 2598 singulis
1161 2514 1350 2595 Apostolicae
1364 2516 1453 2578 Sedis
1467 2517 1605 2596 licentia,
1621 2537 1675 2580 sex
1688 2520 1849 2582 mensibus
1857 2519 1935 2581 conli-

317 2605 450 2666 Decreta
463 2603 625 2681 perscribi,
642 2622 741 2683 euque
765 2621 785 2664 a
807 2604 962 2666 cardinali
983 2605 1106 2668 Vicurio
1161 2605 1231 2666 uuis
1255 2609 1343 2667 extra
1371 2624 1462 2667 suam
1484 2605 1650 2668 Dioecesim
1672 2608 1828 2672 morando
1846 2607 1935 2670 ablue

317 2694 441 2768 Nostro,
465 2697 628 2770 tamquam
649 2692 825 2771 saepedicter
849 2694 1107 2773 Congregatiouis
1162 2693 1243 2766 rinl;
1261 2697 1292 2756 et
1305 2693 1482 2756 emissionis
1496 2695 1935 2777 ulteriusquartaepartislruc

317 2798 412 2860 super
433 2779 612 2842 llesidentia
632 2779 859 2861 cpiscoporum
882 2781 1043 2858 Praelecto,
1065 2780 1108 2842 si·
1161 2784 1261 2858 tunm,
1285 2780 1397 2843 eedem
1418 2782 1512 2846 modo
1533 2783 1743 2862 incurrendae,
1769 2785 1823 2847 ubi
1840 2783 1929 2865 buius·

317 2867 407 2948 gnari
428 2870 669 2928 consueverunt.
688 2869 806 2929 Verum
825 2887 923 2948 quum
944 2871 1006 2929 Nos
1025 2867 1107 2928 benc
1161 2870 1250 2932 modi
1270 2871 1414 2933 absentia
1433 2873 1474 2934 ad
1495 2873 1934 2953 aliossexmensesprutrabs
2006 2877 2007 2880 ’

318 2955 433 3035 egendi
445 2954 598 3016 rationem
612 2970 669 3033 pro
684 2954 729 3014 rei
742 2954 897 3033 gravitate
912 2952 1005 3015 nimis
1021 2971 1108 3014 com·
1161 2963 1231 3033 tur3
1247 2963 1282 3020 nt
1295 2959 1326 3020 in
1341 2959 1491 3039 praedioto
1504 2961 1642 3024 Concilio
1652 2961 1837 3024 Tridentino
1844 2963 1932 3037 resec,
2006 2993 2007 3000 κ

317 3042 513 3124 pendisrium
531 3040 799 3124 judicaverimus;
824 3044 925 3104 visum
949 3046 997 3104 est
1013 3041 1107 3108 Nobis
1160 3065 1226 3127 cop.
1248 3047 1276 3123 l,
1302 3045 1337 3107 de
1358 3046 1506 3127 Reform,
1531 3053 1683 3112 statutum
1704 3047 1783 3123 luit;
1810 3049 1934 3111 incursus
2006 3107 2007 3112 ,

317 3137 405 3195 motu
420 3131 546 3211 proprio
568 3133 599 3192 et
620 3149 658 3192 ex
673 3137 760 3192 certa
773 3131 913 3209 scientia,
929 3150 990 3192 non
1005 3130 1108 3193 solum
1162 3151 1288 3215 quoque
1302 3133 1334 3194 in
1349 3134 1470 3214 pcccati
1485 3135 1628 3198 mortalis
1642 3142 1768 3198 reatum
1788 3140 1820 3199 et
1837 3134 1934 3215 obliga·
2006 3147 2007 3218 ᾗ

317 3237 375 3300 pro
389 3219 505 3296 debita,
532 3223 565 3280 ut
586 3217 685 3296 aiunt,
708 3224 796 3281 actus
820 3219 1027 3296 solemnitate,
1052 3217 1107 3280 sed
1161 3221 1255 3285 tionis
1269 3222 1454 3284 restituendi
1470 3223 1589 3286 fructus
1613 3224 1644 3285 in
1668 3224 1934 3305 absenticperoep-
2006 3227 2007 3258 ³

318 3309 412 3371 etiam
433 3326 490 3388 pro
511 3307 608 3388 ipsius
626 3307 671 3370 rci
693 3308 868 3371 substantia
883 3312 914 3370 et
927 3326 984 3389 pro
1004 3311 1106 3371 matu·
1161 3315 1221 3386 tos,
1238 3310 1324 3372 nulla
1338 3310 1433 3372 etiam
1458 3311 1577 3391 previa
1598 3312 1933 3394 declarationemque
2006 3343 2007 3360 2

317 3395 393 3458 riori
406 3395 549 3458 eremius
562 3413 747 3470 causarum,
778 3415 848 3478 que
867 3398 908 3458 ad
927 3394 1107 3478 huiusmodi
1162 3399 1312 3479 erogandi
1337 3398 1550 3462 Ecclesiarum
1572 3400 1728 3476 fabricas;
1755 3421 1811 3466 seu
1831 3402 1931 3464 iasub

316 3485 458 3548 licentias
481 3485 667 3547 obtinendas
688 3487 871 3562 atteruntur,
894 3485 1108 3564 infrascriples
1161 3489 1341 3552 vectionem
1362 3507 1539 3568 pauperum
1555 3489 1654 3570 ipsius
1672 3489 1746 3569 loci,
1768 3507 1933 3572 quacunque
2005 3503 2007 3562 g

316 3574 402 3654 leges
424 3578 456 3634 et
477 3573 691 3635 ordinationes
712 3573 934 3637 inviolabiliter
956 3574 988 3634 in
1003 3578 1108 3653 poste-
1162 3575 1368 3638 conventione
1381 3593 1437 3638 scu
1452 3577 1678 3657 compositione
1693 3597 1751 3658 pro
1773 3575 1932 3660 hujusmodl
2006 3583 2007 3586 ’

318 3681 389 3734 rum
402 3660 625 3739 observandas,
640 3660 820 3742 Apostolica
844 3661 1039 3738 auctoritate,
1062 3664 1108 3722 te-
1161 3663 1313 3726 lructibus
1327 3665 1409 3726 male
1423 3665 1579 3744 perceptis
1594 3665 1774 3745 prohibita;
1797 3671 1832 3730 ut
1850 3665 1878 3726 iu
1894 3681 1933 3726 ee
2006 3727 2007 3736 ἶ

317 3769 393 3814 nore
406 3747 620 3830 praesentium,
637 3748 761 3810 edicere
776 3755 808 3810 et
821 3749 1024 3812 constituere.
1162 3751 1235 3813 dem
1262 3751 1398 3815 Concilio
1420 3773 1485 3815 ress.
1512 3757 1561 3832 23,
1588 3773 1653 3836 cop.
1674 3758 1702 3830 l,
1724 3753 1930 3834 presentior.

356 3861 372 3898 u
399 3839 540 3900 Primum
561 3837 666 3917 itaque
695 3837 795 3900 relata
822 3838 969 3917 superius
997 3839 1108 3899 Sacro·
1162 3841 1310 3903 Similiter
1323 3839 1537 3920 impositurus
1554 3843 1704 3922 proedicto
1722 3844 1779 3905 Pio
1798 3845 1848 3919 lV,
1868 3843 1932 3903 Ρτιι
2006 3833 2007 3914 i

316 3929 433 3990 sauctus
452 3925 645 3989 ¹Tridentinae
669 3926 788 4004 Synodi
814 3927 959 4004 Decreta,
984 3945 1049 3990 sess.
1075 3929 1106 4003 6,
1162 3928 1326 3992 decessore
1347 3946 1475 4008 pecuum
1498 3931 1675 3994 amissionis
1693 3931 1932 3994 facultatumtes·
2005 3921 2007 3936 ⁴

317 4035 343 4080 c.
364 4019 379 4076 l
400 4024 429 4076 et
444 4033 510 4076 sess.
530 4015 580 4091 23,
600 4031 626 4074 e.
644 4015 673 4090 l,
689 4011 884 4094 deRelorm,
900 4014 1107 4095 laudatusque
1160 4017 1247 4080 tandi
1263 4021 1295 4078 et
1306 4015 1502 4097 disponendi,
1525 4019 1551 4080 si
1575 4039 1645 4100 qum
1668 4018 1931 4101 cansgressoribus
2005 4053 2007 4104 l

317 4107 530 4168 Romanorum
545 4101 730 4164 Pontificum
745 4101 1018 4164 Praedeccssorum
1032 4104 1108 4163 Nos·
1161 4105 1341 4187 huiusmodi
1369 4111 1548 4186 competere
1567 4107 1813 4188 dignoscantur3
1830 4122 1930 4170 necnon

316 4196 437 4255 trorum
458 4190 503 4251 Pii
524 4192 576 4267 lV,
601 4189 741 4269 Gregorii
756 4191 837 4267 Xlll,
853 4190 1024 4254 clementis
1038 4190 1107 4253 vlll
1161 4193 1364 4256 inhabilitatis
1388 4193 1429 4256 ad
1451 4194 1589 4276 majores
1610 4195 1787 4275 Dignitates
1805 4192 1931 4258 esurus

317 4283 350 4342 et
368 4278 486 4342 Urbani
507 4277 626 4358 puriter
646 4278 714 4341 Vlll
735 4279 977 4341 constitutiones
1000 4282 1031 4340 et
1053 4281 1106 4342 Or·
1162 4281 1224 4343 sias
1237 4281 1435 4360 obtinendas,
1451 4301 1547 4365 quam
1568 4285 1717 4364 prefatus
1731 4303 1854 4366 quoquc
1868 4285 1931 4346 Pre

317 4367 503 4441 dicationes,
525 4383 648 4429 necnon
671 4384 781 4428 omnes
805 4372 837 4429 et
863 4366 1013 4446 singulas,
1029 4385 1108 4447 quas
1162 4370 1308 4432 decessor
1334 4370 1478 4432 clemens
1504 4372 1585 4448 v111,
1612 4371 1734 4450 indixit,
1763 4391 1821 4453 per
1845 4368 1931 4434 omnic

317 4473 414 4535 supra
427 4453 596 4532 innuimus,
615 4455 833 4517 Resolutioues
850 4454 1037 4534 Apostolioas
1053 4456 1109 4516 Se-
1162 4459 1384 4520 confirmamus
1405 4463 1437 4521 et
1459 4460 1657 4524 innovemus.
1675 4460 1795 4534 Quibus
1808 4457 1931 4524 omuibus

318 4544 366 4607 dis
379 4543 564 4606 auctoritate
585 4543 695 4619 editas,
711 4543 897 4606 innovantes
920 4546 952 4604 et
971 4548 1037 4603 lum
1051 4549 1108 4606 De·
1162 4547 1332 4610 boeotiam
1345 4548 1599 4627 superaddimus,
1617 4554 1651 4612 ut
1668 4549 1765 4612 iidem
1778 4555 1931 4627 usmgres·

317 4636 490 4710 craterum,
515 4650 610 4712 quam
634 4632 908 4708 constitutionum,
934 4630 1108 4694 Ordinatio·
1163 4655 1249 4698 sores
1263 4636 1408 4698 omnibus
1427 4641 1459 4699 et
1480 4637 1611 4717 singulis
1631 4638 1764 4700 lndultis
1779 4642 1811 4701 et
1824 4635 1931 4700 Pririle·

316 4739 393 4784 num
427 4724 459 4782 et
494 4720 730 4784 Resolutiouum
764 4719 947 4802 hujusmodi
982 4725 1109 4780 tenores
1162 4725 1232 4804 giis,
1259 4743 1330 4805 quse
1357 4725 1463 4786 forsan
1489 4726 1586 4805 ipsis,
1613 4731 1768 4807 nuquam
1791 4720 1929 4789 Pontificio

316 4809 412 4872 etiem
438 4808 576 4872 veriores
603 4826 659 4888 pro
687 4809 762 4872 satis
790 4810 841 4871 hic
869 4807 1043 4888 expressis,
1071 4824 1108 4868 oc
1163 4812 1247 4876 solio
1271 4812 1515 4891 Assisteutibus,
1545 4831 1695 4876 concessa
1721 4815 1852 4890 fuerint,
1876 4813 1929 4891 iou

317 4895 413 4960 etiam
435 4895 474 4957 de
495 4896 591 4958 verbo
614 4896 654 4957 ad
674 4897 805 4960 verbum
819 4897 944 4959 insertis
957 4896 1109 4958 habentes
1163 4901 1245 4960 facto
1268 4899 1381 4978 privati
1406 4918 1473 4961 esse
1498 4906 1707 4964 censeantur:
1731 4901 1928 4972 Decernentes,

317 4991 349 5048 et
363 4983 473 5048 baberi
492 4984 652 5059 volentes3
673 4985 843 5066 illaque'et
857 4987 936 5063 illas,
953 4989 1109 5066 quatenus
1163 4988 1222 5050 sub
1235 4993 1504 5068 transgressorum
1518 4989 1643 5052 nomine
1654 4987 1928 5070 comprehendiuou

317 5093 397 5154 opus
419 5073 478 5150 sit,
502 5071 616 5135 ilerum
638 5073 817 5153 plenissime
842 5075 1055 5155 approbantes
1078 5076 1110 5134 et
1162 5077 1265 5139 solum
1280 5093 1344 5154 eos,
1361 5077 1413 5156 qui
1428 5082 1544 5157 prester
1556 5082 1621 5140 tres
1634 5097 1760 5142 menses
1778 5099 1798 5142 s
1816 5073 1928 5142 00ηοίϋο

317 5164 557 5236 confirmantes;
581 5161 688 5224 omnia
706 5166 738 5225 et
757 5163 879 5244 singula
894 5164 927 5224 in
942 5163 1016 5242 ipsis
1034 5180 1110 5224 cou—
1162 5165 1322 5242 toleratos,
1344 5165 1463 5245 ubsque
1484 5166 1629 5247 legitima
1643 5186 1738 5232 ceusu
1758 5174 1790 5231 et
1806 5177 1928 5248 expressa

314 5255 413 5327 tantu
437 5251 478 5313 ab
498 5249 536 5312 iis
555 5250 596 5312 ad
617 5267 697 5331 ques
717 5254 882 5330 spectatet
896 5269 952 5332 pro
965 5255 1108 5329 tempore
1164 5252 1295 5314 Romani
1311 5253 1468 5316 Pontificis
1481 5255 1607 5318 licentia
1620 5260 1709 5318 extra
1721 5257 1858 5338 proprius
1866 5251 1927 5316 nic·

317 5338 349 5400 in
362 5342 523 5419 posterum
536 5339 702 5419 spectabit,
718 5340 839 5403 attendi
853 5345 885 5404 et
898 5341 930 5402 iu
944 5341 993 5402 bis
1008 5341 1109 5404 omui·
1163 5359 1250 5402 ceses
1273 5346 1526 5417 commoranturr
1551 5343 1607 5405 sed
1630 5361 1685 5406 cos
1707 5345 1812 5424 ecam,
1827 5341 1873 5425 qni
1885 5339 1926 5400 uc

316 5425 387 5506 bus,
403 5444 473 5514 quc
487 5428 609 5496 Nostris
623 5427 709 5516 bisce
723 5427 847 5494 bitteris
861 5447 924 5494 nou
938 5428 1109 5494 edversen-
1158 5428 1297 5511 jusmodi
1320 5429 1479 5496 licentiam
1513 5432 1598 5496 falsis
1635 5433 1826 5500 simuletisre
1845 5425 1925 5494 corus
