3992 6336
615 551 861 624 11252221Μο
885 549 1103 616 PRAEGEPTO
1632 541 1689 608 105

58 740 126 808 riam
137 759 279 822 parem,
296 743 343 806 nti
358 743 479 806 dicetur
488 762 521 826 p.
537 746 568 814 2,
583 764 615 806 a.
638 747 708 823 249,
733 747 789 806 aut
811 744 837 806 si
891 741 921 804 d.
937 745 967 818 2,
982 760 1013 823 q.
1029 741 1059 818 8,
1072 758 1105 820 p.
1121 740 1151 804 2.
1168 739 1287 802 Verum
1301 737 1333 798 et
1351 735 1412 798 hoo
1431 733 1566 798 mortale
1588 730 1688 834 evita·

58 831 92 892 ad
102 831 192 892 breve
205 835 335 912 tempus
349 831 578 895 restitutionem
587 833 722 911 differat,
738 835 834 914 Vasq.
890 829 946 906 bit,
963 829 988 890 si
1003 828 1053 890 val
1067 831 1141 892 ωηο
1156 825 1322 888 restituere
1340 841 1403 885 non
1426 821 1535 922 possit,
1552 820 1603 884 vel
1617 839 1687 882 anr-

59 917 159 980 Sanob.
175 919 269 997 Sayr.
287 921 396 982 Rebel.
413 919 503 982 Dian.
520 923 598 1000 lleg.
614 921 703 983 Bass.
722 920 837 1001 aliique
890 935 978 980 mum
993 916 1108 980 habeat
1122 914 1215 995 paulo
1231 911 1492 993 postrestituendr
1507 929 1545 972 ea
1559 910 1683 986 saltem,

57 1007 251 1086 plurimicnm
271 1008 442 1072 Oviedorle
453 1017 564 1090 pacem.
580 1019 674 1071 contr.
684 1012 713 1088 3,
725 1030 756 1072 n.
767 1011 836 1085 103,
893 1024 963 1088 quae
983 1013 1058 1068 tuac
1082 1004 1206 1084 accipit,
1235 1005 1328 1065 Gran.
1354 1001 1444 1064 Dian.
1468 1019 1501 1082 p.
1523 1002 1554 1077 3,
1583 1006 1623 1062 tr.
1653 1001 1684 1076 6,

1 1099 2 1178 i
59 1101 84 1156 el
103 1097 191 1174 lloya
212 1097 231 1176 ἓ
254 1100 287 1175 3,
308 1098 366 1160 sed
389 1099 428 1160 de
452 1098 600 1162 dilatione
628 1098 695 1162 aide
714 1098 840 1162 dicanda
893 1115 947 1160 res.
964 1100 1015 1160 25.
1677 1175 1685 1190 ι

1 1189 2 1232 ³
59 1187 126 1266 1)·2,
141 1188 256 1248 16252·
933 1209 948 1246 a
975 1188 1013 1248 ll.
1038 1185 1070 1247 Si
1095 1188 1201 1246 antem
1218 1201 1275 1264 per
1295 1182 1387 1261 plura
1407 1198 1507 1260 parva
1525 1177 1609 1240 furta
1632 1195 1688 1238 unr

1 1269 41 1320 Ἄ
92 1269 248 1352 Colliqitur
270 1277 302 1334 2.
326 1273 359 1335 Si
382 1275 516 1336 materia
537 1275 611 1338 furti
634 1276 778 1356 sacrilegi
800 1276 842 1340 sit
892 1276 944 1337 vel
958 1275 1099 1355 pluribus
1114 1275 1206 1346 faeta,
1223 1273 1339 1334 hebeat
1353 1271 1560 1332 intentionem
1573 1268 1686 1348 paula-

59 1381 110 1438 rcs,
126 1379 193 1442 qua
207 1363 312 1442 pretio
336 1363 501 1441 temporali
520 1364 667 1427 aestimari
688 1366 778 1442 solet,
795 1365 839 1427 uti
894 1365 951 1427 tim
965 1363 1148 1439 ditescendi,
1165 1364 1214 1423 vel
1228 1359 1381 1422 inferendi
1408 1377 1505 1439 grave
1520 1357 1684 1432 damnum,

59 1455 120 1512 sant
133 1451 220 1528 calix,
246 1449 377 1531 aliaque
393 1453 568 1530 spectantia
590 1455 631 1515 ad
654 1455 839 1530 Ecclesiam,
895 1457 1005 1532 peccat
1018 1452 1157 1531 graviter
1171 1469 1209 1511 ea
1223 1450 1406 1523 intentione;
1423 1466 1460 1509 ac
1470 1448 1544 1510 lieet
1558 1462 1690 1508 exsecu-

1 1607 2 1620 ,
59 1539 181 1618 gravitas
200 1538 445 1602 determinanda
468 1547 526 1621 est,
553 1549 588 1604 ut
602 1543 738 1604 diximus
753 1543 792 1603 de
807 1561 841 1603 ra
895 1541 938 1602 tio
958 1541 1153 1620 singulorum
1176 1540 1216 1601 sit
1233 1543 1353 1601 tantum
1376 1536 1506 1598 venialis
1527 1554 1566 1597 ex
1585 1553 1630 1611 se,
1655 1536 1690 1597 ut

1 1625 2 1630 ’
59 1627 195 1706 prolana;
220 1631 345 1690 attento
369 1629 487 1706 valore,
510 1630 684 1692 secundum
708 1631 842 1692 aestima·
896 1633 1003 1692 tamen
1023 1627 1144 1689 substat
1166 1627 1219 1689 tali
1242 1625 1417 1703 intentioni,
1444 1623 1689 1686 estcontinuata

1 1767 2 1790 ,
59 1715 161 1777 donem
187 1731 404 1777 communem.
434 1716 468 1779 si
496 1721 602 1780 autem
628 1719 739 1780 altres
761 1718 842 1779 adse·
897 1717 1055 1778 exsecutio
1070 1717 1190 1795 peceati
1211 1714 1362 1791 mortalis,
1378 1716 1463 1776 Less.
1486 1712 1602 1774 Sanch.
1620 1709 1643 1773 l.
1660 1729 1687 1772 c.

1 1867 2 1876 ,
59 1807 139 1883 quate
151 1821 253 1880 sacra,
271 1823 304 1866 v.
321 1822 353 1883 g.
371 1805 532 1886 Reliquiae,
549 1810 662 1885 putant
675 1808 771 1887 aliqui
779 1824 842 1868 non
897 1807 972 1888 quia
994 1809 1109 1868 nocent
1128 1805 1266 1884 graviter
1287 1803 1501 1882 Reipublicae,
1527 1803 1558 1863 et
1584 1799 1690 1879 praxis

60 1889 116 1952 dari
129 1891 320 1969 parvitatem
333 1894 487 1970 materiae,
503 1894 560 1955 aad
578 1913 704 1974 semper
718 1896 842 1976 peccari
897 1896 952 1958 ille
970 1895 1061 1955 valde
1084 1893 1261 1972 perniciosa
1283 1895 1332 1953 est
1353 1891 1494 1953 societati
1514 1890 1661 1950 humanae
1678 1906 1687 1948 ε

1 2053 2 2068 ¹
59 1980 227 2056 mortaliter,
240 1984 536 2062 quantumcumque
547 2001 660 2062 parum
675 1986 744 2064 quis
759 1985 843 2044 lure·
896 2003 927 2048 v.
944 2003 975 2062 g.
992 1984 1020 2044 si
1033 1987 1135 2044 sartor
1149 1982 1318 2061 particulas
1332 1980 1428 2059 panni
1444 1998 1463 2040 a
1477 1977 1609 2040 diversis
1624 1995 1690 2037 sur-

1 2119 2 2135 ,
59 2073 110 2146 tur,
124 2068 196 2148 quia
209 2069 358 2131 Clemens
373 2072 453 2139 Vlll,
470 2071 586 2132 Paulus
600 2073 627 2133 V
651 2077 682 2134 et
696 2072 842 2135 Urbanus
897 2073 1010 2152 ripiat;
1027 2071 1052 2132 si
1067 2073 1258 2132 mercatores
1279 2073 1408 2131 utantur
1430 2067 1628 2130 brevioribus
1641 2065 1690 2126 ul-

1 2203 2 2234 ,
59 2157 117 2218 llll
135 2157 414 2220 excommunicant
433 2158 679 2237 ipsofactoeos,
697 2161 749 2241 qui
774 2161 842 2222 sine
897 2162 945 2222 nis
960 2165 1019 2222 eto.
1037 2159 1164 2221 interim
1178 2159 1211 2220 hi
1227 2152 1689 2234 excusantursubindeagrevi

60 2262 196 2308 consensu
225 2263 365 2323 eorum,
392 2247 444 2327 qni
471 2251 612 2328 praesunt
637 2249 783 2311 Ecclesiis
810 2249 842 2310 in
897 2251 1078 2328 peccatozl.
1095 2250 1140 2308 llx
1155 2265 1191 2307 eo
1208 2246 1291 2327 quod
1307 2246 1426 2307 dictum
1440 2249 1489 2304 est
1501 2241 1687 2325 cesepm'mo.

1 2399 2 2406 ,
60 2334 191 2396 districtu
206 2337 353 2398 Romano
362 2336 530 2398 extrahunt
539 2337 697 2414 minimas,
711 2343 742 2400 et
753 2339 842 2419 qnid·
897 2343 926 2400 2.
944 2338 977 2400 Si
991 2337 1023 2398 id
1046 2337 1173 2413 faciant,
1195 2340 1230 2397 ut
1252 2353 1285 2396 se
1305 2338 1431 2396 servent
1444 2331 1623 2407 indemnes,
1640 2330 1691 2391 vel

1 2413 2 2494 l
61 2423 124 2502 qnid
136 2427 238 2504 potest
253 2423 373 2486 babere
397 2425 553 2500 umbram,
579 2432 635 2489 aut
656 2433 843 2509 praetextum
898 2426 972 2504 quia
993 2424 1069 2485 alias
1090 2441 1153 2484 non
1175 2423 1388 2495 lucrarentur;
1410 2421 1459 2482 vel
1482 2419 1618 2499 pretium
1636 2436 1691 2478 au-

61 2511 273 2592 lleliqaiarum,
291 2513 339 2575 uti
352 2530 425 2574 cnm
439 2513 509 2575 aliis
527 2518 660 2578 testatur
674 2516 795 2578 Baldel.
812 2516 843 2576 in
897 2532 972 2595 gere
987 2513 1149 2588 deberent,
1166 2517 1197 2575 et
1211 2517 1285 2574 tunc
1300 2529 1363 2573 non
1378 2510 1556 2572 invenirent
1570 2512 1690 2587 empto·

61 2597 107 2660 Tt.
121 2598 230 2662 Horat.
249 2608 273 2662 t.
291 2603 322 2678 2,
340 2599 362 2662 l.
379 2603 409 2680 3,
428 2601 458 2663 d.
480 2606 530 2680 15,
546 2622 565 2664 o
582 2623 614 2666 a.
630 2607 679 2677 293
696 2608 781 2666 recte
796 2609 844 2666 ta-
898 2623 959 2666 res.
977 2603 1101 2664 ltosella
1128 2600 1161 2663 V.
1186 2601 1323 2683 Emplio.
1348 2603 1378 2662 3.
1405 2600 1437 2662 Si
1462 2597 1539 2660 alias
1558 2613 1621 2658 non
1635 2595 1689 2657 ha·

61 2706 121 2748 men
143 2693 253 2752 notant
278 2689 396 2752 Sanch.
421 2693 538 2754 Bonae.
563 2694 706 2772 Gastrop.
731 2699 764 2756 et
790 2693 842 2756 alii
898 2693 1004 2764 beant,
1021 2691 1104 2752 unde
1119 2707 1164 2767 se,
1185 2690 1235 2751 vel
1249 2708 1322 2752 snos
1337 2691 1432 2751 alant.

62 2794 122 2838 cam
133 2777 221 2840 Dian.
234 2797 272 2860 p.
289 2781 321 2855 5,
338 2788 377 2840 tr.
393 2781 424 2855 5,
441 2798 496 2842 res.
519 2782 569 2857 35,
586 2799 644 2860 pro
664 2781 741 2843 locis
756 2786 844 2844 extra
938 2802 953 2838 a
979 2781 1031 2842 lll.
1049 2779 1080 2841 Si
1095 2779 1201 2857 plnres
1215 2778 1319 2856 simul,
1334 2778 1386 2840 vel
1400 2775 1576 2839 successive
1599 2773 1691 2853 plura

1 2847 2 2872 ¹
62 2865 227 2928 districtum
244 2869 424 2929 Romanum
436 2867 503 2948 (pro
519 2887 581 2948 quo
597 2869 844 2951 lueritspeoialis
899 2869 1092 2946 furtaparva
1109 2867 1202 2928 alicui
1216 2867 1343 2944 faciant,
1360 2885 1430 2947 qua
1458 2865 1551 2927 simul
1565 2866 1691 2941 sumpta

62 2954 129 3016 ratio
151 2953 195 3016 sio
215 2954 432 3035 prohibendi),
449 2956 516 3018 dari
535 2957 724 3036 parvitatem
746 2963 846 3021 mate·
900 2955 1038 3036 graviter
1058 2955 1102 3015 illi
1124 2960 1269 3032 noceant,
1294 2959 1380 3031 tunc,
1403 2954 1429 3015 si
1444 2955 1523 3016 alter
1537 2951 1576 3014 de
1591 2950 1691 3012 altero

62 3041 107 3101 ria
128 3048 157 3102 et
178 3041 445 3104 considerandam
474 3061 542 3106 esse
576 3044 762 3124 dignitatem
791 3051 847 3110 aut
900 3061 963 3104 non
978 3042 1066 3120 sciat,
1084 3043 1187 3104 nullus
1200 3045 1311 3123 peccat
1324 3041 1473 3122 graviter,
1490 3060 1520 3101 v.
1537 3057 1568 3119 g.
1586 3037 1611 3100 si
1626 3036 1693 3098 via·

62 3129 208 3192 raritatem
223 3131 454 3211 Reliquiarum,
467 3131 601 3213 ideoque
616 3133 683 3195 lore
700 3137 843 3214 mortale,
899 3135 983 3195 tores
998 3150 1036 3193 ex
1050 3130 1143 3193 vinea
1156 3151 1252 3193 unam
1266 3133 1437 3195 alteramve
1445 3147 1541 3193 uvam
1554 3126 1689 3206 rapiant,

62 3219 170 3298 siquis
196 3221 250 3282 vel
277 3219 444 3281 minimam
471 3227 595 3301 partem
624 3227 741 3285 sanctae
769 3228 847 3287 Gru·
901 3227 932 3283 et
953 3220 1138 3294 comedant;
1160 3221 1217 3283 etsi
1241 3220 1301 3282 hoc
1323 3220 1418 3281 licere
1448 3219 1555 3280 dicant
1579 3218 1689 3278 Govar.

63 3305 289 3371 cisluraretur:
317 3328 334 3369 e
358 3315 467 3372 contra
490 3311 556 3371 fore
579 3311 713 3389 veniale,
735 3313 846 3393 siquis
900 3309 1055 3386 Valerius,
1079 3315 1110 3370 et
1133 3309 1214 3389 ilipa
1236 3313 1346 3371 contre
1368 3308 1501 3371 Dianam
1518 3306 1642 3367 reat-10.
1660 3301 1693 3364 Si

62 3412 228 3474 acorpore
259 3397 395 3478 alicujus
423 3399 530 3461 Sancti
563 3399 701 3464 auferret
728 3401 846 3482 aliquid
901 3402 1009 3459 autem
1034 3397 1148 3476 singuli
1176 3396 1382 3476 conspirent,
1412 3393 1526 3474 singuli
1554 3391 1693 3473 graviter

63 3481 195 3560 pulveris,
217 3484 382 3564 capillum,
406 3488 461 3547 aut
480 3485 592 3564 simile,
626 3486 711 3567 quod
743 3507 845 3571 neque
901 3490 1043 3566 peccant.
1075 3485 1107 3547 Si
1135 3484 1270 3564 danique
1299 3484 1338 3544 de
1366 3501 1400 3544 se
1428 3488 1537 3560 mutuo
1566 3480 1691 3554 sciant,

63 3568 203 3636 deformat
217 3573 323 3653 ipsam
338 3573 525 3654 Reliquiem,
543 3594 645 3657 neque
660 3576 743 3640 illius
766 3579 847 3643 esti-
902 3576 1006 3636 nullus
1033 3577 1140 3636 tamen
1163 3573 1254 3634 alteri
1285 3571 1326 3634 sit
1356 3591 1452 3633 causa
1480 3569 1584 3646 furti,
1619 3583 1694 3647 pro·

63 3659 220 3724 medonem
234 3661 362 3741 minuit,
379 3661 424 3726 ita
436 3663 556 3726 Baldel.
572 3683 604 3727 a.
621 3668 670 3728 25.
901 3661 1036 3724 babillus
1066 3664 1199 3724 estnon
1231 3679 1299 3722 esse
1329 3661 1485 3737 mortale,
1511 3661 1547 3720 ut
1579 3655 1697 3718 docent

901 3754 986 3814 Less.
1003 3754 1104 3814 Tana.
1130 3755 1189 3814 etc.
1213 3755 1324 3815 contra
1345 3751 1437 3814 Suar.
1463 3751 1499 3814 V.
1525 3748 1644 3809 Bonae.
1669 3739 1692 3804 I.

902 3857 927 3901 C.
943 3861 958 3900 ll

317 3963 494 4028 DUBIUM
515 3966 575 4030 Ill.

114 4155 206 4232 an
229 4159 486 4242 prostreperet,
509 4163 564 4244 qm·
583 4163 678 4228 mapa
699 4164 786 4248 furta
1172 4099 1426 4161 ADDENDA.

361 4251 538 4315 mmmm?
942 4295 1040 4370 Ouoest
1054 4297 1123 4356 215.
1139 4327 1181 4340 -
1191 4293 1272 4369 Quid
1285 4293 1333 4355 tic
1346 4291 1509 4356 notandum
1522 4295 1562 4357 sit
1580 4294 1622 4357 ad
1631 4293 1696 4357 cla·
1724 4305 1777 4351 ¹⁰⁰⁵

901 4384 1007 4445 ctorem
1028 4383 1277 4464 intelliqenta'um?
1300 4385 1338 4445 a.
1363 4401 1450 4464 seqq.
1472 4385 1491 4464 ᾗ
1518 4385 1546 4446 1.
1576 4387 1693 4448 Novar.

104 4463 222 4542 cllesp.
239 4462 296 4526 llic
310 4480 435 4545 quoque
450 4465 609 4545 quantitas
631 4467 779 4547 laesionis,
795 4469 846 4532 vel
900 4476 995 4554 Vasq.
1011 4476 1096 4535 Less.
1115 4473 1171 4550 12,
1188 4492 1214 4534 ο.
1233 4475 1280 4549 12,
1297 4472 1327 4534 d.
1345 4477 1374 4546 83
1387 4473 1504 4534 Dicast.
1518 4471 1540 4534 l.
1559 4477 1588 4550 2,
1607 4483 1647 4537 tr.
1663 4478 1692 4554 1,

68 4545 331 4629 damniticalionis,
355 4571 425 4632 qoae
445 4554 480 4615 ut
505 4555 666 4634 proximo,
691 4559 723 4618 et
751 4575 846 4637 quam
901 4559 930 4626 d.
948 4565 978 4638 9,
993 4580 1024 4622 a.
1051 4564 1102 4638 50,
1119 4561 1234 4640 aliique
1262 4561 1410 4638 latentur,
1441 4562 1526 4641 quod
1558 4562 1694 4625 retinere

69 4633 112 4695 tor
123 4637 263 4716 intendit,
280 4644 328 4702 est
342 4657 489 4702 mensura
513 4644 696 4723 quantitatis
712 4646 844 4728 peccati.
902 4648 1045 4710 nltimam
1068 4648 1233 4710 materiam
1257 4648 1358 4710 levem
1390 4665 1462 4709 cum
1491 4649 1560 4711 aliis
1578 4669 1696 4730 praece·

70 4723 102 4786 l.
115 4727 197 4788 less.
215 4726 239 4789 l.
254 4732 284 4805 2,
300 4749 326 4792 ο.
346 4732 395 4808 12,
410 4729 440 4794 d.
451 4735 490 4807 83
507 4734 623 4798 Sancti.
639 4733 717 4798 Mor.
734 4735 756 4798 l.
772 4740 802 4815 7,
818 4755 845 4799 ο.
902 4736 1063 4812 dentibus,
1089 4736 1114 4798 si
1142 4754 1200 4815 per
1226 4736 1313 4798 illam
1340 4738 1535 4816 compleatur
1561 4740 1696 4803 materia

71 4813 113 4874 tl.
129 4813 209 4877 Unde
221 4816 368 4879 resolves:
622 4887 625 4894 ,
902 4825 1018 4906 gravis,
1039 4825 1081 4886 sit
1102 4826 1245 4901 mortale,
1268 4828 1407 4887 attamen
1429 4828 1693 4907 negantmortale

104 4905 157 4966 al.
176 4906 212 4968 si
232 4907 302 4986 quis
325 4925 363 4968 ex
385 4909 547 4973 occasione
568 4915 690 4974 tantum
713 4913 846 4994 furatur,
903 4931 970 4974 esse
985 4929 1056 4973 eam
1070 4913 1227 4991 surripere
1245 4933 1251 4974 :
1269 4931 1364 4992 quam
1389 4915 1576 4979 sententiam
1590 4918 1691 4980 Amic.

71 4987 128 5050 rive
141 4994 205 5062 ani,
221 4994 287 5054 sive
303 4995 442 5074 pluribus
465 4998 635 5078 modicum,
661 5019 723 5063 non
746 5001 849 5064 inten-
903 4999 1060 5082 depereat.
1076 4999 1107 5063 d.
1124 5003 1173 5077 23,
1190 5020 1221 5062 a.
1238 5005 1307 5062 226.
1325 5003 1443 5064 Oviedo
1458 5003 1613 5086 depereat.
1629 5025 1693 5066 con-

73 5076 139 5140 dens
153 5083 289 5144 notabile
305 5081 419 5163 aliquid
434 5088 608 5168 acquirere,
624 5109 682 5151 nec
705 5091 848 5170 proximo
904 5097 977 5151 troo.
994 5092 1025 5167 3,
1041 5107 1072 5149 n.
1090 5091 1158 5165 163,
1175 5093 1289 5150 vocant
1311 5091 1507 5171 probabilem
1525 5097 1557 5156 et
1580 5099 1692 5165 tutum,

73 5168 197 5244 muter
223 5189 341 5232 nocere
367 5173 495 5252 singulis
517 5175 619 5253 furtis,
649 5195 710 5238 non
738 5182 850 5258 peccat
903 5179 959 5240 sed
974 5177 1150 5257 oppositum
1172 5182 1219 5240 est
1241 5180 1412 5241 tenendum
1434 5198 1505 5242 cum
1521 5185 1691 5254 communi,

74 5257 207 5334 graviter,
223 5277 333 5338 neque
347 5261 486 5325 easimul
507 5271 633 5343 sumpta
656 5284 753 5327 naum
767 5284 849 5328 mor·
903 5266 1010 5331 Moliri.
1026 5266 1056 5329 d.
1072 5269 1148 5342 6883
1165 5270 1253 5348 Lago
1267 5267 1297 5330 d.
1316 5273 1365 5346 16,
1380 5290 1411 5332 n.
1429 5273 1487 5345 38;
1505 5275 1632 5352 Sporer.
1651 5283 1690 5338 tr.

74 5343 126 5440 ale
142 5345 358 5418 constituunt3
373 5355 534 5430 postquem
556 5357 661 5414 tamen
685 5353 725 5415 ad
749 5373 849 5434 quan·
902 5358 933 5432 5,
949 5374 975 5420 ο.
1000 5359 1031 5434 5,
1047 5375 1079 5418 ο.
1100 5359 1158 5430 37;
1179 5358 1273 5434 Moya
1292 5367 1333 5420 tr.
1357 5363 1387 5426 6,
1412 5359 1442 5422 d.
1459 5363 1490 5436 l,
1505 5380 1535 5443 q.
1560 5366 1591 5439 ll,
1612 5380 1643 5424 n.
1659 5368 1691 5428 8.

76 5431 180 5492 ωοωηι
206 5431 385 5494 notabilem
404 5439 554 5515 pervenit,
571 5457 641 5502 eam
665 5441 846 5520 detinendo,
904 5444 1341 5517 l.0uiavoluntasiatendens
1352 5449 1486 5510 retinere
1492 5447 1613 5528 priores
1627 5468 1693 5513 ma-

75 5519 229 5586 murator
243 5537 384 5603 peccare
397 5530 507 5606 potest.
526 5532 611 5594 hess.
628 5529 658 5594 d.
674 5534 705 5610 ’1,
730 5533 845 5596 Βοηοο.
902 5533 1008 5612 terias,
1025 5537 1057 5598 et
1076 5533 1228 5616 adjiciens
1250 5534 1343 5605 hanc,
1369 5536 1465 5600 babet
1486 5555 1544 5622 pro
1569 5539 1699 5623 objecto,
