4056 6344
570 633 622 695 DE
644 625 860 694 BENEFlGllS
882 629 1206 694 EGCLESIASTIGIS.

1649 633 1707 696 643
1817 725 1825 740 ι

60 817 135 880 14664
147 817 336 880 beneficium
345 817 448 898 ipsum
461 835 606 898 gravare,
619 816 674 880 sed
685 817 752 880 sine
763 817 851 879 dimi·
950 819 1143 901 (inest-lit.
1160 817 1208 879 An
1220 815 1260 878 od
1270 815 1483 900 impositionem
1497 820 1647 902 pensionis
1662 841 1709 881 re-
1734 826 1788 872 ¹¹ss

61 905 189 966 untione
204 907 347 968 conferre
358 907 491 986 ideoque
503 923 581 968 onus
590 907 666 968 illud
678 924 740 967 non
755 907 857 985 impo—
911 910 1213 990 66446464666666646
1238 905 1405 988 beneficiati
1431 917 1458 969 et
1482 907 1710 970 Patronorsnn?

59 999 138 1052 6664
162 993 316 1057 1466614646
336 996 386 1056 661
409 996 652 1072 66666666441466,
671 995 726 1056 sed
747 993 855 1074 pensio
912 999 1006 1077 Resp.
1022 998 1041 1075 §
1056 999 1085 1058 1.
1102 995 1267 1058 Ordinarie
1276 996 1448 1076 requiritur
1469 1014 1640 1059 consensus
1653 997 1709 1060 be-

59 1081 154 1142 durat
162 1085 285 1144 tantum
295 1081 452 1168 advitam,
462 1083 511 1144 vel
520 1083 559 1144 ad
566 1089 667 1145 certos
678 1082 873 1150 annosvitae.
910 1083 1058 1160 nellciati,
1075 1089 1149 1143 bam
1163 1081 1333 1162 nequidem
1355 1083 1440 1162 Papa
1454 1084 1534 1147 solet
1547 1084 1637 1146 aliter
1650 1084 1709 1145 im-

59 1167 155 1249 hujus
170 1169 305 1248 provisi;
318 1173 396 1248 Set,
414 1171 494 1248 Tol,
512 1171 620 1249 Zeeb,
633 1173 725 1248 Nau,
741 1169 854 1248 Paris,
911 1190 1040 1252 ponere,
1057 1170 1169 1248 Paria,
1188 1173 1291 1247 Gom„
1319 1171 1476 1249 (testrep,
1496 1174 1591 1250 bott,
1608 1175 1705 1249 Luca,

58 1258 167 1333 Azon,
196 1259 301 1334 Gara,
330 1259 440 1335 Barb,
470 1259 625 1340 Ventrig.,
651 1261 747 1336 1644,
771 1261 856 1319 Luca
910 1260 1016 1335 1666,
1028 1278 1059 1340 p.
1077 1261 1106 1336 3,
1119 1277 1147 1338 6.
1167 1259 1238 1319 456.
1255 1256 1287 1318 Si
1303 1262 1410 1318 466466
1420 1275 1515 1320 66666
1527 1255 1706 1320 6666666646
1738 1319 1740 1322 ,

59 1350 174 1407 666466
208 1347 399 1426 4466646166,
431 1347 514 1427 dig„
544 1349 656 1426 duob,
685 1348 854 1423 Cantium,
910 1349 1057 1426 66646164,
1073 1353 1158 1408 recte
1173 1346 1275 1408 innuit
1287 1349 1394 1424 Leon,
1410 1365 1437 1427 6.
1454 1351 1524 1424 457,
1541 1348 1706 1409 1466644646-

58 1431 176 1508 Toud.,
196 1433 249 1513 664
261 1439 373 1513 putant
387 1453 477 1514 posse
491 1435 659 1514 imponiad
671 1435 766 1499 vitam
781 1453 857 1514 pen·
911 1441 979 1498 tum
991 1436 1065 1497 licet
1081 1435 1214 1496 invitum
1240 1453 1332 1514 posse
1355 1436 1501 1515 compelli
1517 1435 1557 1497 ad
1577 1454 1708 1498 666666-

25 1521 200 1600 ’64666644,
219 1523 556 1601 quodsaltemincasu
575 1523 856 1587 terminandaelitis
911 1524 1062 1588 tiendum.
1088 1524 1177 1597 Quod
1204 1524 1231 1585 64
1257 1524 1447 1588 beneficium
1473 1529 1573 1601 vacet,
1604 1528 1708 1603 664664
1749 1519 1752 1530 “

58 1608 294 1689 dicuntplores,
304 1611 348 1672 644
361 1615 502 1674 notatum
512 1615 559 1674 est
570 1631 600 1673 n.
613 1615 683 1674 559.
697 1615 734 1675 V.
748 1615 853 1678 Lens..
912 1614 1057 1676 constitui
1073 1612 1231 1690 defensor,
1248 1612 1300 1692 664
1307 1612 1495 1690 6666664464,
1511 1615 1618 1689 Azon,
1632 1613 1708 1674 666-

96 1783 160 1864 53.¹
177 1787 320 1850 vicarius
340 1789 484 1868 Episcopi
500 1808 562 1850 non
577 1792 680 1868 664664
703 1790 733 1850 vi
757 1787 850 1850 6444644

58 1874 221 1953 imponere
244 1877 426 1953 pensionem
443 1897 451 1952 ς
469 1877 592 1955 Shroz.,
615 1879 721 1954 14646,
748 1879 852 1952 Gara,

56 1966 165 2038 1666,
181 1982 213 2044 6.
228 1967 297 2026 449.
314 1967 449 2046 Legatos
470 1966 619 2027 delatore
638 1971 741 2045 664664
756 1965 855 2040 idem,

60 2052 147 2131 qnod
175 2052 352 2132 episcopus,
372 2074 379 2126 ;
401 2056 493 2115 Azor.
535 2057 623 2116 Garz.
654 2054 723 2116 Fill.
756 2055 854 2115 Gastr.

51 2139 154 2200 'Leon
192 2147 296 2220 66664.
340 2143 409 2202 450.
457 2141 628 2202 Collatores
680 2140 855 2217 4646646466,

57 2224 135 2287 44646
154 2227 425 2305 Compromissarii
448 2234 480 2290 64
506 2229 523 2290 J
528 2228 634 2290 udices
649 2247 710 2290 666
725 2232 859 2308 possunt

57 2313 118 2374 nisi
134 2315 321 2378 auctoritate
336 2317 492 2396 Episcopi,
506 2319 608 2394 Gara,
619 2320 767 2400 1666.,6.
783 2319 854 2377 451.

57 2404 253 2465 ltlonasteria
279 2409 310 2466 et
336 2406 513 2484 superiores
529 2408 690 2486 regulares
729 2408 859 2484 6666664

58 2491 89 2550 46
121 2491 285 2552 1466646446
320 2491 379 2554 64144
403 2494 609 2573 466666666446
636 2513 693 2574 666
719 2493 859 2556 vicarios

55 2577 297 2654 administratis,
314 2579 382 2640 aliis
400 2581 611 2658 manualibus,
638 2580 701 2652 sed
725 2581 774 2642 ha
797 2598 859 2642 666

54 2671 132 2727 6664
160 2667 286 2745 6466446
309 2667 487 2746 pensiones,
509 2671 604 2746 1644,
634 2687 662 2749 6.
691 2671 760 2744 len,
785 2669 855 2728 453.

1 2808 10 2839 δ,
96 2753 116 2830 §
128 2755 161 2813 4.
178 2757 362 2817 Contractus
373 2757 496 2834 privata
508 2756 692 2818 auctoritate
704 2757 806 2817 466466
817 2756 860 2815 de

54 2840 212 2920 pensione
226 2841 401 2903 beneficiali
412 2844 538 2922 proprie
549 2844 643 2920 dicta,
657 2849 704 2906 est
713 2843 859 2904 64466646-

54 2945 127 3004 666,
143 2933 248 3008 664664
267 2935 372 2991 464666
390 2931 459 3010 6646
473 2950 511 2992 ex
525 2931 586 2992 alia
601 2948 696 3008 66666
715 2949 748 2992 66
762 2931 861 2992 civili-

54 3023 107 3080 ter
121 3016 263 3096 obligare
279 3019 320 3080 ad
333 3019 473 3082 dandam
498 3024 621 3100 partem
637 3021 797 3082 fructuum
811 3021 858 3080 664

54 3106 218 3169 1466644644.
236 3108 273 3168 11.
290 3108 396 3184 Leon,
412 3125 438 3187 q.
456 3111 524 3170 454.

98 3197 164 3275 §5-
179 3195 339 3273 Impositio
355 3191 514 3275 pensionis
524 3198 564 3258 ab
580 3198 640 3260 alio
653 3217 747 3278 quam
760 3201 856 3278 Papa,

53 3287 146 3349 facta
157 3282 225 3343 sine
236 3282 322 3363 justa
336 3301 441 3370 causa,
460 3289 507 3346 est
519 3286 581 3347 vali
589 3287 649 3359 da;
667 3287 772 3362 Sarn,
785 3289 860 3349 Gor-

53 3392 137 3449 666,
162 3373 265 3448 Gara,
286 3374 393 3450 Leon,
410 3392 438 3452 6.
455 3377 525 3435 445.
545 3394 576 3436 6.
597 3378 627 3434 4.
643 3375 739 3436 ,166464
754 3379 859 3436 664646

54 3477 178 3537 666664,
193 3459 233 3521 644
244 3478 321 3539 quas
335 3460 454 3539 imponi
470 3463 600 3540 possint,
618 3465 786 3524 censentur
799 3466 860 3524 464-

53 3547 197 3611 minatio.
216 3547 290 3624 litis,
308 3548 348 3609 de
366 3567 430 3629 qua
444 3549 563 3610 dictum
577 3570 608 3613 n.
624 3553 694 3611 556.
720 3551 859 3612 Ν666664-

53 3637 176 3702 466461
195 3653 310 3715 magna
325 3637 443 3698 utilitas
468 3639 626 3700 Ecclesiae.
658 3639 857 3701 Alimentatio

53 3723 230 3788 necessarii
243 3724 373 3786 Ministri
385 3725 415 3785 iu
427 3726 577 3804 Ecclesia,
588 3725 855 3805 sustentatiopau-

51 3831 189 3894 pcrum;
207 3815 311 3882 8666..
324 3815 430 3891 Azan,
441 3813 521 3890 9411,
534 3814 643 3892 Bard,
655 3815 766 3890 Diana,
772 3833 805 3896 6.
818 3818 848 3891 9,

53 3913 79 3966 4.
98 3907 131 3966 9.
149 3899 366 3970 14491666..
380 3901 409 3983 6’.
425 3907 494 3964 444.
507 3905 546 3964 144
555 3903 670 3964 docent
682 3905 715 3964 S.
730 3903 856 3978 Thom,

53 3992 159 4066 Abb,
185 3992 308 4068 Laym.,
334 3994 548 4070 6644.,1644.,
571 4011 662 4072 66666
686 3992 857 4072 Episcopus

53 4097 135 4143 cum
150 4097 305 4140 66666666
319 4080 464 4159 Capituli,
481 4085 651 4160 664666664
670 4081 858 4143 beneficium

53 4169 181 4250 pingue
197 4167 369 4246 conferant,
382 4187 477 4248 super
487 4169 580 4250 hujus
595 4169 747 4232 4666441466
761 4171 858 4249 impo-

54 4275 138 4320 nere
147 4255 283 4317 64464646
293 4261 480 4335 perpetuum
490 4257 671 4336 pensionem
683 4275 740 4336 pro
754 4275 859 4318 neces·

52 4347 155 4410 644646
170 4344 296 4406 61466466
316 4345 473 4424 Ecclesiae,
503 4345 552 4407 vel
568 4346 733 4407 necessarii
753 4345 859 4408 Minis-

52 4435 98 4499 tri
114 4453 121 4495 ε
139 4433 180 4493 Et
194 4431 338 4512 quamvis
353 4434 457 4510 Gara,
475 4437 506 4494 et
519 4435 631 4514 Murga
643 4433 749 4495 dicant
763 4434 859 4496 Cleri-

53 4541 134 4586 cum
145 4525 299 4601 perpetuo
310 4527 515 4600 egrotantem
524 4541 585 4584 non
597 4539 687 4601 posse
698 4523 858 4602 resignare

52 4613 90 4673 in
106 4627 222 4671 manus
241 4609 386 4689 Episcopi
402 4611 460 4672 sub
475 4612 686 4672 reservatione
701 4611 859 4690 pensionis

52 4717 119 4780 pro
142 4697 209 4761 6646
223 4697 390 4776 6144666446,
412 4702 518 4760 466466
533 4699 720 4762 contradicit
738 4702 856 4762 Ferret.

54 4792 91 4849 et
102 4785 217 4846 saltem
225 4784 362 4846 46466464
371 4785 511 4878 plerique
519 4805 590 4848 cum
601 4785 694 4863 441444,
708 4788 856 4849 64066414.

53 4865 149 4946 apud
164 4867 273 4942 Leon,
284 4885 314 4946 q.
325 4869 400 4936 446.
413 4867 603 4946 Episcopum
617 4884 708 4946 posse
723 4865 774 4928 illo
785 4885 861 4928 con-

53 4953 229 5031 sentienta,
247 4953 434 5016 substituere
449 4954 556 5033 614664,
569 4959 729 5018 reservata
743 4954 770 5015 ei
785 4973 859 5034 pen·

54 5045 153 5108 64666
169 5042 273 5122 quoad
282 5043 404 5105 vixerit.

103 5131 167 5209 §E
178 5127 545 5191 Pensiocommensurari
556 5131 651 5192 debet
660 5147 773 5208 66666,
785 5130 859 5192 6146-

56 5219 143 5302 quin
153 5216 258 5298 quoad
266 5220 635 5298 excessnmestinvalida,
644 5220 860 5283 etrednoenda

55 5309 106 5373 ad
121 5307 359 5387 proportionem
374 5327 487 5387 causae,
504 5312 607 5382 (iarn,
624 5312 729 5387 Leun,
741 5328 770 5390 6.
786 5313 856 5372 455.

53 5419 94 5460 n.
113 5399 145 5458 2.
161 5397 201 5457 Et
222 5399 348 5458 4666464
370 5398 542 5477 Episcopus
565 5415 692 5460 causam
707 5398 859 5476 4466664466

56 5484 226 5570 pensionis
250 5484 424 5563 verificare,
454 5505 512 5547 666
539 5487 613 5548 66446
639 5490 696 5564 664,
725 5486 749 5547 64
776 5486 860 5548 444664

57 5576 190 5652 adesse,
221 5574 321 5650 (4464,
344 5575 451 5654 Barb,
477 5577 572 5656 Luca,
597 5578 703 5656 Leun,
726 5593 757 5637 n.
780 5577 809 5654 l,
832 5583 860 5635 64

191 5679 225 5746 Τ.
251 5679 289 5742 11.

912 1706 1007 1781 trop,
1024 1705 1130 1778 Leon,
1155 1720 1184 1782 6.
1200 1705 1283 1763 458..
1302 1703 1341 1763 Et
1355 1701 1432 1763 utin
1447 1701 1588 1763 16464646
1601 1703 1710 1769 valeat

912 1788 1081 1869 impositio,
1098 1787 1193 1851 debet
1207 1789 1364 1851 6446464116
1379 1790 1565 1868 consentire,
1583 1791 1636 1869 664
1651 1789 1708 1850 146-

911 1879 966 1939 1464
976 1877 1028 1958 jus
1047 1895 1208 1957 regressus
1224 1877 1264 1938 ad
1280 1876 1479 1954 beneficium,
1497 1877 1579 1957 Gig,
1592 1876 1705 1954 Paria,

912 1969 1018 2042 1666,
1034 1983 1061 2045 6.
1077 1967 1147 2026 459.
1166 1964 1197 2027 64
1214 1970 1318 2027 466466
1333 1965 1441 2044 666646
1456 1965 1637 2043 4646666464
1649 1965 1707 2043 4664

912 2055 1077 2130 beneficio,
1107 2052 1190 2115 valet
1217 2069 1386 2113 consensus
1410 2051 1504 2133 hujus
1528 2051 1707 2114 beneficiati

913 2161 969 2222 pro
995 2139 1171 2220 obligandis
1188 2140 1284 2201 etiam
1299 2141 1544 2218 successoribus,
1571 2140 1612 2201 ad
1627 2158 1707 2221 quos

913 2230 1058 2293 transibit
1084 2228 1274 2290 beneficium
1301 2247 1374 2290 oum
1409 2247 1503 2290 onere
1530 2228 1702 2308 pensionis,

914 2320 1384 2397 4644.,14666.,1666.,6.464.
1563 2329 1566 2338 ·
1609 2330 1615 2344 ·

953 2409 1014 2486 52.
1030 2410 1136 2468 Potest
1150 2425 1169 2466 a
1183 2408 1272 2486 Papa
1285 2405 1403 2484 imponi
1411 2405 1512 2488 etiam
1527 2423 1590 2467 non
1604 2405 1707 2488 66664-
1733 2439 1787 2489 mg

914 2495 972 2557 6446
988 2498 1134 2570 9646666,
1159 2492 1204 2553 646
1219 2497 1337 2570 466466,
1357 2496 1393 2554 64
1412 2491 1438 2554 64
1460 2493 1614 2556 Patronus
1635 2507 1708 2572 pos-

913 2590 966 2644 tea
981 2587 1085 2663 egeat,
1100 2578 1160 2658 ipsi
1174 2578 1261 2658 prius
1276 2597 1370 2660 quam
1385 2579 1596 2658 pensionario,
1612 2593 1707 2660 prees·

915 2674 1021 2732 tentor
1044 2668 1204 2744 alimenta,
1231 2665 1376 2746 quiajos
1400 2668 1468 2750 ejus
1490 2673 1537 2728 est
1555 2667 1704 2747 anterius,
1742 2663 1746 2677 ’

914 2757 1066 2820 beneficio
1083 2755 1171 2836 quasi
1188 2753 1403 2835 intrinsecum,
1420 2759 1526 2833 41466,
1547 2759 1702 2837 0664466,

914 2849 995 2908 1644.
1017 2847 1056 2908 144
1070 2845 1095 2905 64
1111 2845 1151 2906 644
1165 2846 1318 2905 Patronus
1332 2845 1443 2920 laicus,
1465 2845 1605 2908 debetin
1619 2853 1710 2907 oons-¹

913 2935 1058 2996 titutione
1070 2931 1228 3010 pensionis
1237 2932 1319 2993 411466
1329 2932 1397 2994 fieri
1407 2933 1537 3011 mentio,
1549 2949 1580 2995 6.
1597 2935 1706 3011 Leon,

915 3043 943 3104 6.
959 3026 1029 3085 464.
1047 3021 1236 3100 Episcopum
1247 3025 1424 3083 autemnon
1438 3039 1530 3100 posse
1545 3021 1706 3101 imponere

915 3113 983 3172 sine
994 3127 1148 3172 consensu
1161 3109 1299 3186 Patroni,
1312 3107 1486 3187 praesertim
1496 3107 1577 3185 laici,
1593 3109 1709 3172 docent

915 3200 1050 3276 14614644,
1067 3197 1176 3274 Ζ6614.,
1199 3197 1307 3274 Β6414.,
1330 3198 1443 3274 Casta,
1464 3199 1570 3273 Leon,
1588 3201 1703 3276 6465,

914 3292 1024 3350 666466
1048 3286 1129 3366 (lig,
1156 3285 1280 3362 Gamb,
1306 3287 1337 3345 64
1359 3287 1459 3361 Lesa„
1485 3283 1560 3364 quia
1584 3284 1708 3348 videtur

914 3380 1048 3439 Patrono
1081 3372 1299 3453 prejudicare,
1329 3372 1414 3452 quod
1439 3372 1629 3434 6666664646
1664 3374 1708 3437 ita

914 3463 1064 3526 reddatur
1089 3459 1260 3539 possessori
1274 3459 1378 3520 minus
1392 3459 1575 3520 aestimabile
1587 3479 1595 3533 ς
1622 3461 1706 3540 quod

913 3554 1029 3616 4446466
1043 3552 1147 3622 Gara,
1163 3548 1187 3609 64
1202 3547 1310 3627 666646
1325 3547 1479 3610 beneflcio
1492 3548 1551 3629 ipsi
1564 3548 1706 3630 impona-

913 3643 965 3700 tur
979 3638 1073 3700 etiam
1088 3654 1144 3716 pro
1160 3635 1403 3698 successoribus.
1745 3711 1747 3718 γ

956 3727 1062 3801 (lerose.
1081 3727 1191 3786 l'll.-
1208 3723 1317 3798 Orsitns
1331 3721 1479 3806 beneficiis
1492 3726 1606 3808 imponi
1614 3728 1707 3810 possit
1732 3765 1787 3812 ,6,

912 3815 1145 3896 pensiotltesp.

953 3903 972 3983 5
990 3906 1018 3964 1.
1035 3904 1061 3963 Α
1076 3904 1162 3980 9666
1176 3899 1294 3979 4466664
1309 3905 1413 3979 664664
1427 3901 1571 3964 omnibns
1585 3901 1704 3964 1466641-

914 3989 981 4068 6446,
993 3989 1088 4050 644664
1098 3987 1282 4067 6644666446,
1294 3989 1467 4050 6666641664
1479 3987 1563 4050 414646
1572 4009 1601 4051 n.
1616 3992 1703 4052 1148.

914 4081 992 4140 14646
1006 4096 1025 4138 6
1039 4079 1125 4155 Papa
1138 4075 1256 4154 imponi
1272 4080 1375 4156 potest
1388 4077 1600 4156 Episcopatui,
1618 4077 1705 4138 dum-

913 4165 1008 4226 modo
1023 4165 1178 4243 Episcopo
1193 4164 1234 4224 ad
1249 4163 1509 4227 sustentationem
1523 4169 1707 4227 remaneant

913 4253 997 4314 mille
1012 4251 1129 4329 ducati,
1143 4252 1233 4332 juxta
1242 4253 1382 4314 valorem
1396 4251 1429 4312 in
1443 4253 1583 4332 regione,
1596 4251 1627 4312 in
1644 4271 1706 4333 666

914 4345 962 4403 est
975 4340 1191 4421 Episcopatus,
1214 4340 1314 4417 Trid,
1332 4359 1405 4402 sess.
1431 4343 1481 4408 24,
1506 4358 1573 4420 666.
1599 4343 1647 4408 13.
1671 4340 1707 4400 de

913 4429 1046 4512 Reform.
1073 4427 1222 4490 Similiter
1240 4427 1397 4507 parocbioe
1411 4428 1461 4489 vel
1475 4427 1629 4488 beneficio
1651 4447 1706 4489 ou-

914 4524 994 4596 rato,
1024 4516 1194 4578 dummodo
1225 4517 1395 4596 possessori
1426 4520 1611 4578 remaneant
1649 4521 1706 4580 100

914 4605 1030 4682 ducati,
1055 4604 1155 4683 46444,
1179 4623 1279 4686 supro.
1297 4604 1388 4666 Valet
1410 4607 1515 4666 tamen
1536 4602 1656 4682 pensio,
1679 4604 1705 4666 64

914 4694 956 4756 4414
976 4692 1061 4755 644116
1083 4693 1135 4753 vel
1158 4696 1284 4753 centum
1308 4691 1412 4753 ducati
1436 4693 1583 4769 poterant
1596 4692 1704 4753 haberi

913 4789 992 4861 turn,
1009 4781 1136 4863 6666416
1151 4781 1260 4860 666646
1278 4779 1532 4860 imponebantur,
1548 4779 1622 4843 licet
1634 4799 1706 4860 pos-

914 4875 966 4933 tea
988 4871 1043 4932 664
1065 4868 1228 4931 diminutio
1250 4888 1257 4928 :
1284 4869 1428 4949 quamvis
1452 4867 1511 4929 hac
1534 4866 1618 4930 46646
1639 4869 1705 4948 6644

913 4957 1022 5040 666644,
1039 4961 1074 5019 64
1087 4975 1160 5018 6646
1177 4956 1379 5037 proportione
1395 4957 1489 5019 etiam
1503 4955 1706 5018 imminuatur

914 5047 1034 5128 pensio.
1052 5048 1089 5107 V.
1106 5047 1213 5123 1666,
1226 5064 1259 5126 p.
1276 5047 1305 5114 3,
1322 5063 1348 5125 6.
1365 5048 1436 5122 466,
1450 5053 1477 5106 64
1488 5061 1563 5134 seqq.
1593 5053 1598 5064 ⁴
1662 5083 1664 5088 -

953 5136 1013 5216 §E
1040 5137 1108 5195 Non
1131 5133 1251 5195 solebat
1283 5133 1417 5194 antebac
1453 5131 1562 5211 pensio
1585 5130 1703 5210 imponi
1733 5165 1786 5212 „30

913 5224 1065 5287 beneficio
1081 5220 1214 5301 simplici
1236 5239 1298 5282 non
1322 5221 1483 5282 excedenti
1508 5222 1548 5280 44
1573 5218 1703 5280 ducatos

914 5315 954 5376 de
969 5315 1111 5389 Camena,
1125 5309 1200 5391 quid
1215 5312 1320 5371 664646
1333 5308 1365 5368 144
1380 5307 1485 5370 ducati
1500 5306 1626 5384 faciant,
1642 5303 1706 5366 dic-

913 5407 983 5466 tum
1005 5406 1053 5463 664
1066 5421 1096 5461 n.
1117 5403 1186 5460 677.
1205 5401 1266 5459 Nec
1291 5395 1493 5460 06666466464
1509 5399 1540 5456 64
1562 5391 1714 5474 dignitati⁴

914 5507 977 5551 non
991 5487 1152 5549 excedenti
1168 5488 1226 5548 100
1250 5484 1409 5548 ducatos:
1432 5486 1495 5546 Nec
1522 5481 1705 5545 Praebendae

914 5574 1107 5656 Theologali.
1126 5573 1196 5640 vid.
1213 5575 1320 5653 1666,
1337 5591 1368 5654 6.
1384 5574 1539 5652 476411,
1555 5587 1638 5633 nunc
1651 5587 1704 5632 au-

1582 5677 1621 5748 4³
