4166 6346
307 587 369 654 tea
961 573 1080 649 claun
1101 575 1298 660 QUARTUS.

308 779 432 855 Nostro,
454 773 547 858 justis
572 770 783 852 gravibusque
809 769 849 830 de
871 770 975 832 camis
997 789 1034 832 ae
1059 771 1098 834 de
1155 772 1277 853 gateria
1298 772 1532 848 examinentur;
1553 775 1661 854 utque,
1683 769 1743 836 hac
1764 767 1868 837 forma
1889 787 1950 835 non
2079 793 2080 832 2

308 863 436 927 consilio
469 862 607 943 prmiatae
635 862 749 939 Gongr.
778 859 864 922 trid.
894 859 1097 938 interpretis,
1154 867 1291 936 servata,
1313 865 1481 924 processus
1497 861 1574 941 ipsa,
1603 867 1635 924 et
1653 861 1815 925 Sententia
1833 863 1952 941 depen-

308 952 427 1014 editum
447 950 497 1012 die
511 953 529 1010 5
544 947 685 1012 ianuarii
705 947 779 1008 anni
803 949 892 1023 t636,
915 947 1009 1026 incip.
1029 968 1036 1010 :
1054 947 1103 1010 nd
1155 950 1265 1011 denter
1279 949 1376 1012 abien
1399 951 1531 1030 prolata,
1548 950 1714 1012 insanabili
1739 950 1892 1011 nullitatis
1905 947 1951 1009 vi·
2078 1009 2080 1038 Ι

307 1037 540 1114 everrendam,
570 1053 633 1117 quo
660 1038 812 1098 statutum
837 1033 896 1094 tuit
922 1034 1101 1116 hujusmodi
1156 1038 1198 1099 tio
1214 1057 1360 1099 corruere
1375 1046 1579 1108 censeantur:
1595 1040 1683 1101 salva
1701 1039 1797 1100 etiam
1819 1037 1952 1117 disposi-
2079 1049 2080 1094 3

308 1147 420 1190 causas
440 1127 480 1188 ad
501 1126 646 1188 eamdem
660 1125 774 1201 Gongr.
795 1121 916 1202 private
931 1125 1099 1203 pertinere.
1154 1124 1240 1186 tione
1266 1125 1346 1206 juris
1376 1125 1552 1187 communis
1576 1126 1681 1204 quoad
1708 1125 1771 1186 alia
1800 1124 1952 1186 nullitatis
2078 1135 2080 1206 j

307 1220 380 1278 llaec
403 1220 476 1280 sunt
497 1214 620 1294 potiora
637 1213 669 1273 iu
693 1213 753 1274 hoc
775 1229 890 1290 genere
918 1214 1049 1275 Decreta
1063 1231 1101 1272 ex
1155 1213 1269 1292 capita,
1286 1213 1311 1274 si
1326 1231 1396 1293 quae
1410 1213 1489 1275 torte
1512 1215 1542 1274 in
1562 1214 1630 1293 ipsa
1645 1217 1812 1275 Processus
1827 1212 1949 1292 compi-

308 1305 451 1386 ltagestis
474 1303 675 1385 praelaudatae
701 1302 814 1381 Gengr.
844 1305 1000 1380 excerpta,
1031 1319 1100 1380 ques
1154 1301 1271 1362 latione
1286 1303 1522 1365 intervenerint.

307 1395 380 1456 licet
397 1393 458 1456 alia
480 1388 804 1454 aPraedecessoribus
819 1389 938 1451 Nostris
953 1389 1100 1452 Romanis
1194 1409 1209 1446 ιι
1229 1388 1295 1451 Sub
1319 1389 1430 1449 eadem
1458 1407 1554 1467 poena
1577 1389 1727 1453 nullitatis
1750 1389 1952 1452 decernimus

307 1483 510 1546 Pontificibus
524 1478 911 1559 apostolica-Auctoritate
926 1497 988 1539 non
1003 1477 1101 1539 semel
1155 1483 1249 1554 atque
1273 1476 1439 1538 statuimus
1462 1482 1495 1537 ut
1516 1476 1548 1538 in
1575 1477 1636 1539 hoc
1652 1477 1772 1558 judicio
1800 1478 1891 1540 citari
1921 1483 1952 1539 et

307 1567 917 1652 approbatetuerintetcondrmala;Nes
932 1571 1101 1628 tamense·
1155 1563 1257 1624 audiri
1285 1562 1421 1624 debeant
1446 1568 1512 1624 tum
1534 1562 1720 1626 Defensores
1747 1564 1947 1642 Mouasterii,

308 1656 1102 1739 dempreesentiumbitterammtenoreatqnertuc·
1155 1670 1210 1713 seu
1233 1650 1374 1712 tloeuobii
1389 1649 1420 1711 in
1441 1668 1503 1729 quo
1520 1651 1682 1713 Professus
1696 1655 1777 1714 Vota
1791 1652 1951 1732 Religiosa
2078 1693 2080 1728 ,

307 1745 542 1821 toritatesimili,
553 1761 634 1806 nove
649 1741 887 1822 approbationis
897 1744 1100 1805 etconfirma·
1155 1739 1301 1818 suscepit,
1331 1743 1398 1800 tum
1425 1737 1521 1818 ipsius
1549 1739 1684 1801 Prolessi
1706 1741 1951 1820 Gousanguinei,

306 1835 400 1898 bonis
422 1837 541 1896 Nostrae
557 1832 668 1894 robore
683 1830 924 1909 communimus,
946 1836 1041 1911 atque
1060 1831 1100 1892 nb
1155 1828 1219 1888 sive
1235 1826 1413 1908 propinqui,
1430 1827 1495 1888 sive
1511 1827 1574 1904 alii,
1591 1829 1706 1908 quibus
1721 1829 1803 1892 bona
1825 1847 1883 1889 sua
1896 1828 1953 1889 do·

309 1921 454 1985 omnibus
467 1919 507 1982 ad
523 1937 601 2000 quos
616 1921 736 1998 spectat
753 1935 809 1978 seu
823 1919 996 1996 respective
1011 1937 1101 1998 spec·
1156 1916 1243 1978 navit
1256 1923 1311 1977 aut
1324 1917 1433 1989 cessit,
1449 1934 1511 1976 une
1524 1917 1623 1978 verbo
1634 1935 1886 1997 omnesquorum
1900 1918 1953 1977 in-

307 2010 397 2088 tabit,
414 2009 448 2071 in
473 2013 633 2088 posterum
656 2024 713 2085 pro
736 2007 847 2085 regula
861 2005 967 2068 haberi
984 2025 1020 2068 ac
1035 2007 1102 2085 ple·
1155 2009 1252 2065 teresi
1272 2004 1353 2065 illius
1372 2004 1599 2065 Proiessionem
1615 2005 1778 2078 sustineri;
1795 2004 1954 2084 inprimis

309 2098 405 2158 narioe
419 2095 611 2160 exsecutioni
625 2093 810 2158 demandari
829 2095 1038 2174 precipimus.
1156 2100 1261 2157 autem
1289 2095 1308 2155 ii
1333 2095 1469 2157 citentur
1496 2095 1532 2175 (si
1548 2095 1732 2174 superstites
1752 2093 1881 2174 tuerint)
1898 2093 1952 2174 qui

348 2209 363 2245 ιι
383 2185 502 2258 Quibus
525 2185 569 2244 ita
593 2182 777 2256 constitutis,
796 2184 983 2263 firmataque
1008 2181 1101 2262 perti·
1159 2181 1549 2261 indicatierunttenquum
1560 2181 1953 2259 nectoressuteomptiees

309 2273 417 2334 nentia
430 2287 597 2334 causarum
621 2288 691 2349 quae
715 2269 798 2332 intra
821 2271 1102 2350 quinquenniuma
1155 2273 1257 2329 metus
1284 2268 1386 2328 eidem
1408 2268 1534 2344 incussi,
1552 2273 1588 2330 ut
1609 2268 1697 2330 Votis
1719 2265 1836 2330 invitus
1850 2285 1884 2329 se
1898 2269 1953 2330 ob·

309 2361 360 2423 die
375 2359 579 2422 Proiessieuis
594 2359 716 2422 emissae
731 2357 883 2419 adversus
896 2359 979 2420 illius
992 2359 1101 2420 validi·
1154 2357 1331 2435 stringeret.
1342 2356 1613 2428 Quemadmodum
1624 2357 1735 2418 veroin
1751 2356 1949 2418 citatattuns·

309 2451 408 2510 tatem
422 2447 675 2523 introducuntur,
691 2463 887 2526 consequens
902 2451 998 2508 estut
1014 2451 1046 2508 et
1064 2464 1102 2507 ea
1155 2445 1238 2506 titut.
1269 2449 1392 2522 Nostra,
1424 2461 1494 2525 quaa
1521 2444 1652 2524 incipit:
1669 2443 1727 2505 Dei
1752 2446 1948 2514 miseratione,

309 2536 484 2598 indicemus
498 2553 567 2614 quae
591 2535 631 2595 de
653 2533 762 2596 ordine
781 2551 818 2594 ee
836 2533 984 2595 methodo
999 2533 1031 2593 in
1046 2532 1101 2593 hu·
1156 2531 1353 2594 decrevimus
1374 2537 1410 2594 ut
1431 2533 1463 2594 in
1487 2533 1617 2613 singulis
1631 2533 1827 2595 Diuecesibus
1842 2533 1882 2595 ab
1896 2536 1951 2596 Or·

306 2623 446 2707 jusmodi
457 2622 585 2704 judiciis
604 2620 965 2701 serrandaablajoribus
978 2621 1103 2700 sapien·
1156 2620 1278 2682 dinario
1297 2621 1440 2700 deputari
1459 2622 1590 2684 deberet
1607 2621 1719 2703 aliquis
1742 2623 1900 2701 probitate
1914 2640 1952 2684 ac

309 2721 359 2775 ter
381 2712 549 2774 constituta
569 2715 652 2785 sunt,
674 2713 742 2771 tum
760 2726 798 2770 ea
817 2708 1012 2787 proferamus
1032 2726 1101 2788 que
1156 2708 1299 2770 doctrina
1316 2708 1563 2786 commendatus,
1580 2708 1669 2789 cujus
1697 2709 1836 2772 cilicium
1865 2714 1952 2773 esset

310 2803 373 2862 Nos
386 2798 446 2878 ipsi
459 2802 635 2877 opportune
650 2796 797 2857 addenda
811 2797 999 2873 censuimus,
1017 2813 1103 2876 qum·
1156 2797 1189 2856 in
1203 2795 1304 2856 causis
1318 2796 1600 2858 matrimonialibus
1614 2797 1647 2857 in
1658 2797 1777 2878 judicio
1792 2804 1878 2859 stare
1893 2817 1952 2878 pro

310 2905 372 2970 que
386 2887 453 2967 pari
468 2885 701 2948 auctoritateac
714 2885 914 2963 praesentium
928 2884 1102 2947 litterarum
1158 2884 1318 2946 validitate
1338 2885 1525 2948 Matrimonii
1542 2903 1550 2958 ς
1574 2887 1618 2948 ita
1642 2903 1725 2948 nunc
1748 2886 1895 2949 omnibus
1921 2893 1953 2948 et

309 2978 429 3056 vigore,
452 2973 612 3054 perpetuis
635 2971 747 3034 tuturis
772 2973 966 3052 temporibus
984 2971 1103 3034 servari
1157 2973 1287 3052 singulis
1309 2975 1463 3035 Locorum
1485 2974 1659 3037 Ordinariis
1679 2975 1907 3038 committimus
1921 2979 1953 3038 et

310 3065 455 3128 volumus
478 3065 510 3124 et
532 3061 729 3122 mandamus.
749 3061 821 3122 tam
843 3060 883 3121 de
907 3061 974 3140 ipsa
997 3060 1103 3140 hujus·
1157 3058 1344 3120 mandamus
1375 3065 1410 3122 ut
1435 3079 1603 3140 personam
1630 3061 1769 3142 aliquam
1798 3060 1953 3124 sinu'libus

310 3151 395 3214 modi
409 3167 576 3212 causarum
594 3147 824 3210 introductione
843 3152 952 3209 notum
975 3151 1023 3209 est
1045 3151 1103 3209 De·
1158 3147 1359 3228 qualitatihus
1373 3149 1538 3227 preditam
1553 3149 1585 3210 in
1599 3149 1664 3212 suis
1676 3149 1850 3230 respective
1869 3151 1953 3214 Dim·

310 3243 431 3302 cretum
452 3236 594 3319 ejusdem
612 3239 706 3298 Gonc.
732 3236 832 3314 Trid,
848 3235 898 3298 eit.
920 3254 984 3298 sess.
1007 3237 1057 3313 25,
1073 3255 1099 3297 e.
1157 3233 1280 3296 essibus
1307 3237 1434 3315 eligant,
1465 3238 1515 3298 cui
1543 3236 1711 3318 Defensores
1733 3237 1953 3318 Profectionem

310 3331 360 3406 te,
388 3327 425 3390 de
445 3325 581 3407 disput:
601 3326 672 3386 nUt
698 3323 726 3384 ai
749 3323 819 3402 quis
841 3329 934 3385 autea
961 3323 1102 3385 habitum
1156 3323 1461 3402 munusimponant3
1487 3329 1582 3405 utque
1606 3325 1679 3387 huic
1701 3325 1808 3388 omnia
1822 3326 1954 3389 deman·

309 3439 326 3476 ιι
337 3417 454 3496 sponte
477 3411 641 3488 dimiserit,
657 3411 834 3472 nullatenus
847 3411 887 3472 ad
903 3410 1102 3492 allegandum
1157 3410 1241 3487 data,
1257 3410 1396 3491 injuncta
1406 3413 1617 3492 etrespective
1628 3415 1786 3493 applicata
1798 3433 1869 3477 ease
1883 3434 1954 3477 cen-

309 3519 330 3563 ιι’
343 3519 562 3584 quamcunque
584 3517 712 3562 causam
738 3499 937 3578 admittatur,
978 3500 1033 3562 sed
1062 3501 1101 3561 ad
1157 3503 1285 3561 scantur
1307 3519 1502 3580 quacunque
1527 3519 1584 3562 nos
1603 3501 1635 3562 in
1647 3501 1817 3580 praecitatis
1828 3503 1953 3566 Litteris

309 3589 565 3654 »Mouasterium
591 3587 693 3649 redire
721 3593 865 3666 cogatur,
892 3593 924 3650 et
949 3591 1103 3667 tanquam
1157 3586 1196 3647 de
1209 3588 1396 3650 Matrimonii
1410 3589 1578 3651 Defeusore
1590 3590 1775 3664 statutarum
1791 3593 1857 3654 Nos
1868 3593 1953 3654 euim

309 3701 327 3739 ιι
343 3676 658 3758 Apostatapuniatur3
673 3692 748 3736 vero
759 3675 1103 3755 interimnulloprivile-
1158 3671 1269 3734 eedem
1276 3674 1392 3752 omnia,
1404 3676 1606 3755 praesentium
1615 3683 1736 3755 tenore,
1746 3678 1786 3740 ad
1797 3679 1952 3760 ejusmodi

309 3789 325 3826 ιι
342 3766 395 3846 gio
408 3783 473 3831 suae
484 3762 652 3843 Religionis
657 3761 869 3842 juvetnrul'lx
881 3783 945 3845 qno
961 3766 1104 3845 sequitur
1157 3763 1388 3824 Prelessionum
1401 3764 1741 3845 Defensoreaexpresse
1754 3769 1954 3830 extendimus

310 3854 498 3934 Regularem
512 3853 722 3933 postulantem
733 3851 888 3932 judicium
901 3853 969 3914 lieri
984 3855 1023 3914 de
1038 3871 1102 3914 sum
1157 3854 1189 3912 et
1201 3851 1374 3928 respective
1388 3853 1618 3931 approbamus,
1634 3859 1665 3916 et
1675 3855 1781 3935 quoad
1795 3855 1873 3918 istos
1885 3855 1950 3936 pari

310 3941 514 4005 Proiessionis
542 3939 683 4001 nullitate
706 3940 746 4001 ab
771 3939 838 4018 ipso
861 3939 973 4020 judicii
995 3941 1101 4003 limine
1156 3935 1251 3999 modo
1275 3937 1416 4000 lucorum
1441 3941 1544 4002 lacere
1566 3940 1775 4004 decernimus.
1796 3943 1832 4004 ld
1850 3944 1951 4006 solum

308 4029 419 4111 repelli
444 4029 504 4092 nisi
531 4031 652 4092 constet
678 4045 752 4090 eum
778 4028 810 4089 iu
839 4029 1010 4108 Religionis
1037 4047 1101 4091 sua
1156 4023 1356 4102 peculiariter
1389 4044 1447 4105 pro
1481 4028 1651 4090 Delensore
1687 4029 1897 4092 'professionis
1921 4031 1951 4092 in

310 4115 457 4181 Claustris
476 4115 603 4193 morari,
628 4119 660 4178 et
684 4114 826 4178 habitum
850 4115 1039 4195 Regularem
1052 4136 1103 4178 re·
1155 4112 1364 4190 praesentibus
1376 4117 1548 4176 statuentes
1560 4121 1593 4177 ut
1601 4115 1881 4198 seilieatquidquid
1894 4135 1951 4197 pru

309 4204 489 4284 sumpsisse,
505 4203 531 4264 si
546 4203 649 4282 ipsum
663 4206 756 4264 antea
770 4202 959 4282 deposuerit.
1155 4199 1253 4278 ipsius
1266 4198 1434 4262 honorario
1449 4204 1504 4263 aut
1514 4203 1671 4283 mercede,
1686 4203 1752 4266 sive
1762 4223 1821 4283 pro
1833 4223 1951 4286 expeu-

349 4316 363 4352 ιι
383 4295 427 4354 De
448 4290 684 4371 probationibus
699 4307 789 4367 vero,
801 4291 873 4354 licet
895 4309 957 4354 nou
980 4292 1102 4374 ignora·
1156 4288 1240 4350 sisin
1253 4288 1433 4352 defensioue
1446 4309 1550 4353 causae
1562 4293 1832 4370 concurrentibus,
1848 4294 1951 4355 eidem

308 4399 379 4442 mus
389 4379 472 4459 apud
485 4377 669 4458 Superiores
676 4378 848 4458 Regelares
858 4379 1101 4462 ordinariusque
1155 4377 1369 4456 praestandum
1387 4397 1454 4440 esse
1469 4379 1573 4443 ludex
1591 4381 1764 4460 prudenter
1781 4382 1950 4446 arbitratus

309 4473 462 4533 Locorum
477 4485 534 4529 usu
545 4471 707 4548 receptum
720 4468 828 4546 fuisse,
845 4468 877 4530 in
892 4487 926 4530 re
940 4470 1018 4532 tanti
1033 4488 1102 4532 mo-
1155 4465 1259 4542 luerit,
1274 4464 1306 4526 id
1318 4483 1412 4526 omne
1423 4466 1464 4528 ab
1482 4465 1542 4528 illis
1562 4468 1679 4529 exsolvi
1695 4468 1791 4532 debet
1804 4470 1919 4550 quibus
1931 4487 1952 4530 a

309 4556 418 4633 menti,
438 4554 558 4636 judicia
573 4573 630 4616 sua
643 4555 774 4618 fundare
797 4555 829 4617 iu
856 4557 1103 4637 extrajudiciali·
1156 4553 1300 4615 Professo
1313 4553 1723 4618 renuncielaluerunlhena
1735 4556 1767 4617 in
1780 4556 1949 4637 Religionis

308 4644 368 4706 bus
391 4642 666 4721 attestationibus,
696 4643 897 4723 quantumvis
920 4643 1100 4724 juramento
1155 4639 1297 4719 ingramo
1311 4641 1448 4705 dimissa.
1464 4643 1496 4706 Si
1514 4662 1589 4706 vero
1609 4643 1639 4705 bi
1661 4662 1723 4706 non
1737 4644 1881 4723 existant,
1895 4650 1950 4708 aut

308 4729 451 4807 firmatis,
467 4749 537 4810 quse
551 4729 591 4791 od
601 4739 771 4812 perpetuam
797 4730 964 4806 dicuntum
981 4732 1041 4795 hoc
1056 4739 1101 4796 ta·
1155 4730 1181 4790 si
1195 4731 1358 4792 Professus
1376 4732 1418 4794 nil
1442 4733 1686 4796 renuntiandum
1708 4733 1866 4812 babuerit,
1882 4734 1950 4814 ipsa

308 4835 381 4880 meu
396 4817 435 4878 de
449 4823 552 4878 cetero
568 4819 711 4896 usurpari
726 4819 945 4898 prohibemus,
961 4821 1101 4884 volentes
1156 4817 1287 4898 Religio,
1302 4825 1455 4898 quatenus
1476 4839 1513 4884 ex
1536 4821 1595 4884 illis
1615 4822 1656 4885 sit
1679 4839 1750 4902 quae
1762 4822 1949 4902 temporalia

308 4909 403 4986 atque
417 4904 542 4966 dietrice
556 4904 752 4981 mandantes,
769 4911 804 4968 ut
828 4905 870 4968 ad
891 4907 1101 4971 adstruendae
1155 4907 1238 4967 bona
1246 4907 1415 4988 possident,
1423 4910 1463 4972 ad
1474 4908 1654 4991 hujusmodi
1664 4909 1835 4976 solutiones
1842 4917 1948 4974 tenea·

309 4993 509 5074 probationes
523 4993 554 5055 in
569 4992 751 5073 hujusmodi
772 4993 875 5056 causis
895 4998 1098 5076 necessarias,
1155 4997 1216 5056 tur.
1232 4994 1263 5056 Si
1276 5000 1382 5058 autam
1395 5016 1452 5059 nec
1463 4997 1568 5060 adsint
1578 4999 1663 5060 boue
1675 4998 1871 5078 renunciata,
1890 5016 1947 5062 nec

308 5099 402 5144 verua
417 5083 448 5142 et
457 5078 614 5161 judicialis
627 5085 794 5144 processus
813 5083 940 5144 omniuo
955 5085 1102 5147 conficia-
1156 5080 1241 5144 Ordo
1253 5083 1415 5162 Degulmis
1430 5084 1471 5146 de
1489 5103 1551 5166 qno
1572 5085 1677 5166 agitur
1689 5085 1864 5167 quidquam
1875 5105 1948 5166 pes·

308 5175 361 5233 tur
378 5169 410 5230 iu
436 5185 498 5248 quo
523 5171 554 5228 et
576 5167 705 5231 nrtieuli
721 5168 930 5232 exhibeantur
952 5190 989 5232 ex
1012 5177 1101 5250 parte
1156 5169 1265 5246 sideat,
1280 5175 1355 5232 tunc
1369 5171 1528 5235 Defensori
1546 5173 1750 5236 professionis
1763 5173 1947 5238 satistlatex

309 5257 391 5322 illius
405 5255 460 5336 qui
474 5255 624 5318 adversus
637 5257 865 5320 Prolessionem
878 5259 953 5339 agit,
971 5260 1101 5322 etinter·
1155 5258 1296 5336 pecuniis
1318 5259 1504 5322 Muluianum
1526 5259 1607 5324 illius
1628 5260 1806 5324 Tribunalis
1829 5259 1862 5322 iu
1885 5277 1945 5342 quo

309 5343 469 5424 nugatoria
482 5341 597 5406 dentur
609 5344 651 5405 ab
665 5363 704 5405 ea
723 5350 812 5424 parte
827 5363 896 5428 quse
911 5351 1041 5430 statpro
1056 5348 1101 5427 ip·
1156 5361 1252 5406 causa
1274 5346 1393 5424 agitata
1417 5345 1521 5424 tuerit,
1546 5346 1613 5408 sive
1639 5345 1779 5424 alteriue,
1800 5353 1896 5427 prout
1914 5348 1945 5410 in

308 5432 374 5495 aius
386 5431 589 5496 Preiessionis
603 5432 773 5511 validitate,
795 5440 827 5498 et
847 5437 955 5496 'testea
969 5440 1034 5498 tam
1049 5455 1102 5497 su·
1155 5432 1224 5494 aliis
1236 5433 1391 5513 praedictis
1403 5434 1527 5497 Litteris
1551 5435 1670 5501 Nostris
1690 5436 1730 5498 de
1757 5435 1945 5503 Matrimonii

308 5535 367 5612 per
379 5519 525 5586 Articulis
543 5538 639 5604 quam
655 5519 747 5604 juxta
765 5521 943 5606 hujusmodi
970 5523 1100 5588 interro·
1156 5521 1324 5586 Defensore
1336 5522 1510 5590 statuimus.
