4166 6346
739 480 791 544 nlo
812 481 940 548 STATU
962 483 1183 548 scelerose.
1727 485 1781 548 sil

144 666 316 748 Apostolici
340 666 508 730 auditores
530 664 758 748 pradictasque
782 669 814 730 S.
835 671 872 730 li.
901 669 937 731 N.
996 669 1056 732 illis
1070 687 1242 752 eorumque
1256 670 1328 734 totis
1343 671 1505 734 tenoribus
1518 670 1674 752 specialis,
1689 671 1776 752 speci
1826 699 1852 738 .;

145 755 238 819 Gard.
256 757 372 834 Congr.
389 755 557 818 Generales
572 759 603 818 et
617 756 834 834 particulares,
851 757 942 820 alios·
994 759 1055 820 llca
1069 761 1101 822 et
1114 757 1277 820 individua
1291 758 1409 822 mentio
1423 777 1479 822 seu
1495 759 1614 842 qumvis
1628 758 1788 840 expressio

145 866 207 930 que
230 845 374 927 ejusdem
393 846 426 907 S.
447 846 483 906 R.
505 845 542 906 Ε.
567 844 759 922 cardinales,
783 846 878 908 etiam
900 846 940 908 de
995 847 1036 909 ad
1049 846 1082 909 id
1096 846 1251 909 servanda
1264 848 1491 924 loret,illorum
1504 853 1641 926 tenores,
1656 848 1787 926 formas,

144 938 256 998 Latere
277 937 409 1015 Legatos
430 937 462 994 ct
484 934 517 996 S.
541 933 631 996 Sedis
652 935 799 1012 Nuncios,
824 934 940 996 aliosve
996 955 1107 998 causas
1121 940 1153 998 et
1166 936 1346 998 occasiones
1360 937 1566 1016 presentibus
1580 954 1636 1017 pro
1651 936 1742 1017 plene
1758 939 1790 998 et

144 1023 304 1104 quoslibet
324 1039 512 1103 quacunque
535 1021 783 1100 praeeminentia,
805 1023 941 1086 auotori—
996 1024 1187 1087 sufficienter
1207 1026 1362 1104 expressis
1384 1029 1417 1087 et
1438 1025 1635 1088 exactissime
1657 1022 1788 1086 servatis

144 1117 209 1175 tate
224 1115 257 1175 et
279 1114 435 1191 potestate
457 1111 622 1190 fungentes
646 1113 677 1172 et
698 1110 871 1187 iuncturos,
889 1130 942 1172 su·
996 1117 1028 1175 et
1048 1113 1234 1193 specificatis
1256 1113 1430 1193 respective
1453 1113 1615 1190 babentes,
1632 1113 1692 1176 illis
1711 1112 1789 1174 elias

144 1201 231 1262 blata
253 1199 298 1260 eis
321 1203 485 1260 eteorum
508 1197 637 1272 cuilibet
651 1197 762 1278 quavis
780 1198 872 1260 aliter
889 1197 939 1280 ju·
995 1202 1027 1264 in
1051 1219 1107 1264 suo
1131 1203 1245 1264 robore
1268 1203 1504 1283 permansuris,
1534 1204 1595 1266 hac
1618 1203 1686 1266 vice
1711 1202 1791 1263 dun-

144 1287 272 1350 dieandi
287 1291 319 1350 et
331 1286 557 1366 interpretandi
572 1287 730 1364 facultate,
747 1287 863 1369 ubique
887 1288 941 1369 ju·
995 1295 1090 1370 taxat,
1104 1293 1134 1353 et
1144 1291 1184 1354 ed
1195 1291 1428 1371 premissorum
1439 1293 1596 1370 ellectum,
1608 1290 1788 1371 plenissime

144 1376 245 1438 dicari
261 1380 294 1438 et
313 1373 436 1436 delinivi
456 1374 583 1450 debere,
600 1392 638 1436 ec
659 1375 791 1451 nuNum,
814 1374 938 1438 irritum
995 1385 1027 1442 et
1039 1379 1230 1459 amplissime
1243 1386 1331 1445 motu
1350 1379 1418 1460 pari
1437 1380 1627 1460 derogamus
1644 1386 1677 1442 et
1695 1381 1788 1442 dero·

144 1469 176 1526 st
190 1465 284 1526 inane
298 1462 324 1525 si
338 1480 427 1523 secus
442 1480 538 1542 super
552 1461 600 1524 bis
613 1481 634 1524 a
648 1480 808 1544 quoquam
827 1464 939 1543 quavis
995 1465 1104 1538 gutum
1131 1478 1199 1522 esse
1226 1461 1387 1538 volumus,
1417 1461 1593 1543 ceterisque
1620 1459 1788 1523 contrariis

143 1551 331 1614 auctoritate
345 1549 480 1612 scienter
498 1551 548 1612 vel
571 1550 754 1631 ignoranter
775 1552 942 1634 contigerit
996 1547 1248 1629 quibuscunque.

144 1638 304 1702 attentari.
1034 1657 1049 1694 u
1074 1637 1225 1698 Volumus
1246 1636 1384 1715 insuper,
1409 1639 1441 1699 et
1458 1636 1570 1698 eadem
1593 1635 1796 1700 Auctoritate.

185 1747 201 1783 u
220 1727 290 1788 Non
310 1727 504 1789 obstantibus
519 1730 584 1789 tam
599 1745 765 1790 causarum
778 1728 884 1792 forsan
898 1729 940 1790 ad
994 1725 1145 1804 praedicta
1158 1725 1355 1802 mandamus,
1373 1728 1407 1786 ut
1430 1725 1549 1786 cedem
1572 1727 1742 1803 presentes
1756 1727 1788 1786 et

144 1814 231 1878 bunc
245 1815 330 1877 diem
343 1814 771 1896 introductarumpendentie
781 1835 859 1898 quas
870 1818 941 1897 qui·
995 1813 1026 1873 in
1041 1813 1085 1874 eis
1100 1817 1247 1875 contenta
1261 1831 1455 1894 quaecuuque
1474 1814 1516 1874 ad
1536 1813 1679 1874 omnium
1704 1811 1788 1874 noti-

145 1903 220 1964 dem
234 1921 345 1965 causas
359 1903 391 1965 in
412 1904 652 1986 quibuscunque
672 1905 805 1966 statibus
831 1910 862 1967 et
876 1909 940 1966 ter-
993 1901 1072 1964 tiam
1098 1901 1220 1963 lacilius
1244 1901 1450 1980 deducentur,
1476 1903 1724 1982 necquicquam
1748 1901 1788 1961 do

144 1991 240 2052 minis
254 1991 294 2052 de
307 1991 453 2071 prasenti
466 1991 675 2072 reperiantur,
688 1992 780 2074 juxta
794 1992 939 2072 superius
996 1991 1040 2051 eis
1054 1989 1263 2070 ignorantiam
1277 1990 1472 2070 praetendere
1486 1989 1600 2068 valeat,
1611 1989 1695 2070 ipsas
1709 2007 1788 2069 prae-

144 2080 329 2160 praescripta
339 2081 466 2143 omnino
476 2081 615 2159 tractari,
624 2080 761 2162 judicari
775 2086 807 2144 et
817 2083 939 2144 definiri
995 2083 1110 2156 sentes,
1126 2097 1181 2140 seu
1202 2096 1311 2140 earum
1325 2083 1532 2158 transumpta,
1549 2079 1589 2140 ad
1608 2079 1716 2140 valvas
1731 2079 1788 2140 ilc·

145 2167 264 2228 debers
282 2187 428 2248 expresso
451 2167 665 2242 decernimus;
689 2188 752 2249 qua
774 2172 886 2232 Nostra
909 2173 941 2232 et
995 2167 1097 2228 clssite
1129 2170 1162 2231 S.
1190 2167 1321 2230 ioannis
1344 2167 1376 2228 iu
1404 2171 1558 2230 Laterano
1586 2171 1618 2228 et
1643 2166 1787 2230 Basiliam

145 2255 346 2318 Cancellarim
361 2257 558 2336 Apostolicae,
575 2257 750 2336 Regulade
764 2259 840 2320 iure
854 2277 941 2339 quoe-
994 2254 1147 2335 Principis
1162 2255 1382 2335 Apostolorum
1393 2255 1432 2315 de
1446 2255 1542 2331 Urbe,
1567 2273 1690 2318 necnon
1704 2258 1788 2319 cen·
1860 2249 1866 2258 '

146 2342 206 2404 sito
228 2359 291 2404 non
314 2344 463 2421 tollendo,
484 2343 615 2424 aliisque
636 2344 823 2425 Apostolicis
846 2363 883 2406 ac
908 2345 940 2406 in
995 2343 1129 2406 cellariae
1143 2343 1331 2424 apostolieae.
1341 2343 1505 2425 Guriaeque
1520 2344 1680 2406 Generalis
1694 2345 1788 2404 lnno·

146 2431 395 2509 Universalibus,
411 2433 657 2496 Prouincialibus
678 2438 710 2496 et
730 2433 940 2514 synodalibus
995 2432 1147 2494 cantisnoe
1161 2432 1193 2492 in
1207 2433 1311 2495 ltionte
1326 2432 1474 2495 citatorio
1490 2437 1521 2494 et
1534 2432 1566 2493 in
1586 2432 1662 2494 Acie
1677 2429 1785 2510 campi

145 2519 293 2582 conciliis
314 2519 422 2597 editis,
447 2521 647 2599 generalibus
676 2522 728 2582 vel
752 2522 941 2602 specialibus
996 2521 1095 2583 Florae
1110 2539 1168 2600 per
1186 2520 1323 2601 aliquem
1343 2539 1382 2582 ex
1402 2521 1588 2584 cursoribus
1606 2519 1737 2596 Nostris,
1753 2521 1790 2581 ut

146 2607 427 2671 constitutionibus
455 2613 486 2670 et
513 2609 769 2672 ordinationibus
800 2611 940 2673 Decretis
996 2608 1092 2669 moris
1107 2612 1164 2685 est,
1185 2607 1338 2687 publicari
1360 2613 1392 2671 et
1413 2609 1510 2689 elligi,
1526 2608 1634 2690 sicque
1648 2607 1789 2687 publica·

147 2715 273 2778 qunque
298 2699 329 2758 et
357 2697 608 2760 Resolutionibus
629 2699 797 2778 aprtelatis
812 2699 937 2762 Cardin.
995 2701 1044 2758 tas
1058 2697 1212 2758 staffines
1227 2715 1335 2757 omnes
1350 2701 1381 2760 et
1400 2697 1539 2777 singulos
1561 2715 1639 2776 quos
1662 2713 1788 2758 concer-

146 2787 263 2864 Gongr.
279 2783 345 2845 sive
363 2783 404 2845 ab
424 2785 589 2848 Auditorio
605 2789 691 2849 Notae
706 2788 869 2867 praedicto,
886 2791 942 2850 eut
996 2788 1085 2859 nunt,
1112 2803 1168 2846 seu
1194 2789 1385 2848 conseruent
1411 2785 1443 2846 in
1470 2785 1628 2862 futurum,
1657 2783 1789 2866 perinde

150 2872 222 2934 aliis
235 2871 475 2953 quibuscunque
492 2873 938 2952 iudicibuset'lribunalibus,
995 2874 1121 2936 afficere
1145 2878 1176 2937 et
1198 2878 1331 2951 arctare,
1356 2891 1393 2935 ac
1416 2874 1441 2936 si
1466 2873 1634 2954 unicuique
1662 2873 1788 2934 iNcrum

147 2961 225 3022 alias
242 2961 349 3022 forsan
363 2965 395 3023 et
417 2961 508 3022 aliter
530 2961 632 3040 lactis,
648 2963 782 3025 conditis
801 2967 832 3026 et
855 2981 942 3025 ema·
996 2962 1202 3041 personaliter
1224 2962 1374 3024 intimatae
1399 2966 1431 3025 et
1451 2963 1618 3024 notificate
1642 2962 1785 3024 fuissent.

147 3049 245 3122 natis;
272 3066 394 3110 necnon
422 3049 584 3130 quibusvis
621 3051 716 3113 etiam
747 3051 938 3133 juramento,
1035 3071 1049 3108 u
1065 3051 1167 3131 thue
1179 3051 1361 3112 earumdem
1371 3049 1574 3131 praesentium
1585 3048 1788 3128 transumptis

147 3136 384 3201 confirmatione
399 3138 590 3217 Apostolica,
606 3139 656 3200 vel
671 3139 781 3220 quavis
794 3139 941 3202 firmitate
996 3158 1052 3200 seu
1065 3139 1227 3219 exemplis,
1244 3138 1339 3201 etism
1357 3137 1528 3218 impressis,
1544 3157 1641 3200 mann
1655 3137 1789 3218 alicujus

148 3226 210 3288 ulia
223 3225 379 3288 roboratis
403 3226 545 3302 Statutis,
563 3225 746 3308 Privilegiis,
762 3227 942 3306 Exemptio-
997 3227 1114 3288 Notarii
1130 3227 1246 3306 publici
1265 3227 1448 3307 subscriptis
1462 3245 1500 3290 ao
1521 3226 1623 3306 sigillo
1643 3229 1789 3289 Personae

120 3363 127 3374 .
148 3315 240 3377 nibus
254 3318 286 3376 et
299 3313 441 3390 indultis,
458 3313 553 3376 etiam
568 3313 600 3374 in
615 3332 746 3394 corpore
764 3314 844 3396 juris
859 3315 942 3376 clau·
995 3314 1028 3375 in
1042 3315 1259 3377 Ecclesiastico
1273 3314 1430 3395 Dignitate
1452 3315 1627 3379 constituta
1646 3313 1787 3391 munitis,

148 3403 200 3478 sis,
217 3401 402 3464 autLitteris
413 3401 599 3481 Apostolicis
610 3402 772 3484 quibusvis
783 3401 938 3479 Personis,
996 3403 1108 3463 eadem
1135 3403 1354 3483 prorsuslides
1368 3403 1479 3464 tamin
1491 3401 1610 3484 judicio
1627 3419 1722 3482 quam
1736 3420 1788 3462 ex-

148 3489 302 3572 collegiis,
323 3490 425 3568 Locis,
441 3490 610 3553 Ordinibus
629 3491 724 3553 etiam
742 3491 938 3568 Militaribus,
995 3497 1044 3554 tra
1059 3491 1136 3553 illud
1149 3491 1266 3574 ubique
1280 3493 1422 3554 locorum
1437 3491 1592 3554 habeatur
1619 3508 1690 3572 quse
1713 3489 1790 3570 ipsis

148 3582 263 3659 Congr.
289 3579 496 3641 Societatibus
520 3583 551 3641 et
573 3579 725 3642 lnstitntis
747 3579 841 3642 etiam
867 3581 937 3643 Soc.
994 3580 1202 3660 presentibus
1217 3581 1386 3643 baberetur
1404 3581 1429 3643 si
1449 3580 1554 3643 iurent
1572 3579 1720 3642 exhibita
1738 3578 1788 3641 vel

148 3671 221 3732 iesu
245 3669 279 3729 et
300 3668 332 3729 S.
356 3667 487 3730 ioannis
510 3667 803 3747 Hierosolymitani,
831 3669 940 3731 aliisve
995 3673 1140 3731 ostensas.

150 3753 339 3836 quibuslibet
352 3755 500 3845 specifica
516 3760 548 3816 et
569 3755 700 3818 invidus
715 3757 873 3819 mentione
895 3755 941 3818 di·
1035 3781 1049 3816 n
1068 3757 1149 3820 Nulli
1165 3775 1240 3838 ergo
1256 3756 1384 3820 omnino
1403 3755 1568 3819 bominum
1590 3755 1682 3818 liceat
1700 3754 1789 3835 pagi-

148 3842 229 3922 gnis‚
259 3843 354 3905 etiam
372 3844 430 3905 sub
452 3844 690 3925 quibuscunque
708 3845 877 3908 verborum
896 3849 939 3908 te·
995 3865 1069 3908 nam
1083 3846 1165 3908 banc
1183 3849 1368 3909 Nostrarum
1387 3843 1648 3920 confirmationis,
1664 3845 1789 3922 Appro·

149 3930 277 3992 neribus
304 3930 478 4010 etlormis,
503 3934 629 3994 etcum
657 3933 818 4014 quibusvis
845 3934 940 3997 ctiam
994 3935 1141 4012 bationis,
1172 3935 1358 4010 Voluntatis,
1387 3934 1620 4009 Mandatcrnm,
1651 3933 1790 3994 Statuto-

149 4016 295 4078 clausulis
320 4021 352 4079 et
374 4017 519 4095 decretis,
546 4018 642 4080 etiam
669 4020 940 4101 derogatoriaruur
995 4042 1078 4100 rum,
1093 4025 1298 4086 Decretomm
1313 4020 1604 4085 etDeclarationum
1618 4019 1789 4099 infringere

148 4104 352 4186 derogatoriis
376 4109 408 4168 et
428 4105 622 4169 irritantibus
643 4108 675 4169 in
696 4127 812 4188 genere
835 4109 884 4171 vel
908 4109 939 4169 in
994 4112 1044 4174 vel
1058 4111 1086 4172 el
1102 4130 1181 4174 ausu
1196 4110 1363 4174 temerario
1374 4108 1540 4173 contraire.
1554 4106 1586 4172 Si
1598 4107 1668 4188 quis
1682 4111 1789 4170 autem

149 4194 261 4272 specie,
286 4194 382 4256 etiam
407 4199 495 4257 motu
519 4193 611 4256 simili
636 4196 729 4259 etde
752 4197 940 4277 apostolica
995 4200 1056 4262 hoc
1083 4203 1240 4263 attentare
1267 4195 1514 4278 presumpserit,
1540 4194 1790 4274 indignationem

148 4282 309 4360 potestatis
327 4281 522 4360 plenitudine
541 4301 597 4344 seu
621 4283 886 4362 consistorialiter,
902 4305 940 4348 ac
995 4288 1224 4369 omnipotentis
1238 4289 1294 4350 Dei
1309 4292 1341 4350 et
1360 4289 1529 4349 Bestorum
1550 4283 1633 4346 Patri
1656 4288 1688 4345 et
1701 4284 1789 4345 Pauli

148 4369 225 4430 alias
239 4369 477 4450 quomodolibet
494 4370 526 4431 in
550 4372 742 4433 contrarium
762 4375 940 4452 premisso-
995 4377 1218 4457 Apostolorum
1232 4375 1300 4458 ejus
1314 4395 1348 4438 se
1368 4374 1490 4438 noverit
1505 4372 1714 4434 incursurum.

148 4476 216 4520 rum
230 4457 386 4520 concessis
400 4477 437 4521 ec
455 4459 572 4540 pluries
595 4462 796 4540 confirmatis,
823 4482 936 4544 appro·
1036 4488 1051 4524 u
1070 4467 1140 4528 Dat.
1168 4469 1286 4542 Nomae,
1307 4464 1392 4544 apud
1416 4459 1597 4526 clitorium
1624 4457 1787 4540 Najorem,

148 4545 226 4608 batis
240 4549 273 4609 et
284 4546 451 4610 innovetis.
464 4547 582 4622 Quibus
596 4549 741 4613 omnibus
752 4552 936 4633 etsingulis,
995 4558 1085 4615 Anno
1109 4553 1335 4616 incarnationis
1363 4549 1533 4613 cominius
1558 4551 1647 4623 lits,
1674 4553 1787 4628 quarto

149 4634 268 4698 etiamsi
282 4651 339 4716 pro
354 4635 481 4696 illorum
495 4635 660 4700 sufficienti
676 4637 879 4718 derogatione
901 4641 940 4702 de
995 4644 1100 4705 Nonas
1114 4643 1229 4724 Martii,
1242 4641 1444 4706 ranunculus
1458 4636 1562 4699 Nostri
1576 4653 1628 4699 an.
1651 4640 1712 4699 oct.
1726 4631 1753 4699 ¹.
1770 4658 1785 4696 u

177 4943 187 4986 i
203 4943 465 5006 clementitiis,
481 4945 561 4996 sacra
576 4943 941 5012 Congregutioliegntarium
995 4949 1150 5001 simoniales
1177 4947 1276 4999 litterae
1300 4949 1382 4998 crunt
1405 4945 1438 4997 de
1461 4950 1552 5008 etate,
1570 4945 1700 5006 moribus,
1725 4945 1791 5007 vite,

147 5013 293 5065 decretum
308 5014 399 5064 emisit
418 5015 446 5065 iu
461 5027 515 5079 quo
530 5015 587 5066 hac
602 5017 736 5080 precipua
751 5017 940 5082 reperiuntnrs
995 5021 1079 5082 lama,
1090 5019 1260 5080 conditione,
1273 5016 1445 5080 educatione,
1458 5019 1569 5078 scienta,
1584 5031 1619 5066 sn
1634 5015 1791 5080 inquisitus,

178 5087 208 5135 l·
222 5087 388 5147 Quocunque
403 5085 509 5146 ordina,
534 5087 753 5150 congregatione,
769 5090 940 5149 monasterio,
995 5095 1163 5152 consumtus,
1179 5089 1344 5154 irregularis,
1354 5103 1407 5139 rere
1421 5089 1511 5141 uliano
1525 5088 1660 5153 gravatus,
1671 5087 1714 5137 vel
1729 5085 1789 5137 red·

151 5155 288 5216 instituto,
302 5155 383 5205 domo
399 5157 479 5206 etiarn
494 5157 604 5221 speciali
626 5159 763 5208 mentione
784 5157 875 5220 digua,
890 5159 941 5208 etsi
995 5161 1084 5210 denda
1104 5160 1218 5224 alicujus
1241 5159 1487 5209 administrationis
1509 5159 1608 5210 rationi
1633 5157 1789 5220 obnoxium

147 5239 201 5274 uon
215 5225 377 5275 emittantur
390 5229 452 5276 vota
468 5225 610 5288 solemnia,
620 5240 701 5278 nemo
710 5228 744 5277 ad
761 5228 884 5279 habitum
900 5234 942 5280 est
995 5243 1077 5294 super
1091 5230 1190 5294 quibus
1203 5231 1324 5294 Episcopi
1340 5230 1497 5280 consecutis
1509 5235 1645 5292 gravatur.

147 5294 329 5345 admittendus
347 5295 450 5359 absque
474 5296 705 5348 testimonialibus
727 5297 856 5347 ordinarii
882 5303 941 5349 tum
1025 5301 1227 5366 2⁰Quiduplici
1240 5300 1382 5362 scrutinio,
1394 5299 1787 5363 modopraestabilitoagendc,

148 5363 267 5426 originis,
286 5367 344 5414 turn
359 5364 411 5414 loci
434 5365 462 5416 in
482 5379 536 5430 quo
551 5365 699 5432 postulans,
720 5371 780 5432 post
802 5367 941 5432 expletum
994 5385 1050 5420 non
1064 5369 1147 5420 luerit
1160 5370 1342 5434 probatus‚ad
1354 5369 1479 5420 habitum
1493 5367 1569 5418 nullo
1584 5381 1692 5432 prorsus
1706 5371 1788 5420 modo

150 5437 176 5489 u
188 5448 291 5490 sanum
304 5437 390 5488 atsto
398 5471 407 5500 ,
431 5437 501 5490 ulus
514 5449 618 5492 sunum
632 5441 753 5490 mumius
772 5437 862 5492 luerit.
876 5441 940 5491 Tes-
994 5442 1157 5495 sdmittatur
1171 5441 1199 5492 in
1210 5453 1375 5507 quocunque
1393 5439 1498 5506 ordine,
1508 5437 1727 5508 congregatione,
1737 5444 1788 5496 etc.
