<?xml version="1.0" encoding="UTF-8"?>
<!DOCTYPE html PUBLIC "-//W3C//DTD XHTML 1.0 Transitional//EN"
    "http://www.w3.org/TR/xhtml1/DTD/xhtml1-transitional.dtd">
<html xmlns="http://www.w3.org/1999/xhtml" xml:lang="en" lang="en">
 <head>
  <title>
</title>
<meta http-equiv="Content-Type" content="text/html;charset=utf-8" />
  <meta name='ocr-system' content='tesseract 3.04.00' />
  <meta name='ocr-capabilities' content='ocr_page ocr_carea ocr_par ocr_line ocrx_word'/>
</head>
<body>
  <div class='ocr_page' id='page_1' title='image "./theologiamorali01busegoog_0050.png"; bbox 0 0 4144 6336; ppageno 0'>
   <div class='ocr_carea' id='block_1_1' title="bbox 284 529 1433 612">
    <p class='ocr_par' dir='ltr' id='par_1_1' title="bbox 284 529 1433 612">
     <span class='ocr_line' id='line_1_1' title="bbox 284 529 1433 612; baseline 0.01 -15"><span class='ocrx_word' id='word_1_1' title='bbox 284 529 325 601; x_wconf 67' lang='grc'><strong>49.</strong></span> <span class='ocrx_word' id='word_1_2' title='bbox 779 541 831 606; x_wconf 86' lang='lat' dir='ltr'><strong>DE</strong></span> <span class='ocrx_word' id='word_1_3' title='bbox 858 539 1122 607; x_wconf 78' lang='lat' dir='ltr'><strong>OBLIGATIONE</strong></span> <span class='ocrx_word' id='word_1_4' title='bbox 1150 542 1433 612; x_wconf 78' lang='lat' dir='ltr'><strong>PAROGHORUM.</strong></span> 
     </span>
    </p>
   </div>
   <div class='ocr_carea' id='block_1_2' title="bbox 284 721 1928 993">
    <p class='ocr_par' dir='ltr' id='par_1_2' title="bbox 284 721 1928 993">
     <span class='ocr_line' id='line_1_2' title="bbox 287 721 1925 812; baseline 0.007 -26"><span class='ocrx_word' id='word_1_5' title='bbox 287 721 319 786; x_wconf 91' lang='lat' dir='ltr'><strong>id</strong></span> <span class='ocrx_word' id='word_1_6' title='bbox 342 725 426 808; x_wconf 90' lang='lat' dir='ltr'><strong>quod</strong></span> <span class='ocrx_word' id='word_1_7' title='bbox 448 745 467 788; x_wconf 89' lang='lat' dir='ltr'><strong>a</strong></span> <span class='ocrx_word' id='word_1_8' title='bbox 489 726 638 808; x_wconf 87' lang='lat' dir='ltr'><strong>praedicto</strong></span> <span class='ocrx_word' id='word_1_9' title='bbox 658 726 794 791; x_wconf 79' lang='lat' dir='ltr'><strong>Concilio</strong></span> <span class='ocrx_word' id='word_1_10' title='bbox 818 729 849 790; x_wconf 94' lang='lat' dir='ltr'><strong>in</strong></span> <span class='ocrx_word' id='word_1_11' title='bbox 871 729 924 791; x_wconf 92' lang='lat' dir='ltr'><strong>cit.</strong></span> <span class='ocrx_word' id='word_1_12' title='bbox 949 729 1021 812; x_wconf 86' lang='lat' dir='ltr'><strong><em>Cap.</em></strong></span> <span class='ocrx_word' id='word_1_13' title='bbox 1044 734 1074 806; x_wconf 78' lang='lat' dir='ltr'><strong>l,</strong></span> <span class='ocrx_word' id='word_1_14' title='bbox 1130 737 1211 810; x_wconf 73' lang='lat' dir='ltr'><strong>mm,</strong></span> <span class='ocrx_word' id='word_1_15' title='bbox 1229 731 1261 794; x_wconf 93' lang='lat' dir='ltr'><strong>in</strong></span> <span class='ocrx_word' id='word_1_16' title='bbox 1275 733 1344 811; x_wconf 91' lang='lat' dir='ltr'><strong>ipsa</strong></span> <span class='ocrx_word' id='word_1_17' title='bbox 1357 731 1497 794; x_wconf 78' lang='lat' dir='ltr'><strong>Ecclesia</strong></span> <span class='ocrx_word' id='word_1_18' title='bbox 1511 731 1685 797; x_wconf 90' lang='lat' dir='ltr'><strong>Perochiali</strong></span> <span class='ocrx_word' id='word_1_19' title='bbox 1700 733 1826 797; x_wconf 80' lang='lat' dir='ltr'><strong>Missam</strong></span> <span class='ocrx_word' id='word_1_20' title='bbox 1840 734 1925 798; x_wconf 90' lang='lat' dir='ltr'><strong>cela-</strong></span> 
     </span>
     <span class='ocr_line' id='line_1_3' title="bbox 285 815 1927 904; baseline 0.007 -28"><span class='ocrx_word' id='word_1_21' title='bbox 285 815 447 895; x_wconf 89' lang='lat' dir='ltr'><strong>Episoopis</strong></span> <span class='ocrx_word' id='word_1_22' title='bbox 469 816 659 895; x_wconf 76' lang='lat' dir='ltr'><strong>pracipitur,</strong></span> <span class='ocrx_word' id='word_1_23' title='bbox 684 821 717 878; x_wconf 92' lang='lat' dir='ltr'><strong>ut</strong></span> <span class='ocrx_word' id='word_1_24' title='bbox 736 835 848 896; x_wconf 88' lang='lat' dir='ltr'><strong>nempe</strong></span> <span class='ocrx_word' id='word_1_25' title='bbox 862 818 965 880; x_wconf 80' lang='lat' dir='ltr'><strong>saltem</strong></span> <span class='ocrx_word' id='word_1_26' title='bbox 981 821 1076 881; x_wconf 80' lang='lat' dir='ltr'><strong>Domi·</strong></span> <span class='ocrx_word' id='word_1_27' title='bbox 1130 823 1236 896; x_wconf 79' lang='lat' dir='ltr'><strong>brent3</strong></span> <span class='ocrx_word' id='word_1_28' title='bbox 1263 841 1301 884; x_wconf 89' lang='lat' dir='ltr'><strong>ea</strong></span> <span class='ocrx_word' id='word_1_29' title='bbox 1323 826 1428 884; x_wconf 89' lang='lat' dir='ltr'><strong>tamen</strong></span> <span class='ocrx_word' id='word_1_30' title='bbox 1450 822 1574 904; x_wconf 86' lang='lat' dir='ltr'><strong>adjecta</strong></span> <span class='ocrx_word' id='word_1_31' title='bbox 1598 822 1795 899; x_wconf 89' lang='lat' dir='ltr'><strong>conditione,</strong></span> <span class='ocrx_word' id='word_1_32' title='bbox 1822 830 1858 887; x_wconf 91' lang='lat' dir='ltr'><strong>ut</strong></span> <span class='ocrx_word' id='word_1_33' title='bbox 1879 831 1927 887; x_wconf 89' lang='lat' dir='ltr'><strong>tot</strong></span> 
     </span>
     <span class='ocr_line' id='line_1_4' title="bbox 284 902 1928 993; baseline 0.007 -31"><span class='ocrx_word' id='word_1_34' title='bbox 284 903 357 962; x_wconf 70' lang='lat' dir='ltr'><strong>nicae</strong></span> <span class='ocrx_word' id='word_1_35' title='bbox 369 913 397 963; x_wconf 85' lang='lat' dir='ltr'><strong>et</strong></span> <span class='ocrx_word' id='word_1_36' title='bbox 410 903 481 963; x_wconf 77' lang='lat' dir='ltr'><strong>alio</strong></span> <span class='ocrx_word' id='word_1_37' title='bbox 492 902 710 983; x_wconf 80' lang='lat' dir='ltr'><strong>sesticisdt&#39;ebus</strong></span> <span class='ocrx_word' id='word_1_38' title='bbox 721 923 826 985; x_wconf 82' lang='lat' dir='ltr'><strong>pueros</strong></span> <span class='ocrx_word' id='word_1_39' title='bbox 836 905 866 964; x_wconf 82' lang='lat' dir='ltr'><strong>ia</strong></span> <span class='ocrx_word' id='word_1_40' title='bbox 879 905 1005 987; x_wconf 73' lang='lat' dir='ltr'><strong>singolis</strong></span> <span class='ocrx_word' id='word_1_41' title='bbox 1018 905 1078 970; x_wconf 88' lang='lat' dir='ltr'><strong>Po·</strong></span> <span class='ocrx_word' id='word_1_42' title='bbox 1131 912 1240 972; x_wconf 89' lang='lat' dir='ltr'><strong>Mrssas</strong></span> <span class='ocrx_word' id='word_1_43' title='bbox 1254 909 1335 970; x_wconf 86' lang='lat' dir='ltr'><strong>infra</strong></span> <span class='ocrx_word' id='word_1_44' title='bbox 1357 910 1587 972; x_wconf 79' lang='lat' dir='ltr'><strong>hebdomadam</strong></span> <span class='ocrx_word' id='word_1_45' title='bbox 1608 929 1664 991; x_wconf 92' lang='lat' dir='ltr'><strong>pro</strong></span> <span class='ocrx_word' id='word_1_46' title='bbox 1686 914 1801 991; x_wconf 91' lang='lat' dir='ltr'><strong>populo</strong></span> <span class='ocrx_word' id='word_1_47' title='bbox 1826 913 1928 993; x_wconf 92' lang='lat' dir='ltr'><strong>appli-</strong></span> 
     </span>
    </p>
   </div>
   <div class='ocr_carea' id='block_1_3' title="bbox 284 991 1928 1429">
    <p class='ocr_par' dir='ltr' id='par_1_3' title="bbox 285 991 1927 1078">
     <span class='ocr_line' id='line_1_5' title="bbox 285 991 1927 1078; baseline 0.006 -27"><span class='ocrx_word' id='word_1_48' title='bbox 285 991 410 1069; x_wconf 82' lang='lat' dir='ltr'><strong>roctiis,</strong></span> <span class='ocrx_word' id='word_1_49' title='bbox 439 993 525 1056; x_wconf 83' lang='lat' dir='ltr'><strong>Fidei</strong></span> <span class='ocrx_word' id='word_1_50' title='bbox 547 991 712 1056; x_wconf 72' lang='lat' dir='ltr'><strong>nodamenta</strong></span> <span class='ocrx_word' id='word_1_51' title='bbox 739 1001 767 1055; x_wconf 86' lang='lat' dir='ltr'><strong>et</strong></span> <span class='ocrx_word' id='word_1_52' title='bbox 788 993 980 1056; x_wconf 81' lang='lat' dir='ltr'><strong>obedientiam</strong></span> <span class='ocrx_word' id='word_1_53' title='bbox 1006 1016 1078 1078; x_wconf 77' lang='lat' dir='ltr'><strong>erpo</strong></span> <span class='ocrx_word' id='word_1_54' title='bbox 1132 1001 1213 1074; x_wconf 90' lang='lat' dir='ltr'><strong>cent,</strong></span> <span class='ocrx_word' id='word_1_55' title='bbox 1225 997 1343 1076; x_wconf 91' lang='lat' dir='ltr'><strong>quotin</strong></span> <span class='ocrx_word' id='word_1_56' title='bbox 1358 997 1468 1059; x_wconf 91' lang='lat' dir='ltr'><strong>diebus</strong></span> <span class='ocrx_word' id='word_1_57' title='bbox 1482 997 1579 1073; x_wconf 90' lang='lat' dir='ltr'><strong>festis,</strong></span> <span class='ocrx_word' id='word_1_58' title='bbox 1597 997 1677 1057; x_wconf 90' lang='lat' dir='ltr'><strong>inlra</strong></span> <span class='ocrx_word' id='word_1_59' title='bbox 1692 999 1835 1060; x_wconf 86' lang='lat' dir='ltr'><strong>eamdam</strong></span> <span class='ocrx_word' id='word_1_60' title='bbox 1850 1000 1927 1062; x_wconf 91' lang='lat' dir='ltr'><strong>heb-</strong></span> 
     </span>
    </p>

    <p class='ocr_par' dir='ltr' id='par_1_4' title="bbox 284 1079 1928 1166">
     <span class='ocr_line' id='line_1_6' title="bbox 284 1079 1928 1166; baseline 0.004 -24"><span class='ocrx_word' id='word_1_61' title='bbox 284 1079 378 1142; x_wconf 85' lang='lat' dir='ltr'><strong>Deom</strong></span> <span class='ocrx_word' id='word_1_62' title='bbox 391 1091 419 1142; x_wconf 88' lang='lat' dir='ltr'><strong>et</strong></span> <span class='ocrx_word' id='word_1_63' title='bbox 432 1082 583 1152; x_wconf 82' lang='lat' dir='ltr'><strong>Parentes,</strong></span> <span class='ocrx_word' id='word_1_64' title='bbox 594 1081 749 1164; x_wconf 70' lang='lat' dir='ltr'><strong>diligenter</strong></span> <span class='ocrx_word' id='word_1_65' title='bbox 758 1081 795 1144; x_wconf 85' lang='lat' dir='ltr'><strong>ab</strong></span> <span class='ocrx_word' id='word_1_66' title='bbox 806 1083 852 1160; x_wconf 81' lang='lat' dir='ltr'><strong>iis,</strong></span> <span class='ocrx_word' id='word_1_67' title='bbox 866 1081 906 1142; x_wconf 90' lang='lat' dir='ltr'><strong>od</strong></span> <span class='ocrx_word' id='word_1_68' title='bbox 917 1101 987 1164; x_wconf 84' lang='lat' dir='ltr'><strong>quos</strong></span> <span class='ocrx_word' id='word_1_69' title='bbox 1000 1101 1079 1162; x_wconf 84' lang='lat' dir='ltr'><strong>spec·</strong></span> <span class='ocrx_word' id='word_1_70' title='bbox 1132 1083 1301 1144; x_wconf 90' lang='lat' dir='ltr'><strong>domadam</strong></span> <span class='ocrx_word' id='word_1_71' title='bbox 1335 1084 1590 1161; x_wconf 91' lang='lat' dir='ltr'><strong>occurrentibus,</strong></span> <span class='ocrx_word' id='word_1_72' title='bbox 1616 1084 1707 1164; x_wconf 87' lang='lat' dir='ltr'><strong>juxta</strong></span> <span class='ocrx_word' id='word_1_73' title='bbox 1734 1087 1928 1166; x_wconf 83' lang='lat' dir='ltr'><strong>peculiarem</strong></span> 
     </span>
    </p>

    <p class='ocr_par' dir='ltr' id='par_1_5' title="bbox 285 1168 1928 1338">
     <span class='ocr_line' id='line_1_7' title="bbox 285 1168 1928 1254; baseline 0.004 -24"><span class='ocrx_word' id='word_1_74' title='bbox 285 1168 370 1247; x_wconf 83' lang='lat' dir='ltr'><strong>tabit,</strong></span> <span class='ocrx_word' id='word_1_75' title='bbox 385 1168 485 1231; x_wconf 84' lang='lat' dir='ltr'><strong>doceri</strong></span> <span class='ocrx_word' id='word_1_76' title='bbox 498 1174 619 1233; x_wconf 89' lang='lat' dir='ltr'><strong>curent.</strong></span> <span class='ocrx_word' id='word_1_77' title='bbox 1132 1171 1339 1234; x_wconf 89' lang='lat' dir='ltr'><strong>intentionem</strong></span> <span class='ocrx_word' id='word_1_78' title='bbox 1355 1173 1482 1234; x_wconf 87' lang='lat' dir='ltr'><strong>alterius</strong></span> <span class='ocrx_word' id='word_1_79' title='bbox 1503 1171 1546 1254; x_wconf 91' lang='lat' dir='ltr'><strong>pii</strong></span> <span class='ocrx_word' id='word_1_80' title='bbox 1569 1172 1781 1237; x_wconf 88' lang='lat' dir='ltr'><strong>Benolaotoris</strong></span> <span class='ocrx_word' id='word_1_81' title='bbox 1804 1176 1928 1238; x_wconf 92' lang='lat' dir='ltr'><strong>obtule-</strong></span> 
     </span>
     <span class='ocr_line' id='line_1_8' title="bbox 325 1257 1205 1338; baseline 0.006 -23"><span class='ocrx_word' id='word_1_82' title='bbox 325 1279 339 1316; x_wconf 72' lang='grc' dir='ltr'><strong>υ</strong></span> <span class='ocrx_word' id='word_1_83' title='bbox 365 1260 404 1319; x_wconf 86' lang='lat' dir='ltr'><strong>Et</strong></span> <span class='ocrx_word' id='word_1_84' title='bbox 418 1257 492 1338; x_wconf 88' lang='lat' dir='ltr'><strong>quia</strong></span> <span class='ocrx_word' id='word_1_85' title='bbox 505 1257 537 1318; x_wconf 93' lang='lat' dir='ltr'><strong>in</strong></span> <span class='ocrx_word' id='word_1_86' title='bbox 551 1257 707 1319; x_wconf 86' lang='lat' dir='ltr'><strong>nonnullis</strong></span> <span class='ocrx_word' id='word_1_87' title='bbox 721 1257 914 1321; x_wconf 86' lang='lat' dir='ltr'><strong>Dioecesibus</strong></span> <span class='ocrx_word' id='word_1_88' title='bbox 929 1277 1078 1321; x_wconf 91' lang='lat' dir='ltr'><strong>numerus</strong></span> <span class='ocrx_word' id='word_1_89' title='bbox 1132 1259 1205 1320; x_wconf 90' lang='lat' dir='ltr'><strong>rint.</strong></span> 
     </span>
    </p>

    <p class='ocr_par' dir='ltr' id='par_1_6' title="bbox 286 1344 1927 1429">
     <span class='ocr_line' id='line_1_9' title="bbox 286 1344 1927 1429; baseline 0.005 -24"><span class='ocrx_word' id='word_1_90' title='bbox 286 1344 408 1405; x_wconf 92' lang='lat' dir='ltr'><strong>dierum</strong></span> <span class='ocrx_word' id='word_1_91' title='bbox 424 1348 586 1407; x_wconf 84' lang='lat' dir='ltr'><strong>Fastorum</strong></span> <span class='ocrx_word' id='word_1_92' title='bbox 605 1347 645 1407; x_wconf 88' lang='lat' dir='ltr'><strong>de</strong></span> <span class='ocrx_word' id='word_1_93' title='bbox 659 1350 828 1426; x_wconf 75' lang='lat' dir='ltr'><strong>praecepto,</strong></span> <span class='ocrx_word' id='word_1_94' title='bbox 845 1347 884 1408; x_wconf 91' lang='lat' dir='ltr'><strong>de</strong></span> <span class='ocrx_word' id='word_1_95' title='bbox 899 1348 1079 1426; x_wconf 79' lang='lat' dir='ltr'><strong>Apostoliea</strong></span> <span class='ocrx_word' id='word_1_96' title='bbox 1172 1369 1186 1404; x_wconf 82' lang='lat' dir='ltr'><strong>o</strong></span> <span class='ocrx_word' id='word_1_97' title='bbox 1215 1346 1303 1418; x_wconf 84' lang='lat' dir='ltr'><strong>Quod</strong></span> <span class='ocrx_word' id='word_1_98' title='bbox 1327 1351 1432 1409; x_wconf 89' lang='lat' dir='ltr'><strong>autem</strong></span> <span class='ocrx_word' id='word_1_99' title='bbox 1459 1352 1579 1426; x_wconf 86' lang='lat' dir='ltr'><strong>spectat</strong></span> <span class='ocrx_word' id='word_1_100' title='bbox 1602 1351 1641 1411; x_wconf 90' lang='lat' dir='ltr'><strong>ad</strong></span> <span class='ocrx_word' id='word_1_101' title='bbox 1669 1350 1829 1429; x_wconf 78' lang='lat' dir='ltr'><strong>vicarios,</strong></span> <span class='ocrx_word' id='word_1_102' title='bbox 1859 1353 1927 1414; x_wconf 85' lang='lat' dir='ltr'><strong>sive</strong></span> 
     </span>
    </p>
   </div>
   <div class='ocr_carea' id='block_1_4' title="bbox 284 1434 1080 3710">
    <p class='ocr_par' dir='ltr' id='par_1_7' title="bbox 284 1434 1079 2656">
     <span class='ocr_line' id='line_1_10' title="bbox 285 1434 1079 1510; baseline 0.003 -16"><span class='ocrx_word' id='word_1_103' title='bbox 285 1438 393 1495; x_wconf 89' lang='lat' dir='ltr'><strong>nostra</strong></span> <span class='ocrx_word' id='word_1_104' title='bbox 413 1434 565 1495; x_wconf 75' lang='lat' dir='ltr'><strong>auctorite</strong></span> <span class='ocrx_word' id='word_1_105' title='bbox 589 1438 621 1496; x_wconf 90' lang='lat' dir='ltr'><strong>et</strong></span> <span class='ocrx_word' id='word_1_106' title='bbox 633 1452 798 1510; x_wconf 88' lang='lat' dir='ltr'><strong>consensu,</strong></span> <span class='ocrx_word' id='word_1_107' title='bbox 816 1439 944 1496; x_wconf 89' lang='lat' dir='ltr'><strong>eatenus</strong></span> <span class='ocrx_word' id='word_1_108' title='bbox 959 1440 1006 1497; x_wconf 90' lang='lat' dir='ltr'><strong>est</strong></span> <span class='ocrx_word' id='word_1_109' title='bbox 1020 1435 1079 1496; x_wconf 90' lang='lat' dir='ltr'><strong>im-</strong></span> 
     </span>
     <span class='ocr_line' id='line_1_11' title="bbox 285 1522 1078 1602; baseline 0 -18"><span class='ocrx_word' id='word_1_110' title='bbox 285 1522 433 1589; x_wconf 89' lang='lat' dir='ltr'><strong>minutus,</strong></span> <span class='ocrx_word' id='word_1_111' title='bbox 452 1528 486 1582; x_wconf 87' lang='lat' dir='ltr'><strong>ut</strong></span> <span class='ocrx_word' id='word_1_112' title='bbox 499 1540 611 1602; x_wconf 86' lang='lat' dir='ltr'><strong>nempe</strong></span> <span class='ocrx_word' id='word_1_113' title='bbox 625 1523 657 1584; x_wconf 91' lang='lat' dir='ltr'><strong>in</strong></span> <span class='ocrx_word' id='word_1_114' title='bbox 667 1523 822 1600; x_wconf 85' lang='lat' dir='ltr'><strong>aliquibus</strong></span> <span class='ocrx_word' id='word_1_115' title='bbox 838 1523 936 1585; x_wconf 80' lang='lat' dir='ltr'><strong>Fastis</strong></span> <span class='ocrx_word' id='word_1_116' title='bbox 950 1524 1078 1586; x_wconf 88' lang='lat' dir='ltr'><strong>Christi-</strong></span> 
     </span>
     <span class='ocr_line' id='line_1_12' title="bbox 284 1609 1077 1689; baseline 0.004 -19"><span class='ocrx_word' id='word_1_117' title='bbox 284 1609 392 1670; x_wconf 87' lang='lat' dir='ltr'><strong>lideles</strong></span> <span class='ocrx_word' id='word_1_118' title='bbox 416 1614 447 1669; x_wconf 90' lang='lat' dir='ltr'><strong>et</strong></span> <span class='ocrx_word' id='word_1_119' title='bbox 469 1609 596 1672; x_wconf 87' lang='lat' dir='ltr'><strong>Missam</strong></span> <span class='ocrx_word' id='word_1_120' title='bbox 615 1609 723 1670; x_wconf 90' lang='lat' dir='ltr'><strong>audire</strong></span> <span class='ocrx_word' id='word_1_121' title='bbox 746 1613 777 1670; x_wconf 91' lang='lat' dir='ltr'><strong>et</strong></span> <span class='ocrx_word' id='word_1_122' title='bbox 791 1610 831 1670; x_wconf 90' lang='lat' dir='ltr'><strong>ab</strong></span> <span class='ocrx_word' id='word_1_123' title='bbox 853 1610 1000 1689; x_wconf 89' lang='lat' dir='ltr'><strong>operibus</strong></span> <span class='ocrx_word' id='word_1_124' title='bbox 1015 1630 1077 1672; x_wconf 89' lang='lat' dir='ltr'><strong>ser·</strong></span> 
     </span>
     <span class='ocr_line' id='line_1_13' title="bbox 284 1695 1077 1778; baseline 0.004 -20"><span class='ocrx_word' id='word_1_125' title='bbox 284 1697 398 1758; x_wconf 89' lang='lat' dir='ltr'><strong>vilibus</strong></span> <span class='ocrx_word' id='word_1_126' title='bbox 418 1695 575 1758; x_wconf 87' lang='lat' dir='ltr'><strong>abstinere</strong></span> <span class='ocrx_word' id='word_1_127' title='bbox 599 1698 753 1772; x_wconf 89' lang='lat' dir='ltr'><strong>debeant;</strong></span> <span class='ocrx_word' id='word_1_128' title='bbox 778 1697 811 1757; x_wconf 92' lang='lat' dir='ltr'><strong>in</strong></span> <span class='ocrx_word' id='word_1_129' title='bbox 834 1699 903 1759; x_wconf 91' lang='lat' dir='ltr'><strong>aliis</strong></span> <span class='ocrx_word' id='word_1_130' title='bbox 926 1718 1001 1761; x_wconf 90' lang='lat' dir='ltr'><strong>vero</strong></span> <span class='ocrx_word' id='word_1_131' title='bbox 1024 1716 1077 1778; x_wconf 91' lang='lat' dir='ltr'><strong>po·</strong></span> 
     </span>
     <span class='ocr_line' id='line_1_14' title="bbox 285 1785 1075 1865; baseline 0.004 -20"><span class='ocrx_word' id='word_1_132' title='bbox 285 1785 359 1863; x_wconf 91' lang='lat' dir='ltr'><strong>pulo</strong></span> <span class='ocrx_word' id='word_1_133' title='bbox 382 1785 570 1862; x_wconf 89' lang='lat' dir='ltr'><strong>permissum</strong></span> <span class='ocrx_word' id='word_1_134' title='bbox 593 1785 634 1846; x_wconf 91' lang='lat' dir='ltr'><strong>sit</strong></span> <span class='ocrx_word' id='word_1_135' title='bbox 654 1803 751 1865; x_wconf 88' lang='lat' dir='ltr'><strong>opera</strong></span> <span class='ocrx_word' id='word_1_136' title='bbox 771 1786 895 1848; x_wconf 88' lang='lat' dir='ltr'><strong>servilia</strong></span> <span class='ocrx_word' id='word_1_137' title='bbox 918 1805 1075 1864; x_wconf 85' lang='lat' dir='ltr'><strong>exercere,</strong></span> 
     </span>
     <span class='ocr_line' id='line_1_15' title="bbox 285 1872 1078 1952; baseline 0.006 -21"><span class='ocrx_word' id='word_1_138' title='bbox 285 1872 377 1932; x_wconf 85' lang='lat' dir='ltr'><strong>firma</strong></span> <span class='ocrx_word' id='word_1_139' title='bbox 395 1877 577 1934; x_wconf 90' lang='lat' dir='ltr'><strong>remanente</strong></span> <span class='ocrx_word' id='word_1_140' title='bbox 602 1872 791 1952; x_wconf 83' lang='lat' dir='ltr'><strong>obligatione</strong></span> <span class='ocrx_word' id='word_1_141' title='bbox 813 1873 960 1934; x_wconf 91' lang='lat' dir='ltr'><strong>audiendi</strong></span> <span class='ocrx_word' id='word_1_142' title='bbox 977 1876 1078 1936; x_wconf 76' lang='lat' dir='ltr'><strong>Missa</strong></span> 
     </span>
     <span class='ocr_line' id='line_1_16' title="bbox 286 1959 1078 2042; baseline 0.004 -20"><span class='ocrx_word' id='word_1_143' title='bbox 286 1959 501 2034; x_wconf 88' lang='lat' dir='ltr'><strong>Sacrificium;</strong></span> <span class='ocrx_word' id='word_1_144' title='bbox 518 1964 591 2037; x_wconf 90' lang='lat' dir='ltr'><strong>Nos,</strong></span> <span class='ocrx_word' id='word_1_145' title='bbox 609 1967 643 2023; x_wconf 89' lang='lat' dir='ltr'><strong>ut</strong></span> <span class='ocrx_word' id='word_1_146' title='bbox 657 1962 774 2022; x_wconf 78' lang='lat' dir='ltr'><strong>obortae</strong></span> <span class='ocrx_word' id='word_1_147' title='bbox 785 1961 853 2042; x_wconf 88' lang='lat' dir='ltr'><strong>jam</strong></span> <span class='ocrx_word' id='word_1_148' title='bbox 867 1961 1078 2025; x_wconf 86' lang='lat' dir='ltr'><strong>dubitationes</strong></span> 
     </span>
     <span class='ocr_line' id='line_1_17' title="bbox 285 2048 1078 2128; baseline 0.005 -20"><span class='ocrx_word' id='word_1_149' title='bbox 285 2048 370 2109; x_wconf 89' lang='lat' dir='ltr'><strong>circa</strong></span> <span class='ocrx_word' id='word_1_150' title='bbox 390 2065 469 2109; x_wconf 92' lang='lat' dir='ltr'><strong>onus</strong></span> <span class='ocrx_word' id='word_1_151' title='bbox 489 2049 705 2128; x_wconf 87' lang='lat' dir='ltr'><strong>applicationis</strong></span> <span class='ocrx_word' id='word_1_152' title='bbox 724 2049 824 2110; x_wconf 81' lang='lat' dir='ltr'><strong>Missae</strong></span> <span class='ocrx_word' id='word_1_153' title='bbox 840 2051 1031 2112; x_wconf 80' lang='lat' dir='ltr'><strong>Parocnialis</strong></span> <span class='ocrx_word' id='word_1_154' title='bbox 1046 2052 1078 2112; x_wconf 93' lang='lat' dir='ltr'><strong>in</strong></span> 
     </span>
     <span class='ocr_line' id='line_1_18' title="bbox 286 2134 1076 2218; baseline 0.006 -23"><span class='ocrx_word' id='word_1_155' title='bbox 286 2134 464 2217; x_wconf 88' lang='lat' dir='ltr'><strong>hujusmodi</strong></span> <span class='ocrx_word' id='word_1_156' title='bbox 481 2137 590 2199; x_wconf 89' lang='lat' dir='ltr'><strong>diebus</strong></span> <span class='ocrx_word' id='word_1_157' title='bbox 605 2138 715 2215; x_wconf 82' lang='lat' dir='ltr'><strong>Fastis,</strong></span> <span class='ocrx_word' id='word_1_158' title='bbox 728 2138 851 2217; x_wconf 91' lang='lat' dir='ltr'><strong>penitus</strong></span> <span class='ocrx_word' id='word_1_159' title='bbox 866 2138 1076 2218; x_wconf 87' lang='lat' dir='ltr'><strong>eliminentur,</strong></span> 
     </span>
     <span class='ocr_line' id='line_1_19' title="bbox 285 2223 1078 2305; baseline 0.008 -22"><span class='ocrx_word' id='word_1_160' title='bbox 285 2223 451 2286; x_wconf 86' lang='lat' dir='ltr'><strong>statuimus</strong></span> <span class='ocrx_word' id='word_1_161' title='bbox 473 2231 504 2285; x_wconf 89' lang='lat' dir='ltr'><strong>ct</strong></span> <span class='ocrx_word' id='word_1_162' title='bbox 525 2225 731 2302; x_wconf 68' lang='lat' dir='ltr'><strong>declaramus</strong></span> <span class='ocrx_word' id='word_1_163' title='bbox 757 2227 841 2305; x_wconf 93' lang='lat' dir='ltr'><strong>quod</strong></span> <span class='ocrx_word' id='word_1_164' title='bbox 858 2226 952 2288; x_wconf 88' lang='lat' dir='ltr'><strong>ctiam</strong></span> <span class='ocrx_word' id='word_1_165' title='bbox 967 2227 1078 2289; x_wconf 91' lang='lat' dir='ltr'><strong>iisdem</strong></span> 
     </span>
     <span class='ocr_line' id='line_1_20' title="bbox 287 2311 1077 2394; baseline 0.008 -22"><span class='ocrx_word' id='word_1_166' title='bbox 287 2311 385 2372; x_wconf 87' lang='lat' dir='ltr'><strong>Fastis</strong></span> <span class='ocrx_word' id='word_1_167' title='bbox 401 2312 521 2390; x_wconf 89' lang='lat' dir='ltr'><strong>diebus,</strong></span> <span class='ocrx_word' id='word_1_168' title='bbox 539 2313 652 2394; x_wconf 90' lang='lat' dir='ltr'><strong>quihus</strong></span> <span class='ocrx_word' id='word_1_169' title='bbox 662 2315 798 2394; x_wconf 89' lang='lat' dir='ltr'><strong>Populus</strong></span> <span class='ocrx_word' id='word_1_170' title='bbox 812 2314 913 2377; x_wconf 81' lang='lat' dir='ltr'><strong>Missae</strong></span> <span class='ocrx_word' id='word_1_171' title='bbox 927 2315 1077 2378; x_wconf 88' lang='lat' dir='ltr'><strong>interesse</strong></span> 
     </span>
     <span class='ocr_line' id='line_1_21' title="bbox 286 2400 1075 2484; baseline 0.006 -24"><span class='ocrx_word' id='word_1_172' title='bbox 286 2400 381 2463; x_wconf 87' lang='lat' dir='ltr'><strong>debet</strong></span> <span class='ocrx_word' id='word_1_173' title='bbox 403 2405 434 2463; x_wconf 90' lang='lat' dir='ltr'><strong>et</strong></span> <span class='ocrx_word' id='word_1_174' title='bbox 456 2403 620 2464; x_wconf 87' lang='lat' dir='ltr'><strong>servilibus</strong></span> <span class='ocrx_word' id='word_1_175' title='bbox 651 2403 797 2482; x_wconf 89' lang='lat' dir='ltr'><strong>operibus</strong></span> <span class='ocrx_word' id='word_1_176' title='bbox 824 2423 938 2466; x_wconf 87' lang='lat' dir='ltr'><strong>vacare</strong></span> <span class='ocrx_word' id='word_1_177' title='bbox 962 2409 1075 2484; x_wconf 90' lang='lat' dir='ltr'><strong>potest,</strong></span> 
     </span>
     <span class='ocr_line' id='line_1_22' title="bbox 286 2490 1076 2572; baseline 0.006 -23"><span class='ocrx_word' id='word_1_178' title='bbox 286 2506 394 2550; x_wconf 88' lang='lat' dir='ltr'><strong>omnes</strong></span> <span class='ocrx_word' id='word_1_179' title='bbox 409 2490 584 2552; x_wconf 89' lang='lat' dir='ltr'><strong>animarum</strong></span> <span class='ocrx_word' id='word_1_180' title='bbox 599 2509 707 2552; x_wconf 93' lang='lat' dir='ltr'><strong>curam</strong></span> <span class='ocrx_word' id='word_1_181' title='bbox 721 2494 865 2569; x_wconf 83' lang='lat' dir='ltr'><strong>gerentes</strong></span> <span class='ocrx_word' id='word_1_182' title='bbox 879 2493 1005 2554; x_wconf 89' lang='lat' dir='ltr'><strong>Missam</strong></span> <span class='ocrx_word' id='word_1_183' title='bbox 1020 2510 1076 2572; x_wconf 92' lang='lat' dir='ltr'><strong>pro</strong></span> 
     </span>
     <span class='ocr_line' id='line_1_23' title="bbox 286 2575 985 2656; baseline 0.006 -20"><span class='ocrx_word' id='word_1_184' title='bbox 286 2575 405 2654; x_wconf 92' lang='lat' dir='ltr'><strong>Populo</strong></span> <span class='ocrx_word' id='word_1_185' title='bbox 419 2577 577 2638; x_wconf 88' lang='lat' dir='ltr'><strong>celebrare</strong></span> <span class='ocrx_word' id='word_1_186' title='bbox 592 2581 623 2639; x_wconf 90' lang='lat' dir='ltr'><strong>et</strong></span> <span class='ocrx_word' id='word_1_187' title='bbox 637 2577 795 2656; x_wconf 90' lang='lat' dir='ltr'><strong>applicare</strong></span> <span class='ocrx_word' id='word_1_188' title='bbox 809 2582 985 2640; x_wconf 89' lang='lat' dir='ltr'><strong>tencantur.</strong></span> 
     </span>
    </p>

    <p class='ocr_par' dir='ltr' id='par_1_8' title="bbox 285 2663 1080 3710">
     <span class='ocr_line' id='line_1_24' title="bbox 326 2663 1079 2745; baseline 0.007 -24"><span class='ocrx_word' id='word_1_189' title='bbox 326 2685 341 2722; x_wconf 81' lang='lat' dir='ltr'><strong>o</strong></span> <span class='ocrx_word' id='word_1_190' title='bbox 360 2663 521 2736; x_wconf 83' lang='lat' dir='ltr'><strong>Ouiavero</strong></span> <span class='ocrx_word' id='word_1_191' title='bbox 537 2666 901 2744; x_wconf 89' lang='lat' dir='ltr'><strong>proprianonnunquam</strong></span> <span class='ocrx_word' id='word_1_192' title='bbox 916 2667 1079 2745; x_wconf 88' lang='lat' dir='ltr'><strong>experien-</strong></span> 
     </span>
     <span class='ocr_line' id='line_1_25' title="bbox 285 2751 1078 2832; baseline 0.003 -19"><span class='ocrx_word' id='word_1_193' title='bbox 285 2751 330 2813; x_wconf 89' lang='lat' dir='ltr'><strong>tia</strong></span> <span class='ocrx_word' id='word_1_194' title='bbox 357 2751 431 2814; x_wconf 90' lang='lat' dir='ltr'><strong>satis</strong></span> <span class='ocrx_word' id='word_1_195' title='bbox 459 2754 664 2832; x_wconf 89' lang='lat' dir='ltr'><strong>agnovimus,</strong></span> <span class='ocrx_word' id='word_1_196' title='bbox 689 2752 811 2831; x_wconf 89' lang='lat' dir='ltr'><strong>aliquos</strong></span> <span class='ocrx_word' id='word_1_197' title='bbox 834 2772 901 2813; x_wconf 91' lang='lat' dir='ltr'><strong>esse</strong></span> <span class='ocrx_word' id='word_1_198' title='bbox 921 2754 1078 2815; x_wconf 89' lang='lat' dir='ltr'><strong>Paroehos</strong></span> 
     </span>
     <span class='ocr_line' id='line_1_26' title="bbox 286 2839 1078 2923; baseline 0.004 -23"><span class='ocrx_word' id='word_1_199' title='bbox 286 2839 366 2901; x_wconf 91' lang='lat' dir='ltr'><strong>adeo</strong></span> <span class='ocrx_word' id='word_1_200' title='bbox 380 2857 545 2919; x_wconf 89' lang='lat' dir='ltr'><strong>pauperes,</strong></span> <span class='ocrx_word' id='word_1_201' title='bbox 558 2845 593 2902; x_wconf 93' lang='lat' dir='ltr'><strong>ut</strong></span> <span class='ocrx_word' id='word_1_202' title='bbox 605 2841 702 2901; x_wconf 87' lang='lat' dir='ltr'><strong>ferme</strong></span> <span class='ocrx_word' id='word_1_203' title='bbox 717 2860 755 2900; x_wconf 83' lang='lat' dir='ltr'><strong>ex</strong></span> <span class='ocrx_word' id='word_1_204' title='bbox 766 2841 982 2919; x_wconf 88' lang='lat' dir='ltr'><strong>eleemosynis,</strong></span> <span class='ocrx_word' id='word_1_205' title='bbox 1000 2861 1078 2923; x_wconf 88' lang='lat' dir='ltr'><strong>quas</strong></span> 
     </span>
     <span class='ocr_line' id='line_1_27' title="bbox 286 2927 1079 3006; baseline 0.005 -19"><span class='ocrx_word' id='word_1_206' title='bbox 286 2945 306 2987; x_wconf 93' lang='lat' dir='ltr'><strong>a</strong></span> <span class='ocrx_word' id='word_1_207' title='bbox 326 2927 484 2988; x_wconf 88' lang='lat' dir='ltr'><strong>Fidelibus</strong></span> <span class='ocrx_word' id='word_1_208' title='bbox 507 2946 564 3006; x_wconf 89' lang='lat' dir='ltr'><strong>pro</strong></span> <span class='ocrx_word' id='word_1_209' title='bbox 579 2929 744 2990; x_wconf 89' lang='lat' dir='ltr'><strong>Missarum</strong></span> <span class='ocrx_word' id='word_1_210' title='bbox 763 2928 974 2990; x_wconf 86' lang='lat' dir='ltr'><strong>celebratione</strong></span> <span class='ocrx_word' id='word_1_211' title='bbox 996 2929 1079 2991; x_wconf 88' lang='lat' dir='ltr'><strong>acci-</strong></span> 
     </span>
     <span class='ocr_line' id='line_1_28' title="bbox 285 3015 1079 3098; baseline 0.004 -22"><span class='ocrx_word' id='word_1_212' title='bbox 285 3015 386 3096; x_wconf 87' lang='lat' dir='ltr'><strong>piunt,</strong></span> <span class='ocrx_word' id='word_1_213' title='bbox 402 3017 507 3077; x_wconf 85' lang='lat' dir='ltr'><strong>vivere</strong></span> <span class='ocrx_word' id='word_1_214' title='bbox 522 3022 692 3097; x_wconf 82' lang='lat' dir='ltr'><strong>cogantur3</strong></span> <span class='ocrx_word' id='word_1_215' title='bbox 705 3035 758 3078; x_wconf 88' lang='lat' dir='ltr'><strong>eos</strong></span> <span class='ocrx_word' id='word_1_216' title='bbox 772 3035 846 3078; x_wconf 85' lang='lat' dir='ltr'><strong>vero</strong></span> <span class='ocrx_word' id='word_1_217' title='bbox 863 3019 927 3098; x_wconf 90' lang='lat' dir='ltr'><strong>qui,</strong></span> <span class='ocrx_word' id='word_1_218' title='bbox 939 3019 1079 3079; x_wconf 83' lang='lat' dir='ltr'><strong>Ecclesia</strong></span> 
     </span>
     <span class='ocr_line' id='line_1_29' title="bbox 286 3103 1079 3181; baseline 0.003 -17"><span class='ocrx_word' id='word_1_219' title='bbox 286 3103 459 3166; x_wconf 87' lang='lat' dir='ltr'><strong>Perochiali</strong></span> <span class='ocrx_word' id='word_1_220' title='bbox 474 3109 616 3181; x_wconf 88' lang='lat' dir='ltr'><strong>vacante,</strong></span> <span class='ocrx_word' id='word_1_221' title='bbox 629 3105 669 3166; x_wconf 92' lang='lat' dir='ltr'><strong>ad</strong></span> <span class='ocrx_word' id='word_1_222' title='bbox 685 3105 860 3167; x_wconf 88' lang='lat' dir='ltr'><strong>animarum</strong></span> <span class='ocrx_word' id='word_1_223' title='bbox 871 3123 979 3166; x_wconf 90' lang='lat' dir='ltr'><strong>euram</strong></span> <span class='ocrx_word' id='word_1_224' title='bbox 990 3125 1079 3168; x_wconf 86' lang='lat' dir='ltr'><strong>exer-</strong></span> 
     </span>
     <span class='ocr_line' id='line_1_30' title="bbox 286 3192 1076 3271; baseline 0.001 -18"><span class='ocrx_word' id='word_1_225' title='bbox 286 3192 434 3269; x_wconf 89' lang='lat' dir='ltr'><strong>cendam,</strong></span> <span class='ocrx_word' id='word_1_226' title='bbox 451 3193 509 3253; x_wconf 92' lang='lat' dir='ltr'><strong>sub</strong></span> <span class='ocrx_word' id='word_1_227' title='bbox 528 3193 644 3255; x_wconf 78' lang='lat' dir='ltr'><strong>vicarii</strong></span> <span class='ocrx_word' id='word_1_228' title='bbox 667 3211 723 3254; x_wconf 89' lang='lat' dir='ltr'><strong>sou</strong></span> <span class='ocrx_word' id='word_1_229' title='bbox 743 3193 911 3255; x_wconf 87' lang='lat' dir='ltr'><strong>OEeonomi</strong></span> <span class='ocrx_word' id='word_1_230' title='bbox 932 3195 1076 3271; x_wconf 92' lang='lat' dir='ltr'><strong>nomine,</strong></span> 
     </span>
     <span class='ocr_line' id='line_1_31' title="bbox 286 3279 1080 3360; baseline 0.003 -20"><span class='ocrx_word' id='word_1_231' title='bbox 286 3279 488 3358; x_wconf 88' lang='lat' dir='ltr'><strong>deputantur,</strong></span> <span class='ocrx_word' id='word_1_232' title='bbox 504 3281 659 3360; x_wconf 87' lang='lat' dir='ltr'><strong>aliquibus</strong></span> <span class='ocrx_word' id='word_1_233' title='bbox 673 3281 705 3340; x_wconf 94' lang='lat' dir='ltr'><strong>in</strong></span> <span class='ocrx_word' id='word_1_234' title='bbox 719 3280 796 3342; x_wconf 89' lang='lat' dir='ltr'><strong>locis</strong></span> <span class='ocrx_word' id='word_1_235' title='bbox 817 3281 895 3342; x_wconf 88' lang='lat' dir='ltr'><strong>adeo</strong></span> <span class='ocrx_word' id='word_1_236' title='bbox 917 3281 1080 3343; x_wconf 89' lang='lat' dir='ltr'><strong>illiberali-</strong></span> 
     </span>
     <span class='ocr_line' id='line_1_32' title="bbox 285 3368 1076 3447; baseline 0.003 -18"><span class='ocrx_word' id='word_1_237' title='bbox 285 3372 335 3429; x_wconf 87' lang='lat' dir='ltr'><strong>ter</strong></span> <span class='ocrx_word' id='word_1_238' title='bbox 348 3368 473 3429; x_wconf 91' lang='lat' dir='ltr'><strong>traetari</strong></span> <span class='ocrx_word' id='word_1_239' title='bbox 487 3415 495 3445; x_wconf 95' lang='lat'><strong>,</strong></span> <span class='ocrx_word' id='word_1_240' title='bbox 512 3373 546 3430; x_wconf 93' lang='lat' dir='ltr'><strong>ut</strong></span> <span class='ocrx_word' id='word_1_241' title='bbox 559 3369 662 3447; x_wconf 85' lang='lat' dir='ltr'><strong>exigui</strong></span> <span class='ocrx_word' id='word_1_242' title='bbox 678 3368 796 3429; x_wconf 90' lang='lat' dir='ltr'><strong>reditus</strong></span> <span class='ocrx_word' id='word_1_243' title='bbox 809 3369 885 3447; x_wconf 92' lang='lat' dir='ltr'><strong>ipsis</strong></span> <span class='ocrx_word' id='word_1_244' title='bbox 905 3370 1076 3447; x_wconf 85' lang='lat' dir='ltr'><strong>constituti,</strong></span> 
     </span>
     <span class='ocr_line' id='line_1_33' title="bbox 285 3455 1078 3533; baseline 0.004 -18"><span class='ocrx_word' id='word_1_245' title='bbox 285 3457 318 3515; x_wconf 89' lang='lat' dir='ltr'><strong>et</strong></span> <span class='ocrx_word' id='word_1_246' title='bbox 344 3473 445 3533; x_wconf 90' lang='lat' dir='ltr'><strong>pauca</strong></span> <span class='ocrx_word' id='word_1_247' title='bbox 468 3455 587 3518; x_wconf 89' lang='lat' dir='ltr'><strong>incerta</strong></span> <span class='ocrx_word' id='word_1_248' title='bbox 610 3457 821 3518; x_wconf 87' lang='lat' dir='ltr'><strong>emolumenta</strong></span> <span class='ocrx_word' id='word_1_249' title='bbox 844 3456 961 3517; x_wconf 91' lang='lat' dir='ltr'><strong>eisdem</strong></span> <span class='ocrx_word' id='word_1_250' title='bbox 985 3457 1078 3518; x_wconf 88' lang='lat' dir='ltr'><strong>obve-</strong></span> 
     </span>
     <span class='ocr_line' id='line_1_34' title="bbox 286 3540 1079 3620; baseline 0.008 -20"><span class='ocrx_word' id='word_1_251' title='bbox 286 3540 420 3618; x_wconf 89' lang='lat' dir='ltr'><strong>nientia,</strong></span> <span class='ocrx_word' id='word_1_252' title='bbox 437 3561 520 3620; x_wconf 69' lang='lat' dir='ltr'><strong>aegra</strong></span> <span class='ocrx_word' id='word_1_253' title='bbox 535 3543 576 3604; x_wconf 91' lang='lat' dir='ltr'><strong>ad</strong></span> <span class='ocrx_word' id='word_1_254' title='bbox 590 3553 699 3603; x_wconf 89' lang='lat' dir='ltr'><strong>eorum</strong></span> <span class='ocrx_word' id='word_1_255' title='bbox 713 3543 784 3602; x_wconf 84' lang='lat' dir='ltr'><strong>ritae</strong></span> <span class='ocrx_word' id='word_1_256' title='bbox 801 3544 978 3605; x_wconf 88' lang='lat' dir='ltr'><strong>neccssaria</strong></span> <span class='ocrx_word' id='word_1_257' title='bbox 992 3545 1079 3606; x_wconf 86' lang='lat' dir='ltr'><strong>sulti-</strong></span> 
     </span>
     <span class='ocr_line' id='line_1_35' title="bbox 285 3626 1076 3710; baseline 0.006 -21"><span class='ocrx_word' id='word_1_258' title='bbox 285 3626 383 3701; x_wconf 87' lang='lat' dir='ltr'><strong>oiant;</strong></span> <span class='ocrx_word' id='word_1_259' title='bbox 397 3631 480 3708; x_wconf 94' lang='lat' dir='ltr'><strong>quod</strong></span> <span class='ocrx_word' id='word_1_260' title='bbox 495 3629 532 3691; x_wconf 90' lang='lat' dir='ltr'><strong>iis</strong></span> <span class='ocrx_word' id='word_1_261' title='bbox 547 3649 670 3710; x_wconf 91' lang='lat' dir='ltr'><strong>quoque</strong></span> <span class='ocrx_word' id='word_1_262' title='bbox 683 3648 745 3690; x_wconf 91' lang='lat' dir='ltr'><strong>non</strong></span> <span class='ocrx_word' id='word_1_263' title='bbox 760 3646 830 3690; x_wconf 87' lang='lat' dir='ltr'><strong>raro</strong></span> <span class='ocrx_word' id='word_1_264' title='bbox 847 3631 971 3692; x_wconf 90' lang='lat' dir='ltr'><strong>evenire</strong></span> <span class='ocrx_word' id='word_1_265' title='bbox 986 3633 1076 3709; x_wconf 91' lang='lat' dir='ltr'><strong>solet,</strong></span> 
     </span>
    </p>
   </div>
   <div class='ocr_carea' id='block_1_5' title="bbox 1131 1435 1931 3713">
    <p class='ocr_par' dir='ltr' id='par_1_9' title="bbox 1131 1435 1931 3450">
     <span class='ocr_line' id='line_1_36' title="bbox 1132 1435 1928 1520; baseline 0.008 -24"><span class='ocrx_word' id='word_1_266' title='bbox 1132 1435 1325 1497; x_wconf 89' lang='lat' dir='ltr'><strong>OEconomos</strong></span> <span class='ocrx_word' id='word_1_267' title='bbox 1343 1435 1552 1497; x_wconf 89' lang='lat' dir='ltr'><strong>Ecclesiarum</strong></span> <span class='ocrx_word' id='word_1_268' title='bbox 1573 1439 1772 1515; x_wconf 88' lang='lat' dir='ltr'><strong>vacantium,</strong></span> <span class='ocrx_word' id='word_1_269' title='bbox 1794 1459 1891 1520; x_wconf 90' lang='lat' dir='ltr'><strong>quum</strong></span> <span class='ocrx_word' id='word_1_270' title='bbox 1907 1460 1928 1502; x_wconf 91' lang='lat' dir='ltr'><strong>a</strong></span> 
     </span>
     <span class='ocr_line' id='line_1_37' title="bbox 1133 1523 1926 1604; baseline 0.006 -19"><span class='ocrx_word' id='word_1_271' title='bbox 1133 1525 1228 1586; x_wconf 88' lang='lat' dir='ltr'><strong>Sacro</strong></span> <span class='ocrx_word' id='word_1_272' title='bbox 1247 1523 1332 1586; x_wconf 88' lang='lat' dir='ltr'><strong>Trid.</strong></span> <span class='ocrx_word' id='word_1_273' title='bbox 1356 1526 1449 1585; x_wconf 87' lang='lat' dir='ltr'><strong>Cone.</strong></span> <span class='ocrx_word' id='word_1_274' title='bbox 1465 1524 1512 1585; x_wconf 82' lang='lat' dir='ltr'><strong>eit.</strong></span> <span class='ocrx_word' id='word_1_275' title='bbox 1538 1544 1602 1586; x_wconf 81' lang='lat' dir='ltr'><strong>sess.</strong></span> <span class='ocrx_word' id='word_1_276' title='bbox 1620 1529 1669 1602; x_wconf 74' lang='lat' dir='ltr'><strong>El,</strong></span> <span class='ocrx_word' id='word_1_277' title='bbox 1686 1545 1711 1588; x_wconf 84' lang='lat' dir='ltr'><strong>c.</strong></span> <span class='ocrx_word' id='word_1_278' title='bbox 1730 1530 1778 1604; x_wconf 90' lang='lat' dir='ltr'><strong>l8,</strong></span> <span class='ocrx_word' id='word_1_279' title='bbox 1796 1528 1926 1590; x_wconf 88' lang='lat' dir='ltr'><strong>cuilibet</strong></span> 
     </span>
     <span class='ocr_line' id='line_1_38' title="bbox 1131 1611 1925 1692; baseline 0.005 -20"><span class='ocrx_word' id='word_1_280' title='bbox 1131 1611 1284 1691; x_wconf 83' lang='lat' dir='ltr'><strong>Episcopo</strong></span> <span class='ocrx_word' id='word_1_281' title='bbox 1304 1611 1459 1672; x_wconf 91' lang='lat' dir='ltr'><strong>tribuatur</strong></span> <span class='ocrx_word' id='word_1_282' title='bbox 1479 1611 1612 1674; x_wconf 84' lang='lat' dir='ltr'><strong>facultas</strong></span> <span class='ocrx_word' id='word_1_283' title='bbox 1632 1631 1686 1674; x_wconf 91' lang='lat' dir='ltr'><strong>eos</strong></span> <span class='ocrx_word' id='word_1_284' title='bbox 1704 1613 1877 1692; x_wconf 88' lang='lat' dir='ltr'><strong>deputandi</strong></span> <span class='ocrx_word' id='word_1_285' title='bbox 1893 1617 1925 1677; x_wconf 89' lang='lat' dir='ltr'><strong>et</strong></span> 
     </span>
     <span class='ocr_line' id='line_1_39' title="bbox 1131 1699 1927 1782; baseline 0.004 -21"><span class='ocrx_word' id='word_1_286' title='bbox 1131 1699 1357 1776; x_wconf 90' lang='lat' dir='ltr'><strong>constituendi,</strong></span> <span class='ocrx_word' id='word_1_287' title='bbox 1374 1718 1439 1760; x_wconf 83' lang='lat' dir='ltr'><strong>eam</strong></span> <span class='ocrx_word' id='word_1_288' title='bbox 1453 1717 1594 1780; x_wconf 72' lang='lat' dir='ltr'><strong>congruo,</strong></span> <span class='ocrx_word' id='word_1_289' title='bbox 1611 1700 1672 1781; x_wconf 68' lang='lat' dir='ltr'><strong>ejus</strong></span> <span class='ocrx_word' id='word_1_290' title='bbox 1682 1700 1825 1780; x_wconf 84' lang='lat' dir='ltr'><strong>arbitrio,</strong></span> <span class='ocrx_word' id='word_1_291' title='bbox 1841 1702 1927 1782; x_wconf 74' lang='lat' dir='ltr'><strong>(ruo-</strong></span> 
     </span>
     <span class='ocr_line' id='line_1_40' title="bbox 1131 1786 1924 1867; baseline 0.009 -23"><span class='ocrx_word' id='word_1_292' title='bbox 1131 1794 1214 1846; x_wconf 83' lang='lat' dir='ltr'><strong>tcom</strong></span> <span class='ocrx_word' id='word_1_293' title='bbox 1225 1787 1367 1866; x_wconf 79' lang='lat' dir='ltr'><strong>portionis</strong></span> <span class='ocrx_word' id='word_1_294' title='bbox 1379 1786 1590 1867; x_wconf 65' lang='lat' dir='ltr'><strong>melpomene:</strong></span> <span class='ocrx_word' id='word_1_295' title='bbox 1604 1792 1743 1848; x_wconf 87' lang='lat' dir='ltr'><strong>vestrum</strong></span> <span class='ocrx_word' id='word_1_296' title='bbox 1758 1788 1828 1865; x_wconf 86' lang='lat' dir='ltr'><strong>erit,</strong></span> <span class='ocrx_word' id='word_1_297' title='bbox 1844 1790 1924 1851; x_wconf 84' lang='lat' dir='ltr'><strong>Van.</strong></span> 
     </span>
     <span class='ocr_line' id='line_1_41' title="bbox 1132 1875 1927 1955; baseline 0.004 -20"><span class='ocrx_word' id='word_1_298' title='bbox 1132 1877 1272 1951; x_wconf 86' lang='lat' dir='ltr'><strong>Fratres,</strong></span> <span class='ocrx_word' id='word_1_299' title='bbox 1288 1892 1361 1935; x_wconf 88' lang='lat' dir='ltr'><strong>cum</strong></span> <span class='ocrx_word' id='word_1_300' title='bbox 1375 1875 1413 1936; x_wconf 92' lang='lat' dir='ltr'><strong>iis</strong></span> <span class='ocrx_word' id='word_1_301' title='bbox 1427 1893 1540 1954; x_wconf 90' lang='lat' dir='ltr'><strong>agere,</strong></span> <span class='ocrx_word' id='word_1_302' title='bbox 1557 1875 1610 1955; x_wconf 94' lang='lat' dir='ltr'><strong>qui</strong></span> <span class='ocrx_word' id='word_1_303' title='bbox 1625 1875 1767 1937; x_wconf 87' lang='lat' dir='ltr'><strong>vacantis</strong></span> <span class='ocrx_word' id='word_1_304' title='bbox 1777 1876 1927 1938; x_wconf 80' lang='lat' dir='ltr'><strong>Ecclesiae</strong></span> 
     </span>
     <span class='ocr_line' id='line_1_42' title="bbox 1131 1960 1928 2043; baseline 0.003 -21"><span class='ocrx_word' id='word_1_305' title='bbox 1131 1961 1250 2022; x_wconf 81' lang='lat' dir='ltr'><strong>fructus</strong></span> <span class='ocrx_word' id='word_1_306' title='bbox 1265 1960 1402 2041; x_wconf 88' lang='lat' dir='ltr'><strong>exigunt,</strong></span> <span class='ocrx_word' id='word_1_307' title='bbox 1421 1965 1455 2022; x_wconf 93' lang='lat' dir='ltr'><strong>ut</strong></span> <span class='ocrx_word' id='word_1_308' title='bbox 1470 1962 1573 2040; x_wconf 88' lang='lat' dir='ltr'><strong>egenti</strong></span> <span class='ocrx_word' id='word_1_309' title='bbox 1589 1961 1724 2039; x_wconf 85' lang='lat' dir='ltr'><strong>Vicario,</strong></span> <span class='ocrx_word' id='word_1_310' title='bbox 1741 1961 1795 2043; x_wconf 90' lang='lat' dir='ltr'><strong>qui</strong></span> <span class='ocrx_word' id='word_1_311' title='bbox 1813 1963 1928 2042; x_wconf 85' lang='lat' dir='ltr'><strong>exigua</strong></span> 
     </span>
     <span class='ocr_line' id='line_1_43' title="bbox 1132 2049 1927 2131; baseline 0.006 -22"><span class='ocrx_word' id='word_1_312' title='bbox 1132 2049 1311 2130; x_wconf 88' lang='lat' dir='ltr'><strong>hujusmodi</strong></span> <span class='ocrx_word' id='word_1_313' title='bbox 1347 2053 1506 2112; x_wconf 87' lang='lat' dir='ltr'><strong>certorum</strong></span> <span class='ocrx_word' id='word_1_314' title='bbox 1535 2050 1692 2112; x_wconf 81' lang='lat' dir='ltr'><strong>fructuum</strong></span> <span class='ocrx_word' id='word_1_315' title='bbox 1715 2051 1927 2131; x_wconf 81' lang='lat' dir='ltr'><strong>assignatione</strong></span> 
     </span>
     <span class='ocr_line' id='line_1_44' title="bbox 1131 2137 1929 2219; baseline 0.006 -21"><span class='ocrx_word' id='word_1_316' title='bbox 1131 2137 1301 2219; x_wconf 90' lang='lat' dir='ltr'><strong>paucisque</strong></span> <span class='ocrx_word' id='word_1_317' title='bbox 1323 2138 1448 2200; x_wconf 89' lang='lat' dir='ltr'><strong>incertis</strong></span> <span class='ocrx_word' id='word_1_318' title='bbox 1467 2139 1671 2218; x_wconf 88' lang='lat' dir='ltr'><strong>proventibus</strong></span> <span class='ocrx_word' id='word_1_319' title='bbox 1685 2139 1834 2219; x_wconf 87' lang='lat' dir='ltr'><strong>gaudeat,</strong></span> <span class='ocrx_word' id='word_1_320' title='bbox 1852 2160 1929 2202; x_wconf 89' lang='lat' dir='ltr'><strong>con-</strong></span> 
     </span>
     <span class='ocr_line' id='line_1_45' title="bbox 1131 2227 1926 2308; baseline 0.005 -22"><span class='ocrx_word' id='word_1_321' title='bbox 1131 2245 1245 2307; x_wconf 88' lang='lat' dir='ltr'><strong>gruum</strong></span> <span class='ocrx_word' id='word_1_322' title='bbox 1273 2227 1400 2306; x_wconf 88' lang='lat' dir='ltr'><strong>aliquod</strong></span> <span class='ocrx_word' id='word_1_323' title='bbox 1428 2231 1633 2307; x_wconf 88' lang='lat' dir='ltr'><strong>augmentum</strong></span> <span class='ocrx_word' id='word_1_324' title='bbox 1662 2227 1842 2306; x_wconf 74' lang='lat' dir='ltr'><strong>prebeatur</strong></span> <span class='ocrx_word' id='word_1_325' title='bbox 1868 2247 1926 2308; x_wconf 88' lang='lat' dir='ltr'><strong>pro</strong></span> 
     </span>
     <span class='ocr_line' id='line_1_46' title="bbox 1133 2314 1928 2396; baseline 0.001 -20"><span class='ocrx_word' id='word_1_326' title='bbox 1133 2332 1227 2376; x_wconf 90' lang='lat' dir='ltr'><strong>onere</strong></span> <span class='ocrx_word' id='word_1_327' title='bbox 1242 2314 1420 2376; x_wconf 86' lang='lat' dir='ltr'><strong>celebrandi</strong></span> <span class='ocrx_word' id='word_1_328' title='bbox 1436 2319 1467 2377; x_wconf 95' lang='lat' dir='ltr'><strong>et</strong></span> <span class='ocrx_word' id='word_1_329' title='bbox 1481 2315 1659 2394; x_wconf 88' lang='lat' dir='ltr'><strong>applicandi</strong></span> <span class='ocrx_word' id='word_1_330' title='bbox 1669 2315 1796 2378; x_wconf 88' lang='lat' dir='ltr'><strong>Missam</strong></span> <span class='ocrx_word' id='word_1_331' title='bbox 1806 2333 1862 2395; x_wconf 91' lang='lat' dir='ltr'><strong>pro</strong></span> <span class='ocrx_word' id='word_1_332' title='bbox 1873 2333 1928 2396; x_wconf 88' lang='lat' dir='ltr'><strong>po-</strong></span> 
     </span>
     <span class='ocr_line' id='line_1_47' title="bbox 1131 2401 1926 2482; baseline 0 -19"><span class='ocrx_word' id='word_1_333' title='bbox 1131 2403 1205 2482; x_wconf 91' lang='lat' dir='ltr'><strong>pulo</strong></span> <span class='ocrx_word' id='word_1_334' title='bbox 1227 2402 1338 2463; x_wconf 86' lang='lat' dir='ltr'><strong>diebus</strong></span> <span class='ocrx_word' id='word_1_335' title='bbox 1355 2401 1452 2464; x_wconf 78' lang='lat' dir='ltr'><strong>festis,</strong></span> <span class='ocrx_word' id='word_1_336' title='bbox 1475 2405 1672 2481; x_wconf 74' lang='lat' dir='ltr'><strong>Quapropter</strong></span> <span class='ocrx_word' id='word_1_337' title='bbox 1691 2422 1748 2482; x_wconf 92' lang='lat' dir='ltr'><strong>pro</strong></span> <span class='ocrx_word' id='word_1_338' title='bbox 1770 2404 1808 2464; x_wconf 91' lang='lat' dir='ltr'><strong>iis</strong></span> <span class='ocrx_word' id='word_1_339' title='bbox 1830 2403 1926 2480; x_wconf 94' lang='lat' dir='ltr'><strong>locis,</strong></span> 
     </span>
     <span class='ocr_line' id='line_1_48' title="bbox 1132 2490 1927 2570; baseline 0 -18"><span class='ocrx_word' id='word_1_340' title='bbox 1132 2492 1164 2552; x_wconf 90' lang='lat' dir='ltr'><strong>in</strong></span> <span class='ocrx_word' id='word_1_341' title='bbox 1186 2491 1298 2570; x_wconf 87' lang='lat' dir='ltr'><strong>quibus</strong></span> <span class='ocrx_word' id='word_1_342' title='bbox 1322 2490 1531 2552; x_wconf 85' lang='lat' dir='ltr'><strong>Ecclesiarum</strong></span> <span class='ocrx_word' id='word_1_343' title='bbox 1553 2492 1732 2553; x_wconf 87' lang='lat' dir='ltr'><strong>vacantium</strong></span> <span class='ocrx_word' id='word_1_344' title='bbox 1751 2491 1872 2554; x_wconf 83' lang='lat' dir='ltr'><strong>fructus</strong></span> <span class='ocrx_word' id='word_1_345' title='bbox 1886 2492 1927 2553; x_wconf 88' lang='lat' dir='ltr'><strong>ad</strong></span> 
     </span>
     <span class='ocr_line' id='line_1_49' title="bbox 1132 2577 1928 2656; baseline 0.001 -18"><span class='ocrx_word' id='word_1_346' title='bbox 1132 2577 1332 2639; x_wconf 90' lang='lat' dir='ltr'><strong>commodum</strong></span> <span class='ocrx_word' id='word_1_347' title='bbox 1357 2578 1496 2639; x_wconf 87' lang='lat' dir='ltr'><strong>Gamerae</strong></span> <span class='ocrx_word' id='word_1_348' title='bbox 1515 2580 1635 2639; x_wconf 73' lang='lat' dir='ltr'><strong>Nostrae</strong></span> <span class='ocrx_word' id='word_1_349' title='bbox 1657 2577 1844 2656; x_wconf 77' lang='lat' dir='ltr'><strong>Apostolicee</strong></span> <span class='ocrx_word' id='word_1_350' title='bbox 1863 2578 1928 2639; x_wconf 83' lang='lat' dir='ltr'><strong>exi-</strong></span> 
     </span>
     <span class='ocr_line' id='line_1_50' title="bbox 1132 2665 1928 2746; baseline 0.004 -22"><span class='ocrx_word' id='word_1_351' title='bbox 1132 2669 1259 2746; x_wconf 89' lang='lat' dir='ltr'><strong>guntur,</strong></span> <span class='ocrx_word' id='word_1_352' title='bbox 1276 2668 1453 2742; x_wconf 90' lang='lat' dir='ltr'><strong>opportuna</strong></span> <span class='ocrx_word' id='word_1_353' title='bbox 1466 2665 1675 2726; x_wconf 74' lang='lat' dir='ltr'><strong>‘thesaurario</strong></span> <span class='ocrx_word' id='word_1_354' title='bbox 1693 2669 1806 2726; x_wconf 88' lang='lat' dir='ltr'><strong>Nostro</strong></span> <span class='ocrx_word' id='word_1_355' title='bbox 1826 2667 1928 2728; x_wconf 87' lang='lat' dir='ltr'><strong>Gene-</strong></span> 
     </span>
     <span class='ocr_line' id='line_1_51' title="bbox 1132 2753 1928 2835; baseline 0.001 -20"><span class='ocrx_word' id='word_1_356' title='bbox 1132 2754 1190 2815; x_wconf 92' lang='lat' dir='ltr'><strong>rali</strong></span> <span class='ocrx_word' id='word_1_357' title='bbox 1214 2753 1365 2815; x_wconf 88' lang='lat' dir='ltr'><strong>mandata</strong></span> <span class='ocrx_word' id='word_1_358' title='bbox 1388 2753 1570 2833; x_wconf 82' lang='lat' dir='ltr'><strong>dirigimus,</strong></span> <span class='ocrx_word' id='word_1_359' title='bbox 1596 2772 1666 2835; x_wconf 84' lang='lat' dir='ltr'><strong>quae</strong></span> <span class='ocrx_word' id='word_1_360' title='bbox 1689 2754 1717 2815; x_wconf 91' lang='lat' dir='ltr'><strong>is</strong></span> <span class='ocrx_word' id='word_1_361' title='bbox 1741 2753 1928 2816; x_wconf 88' lang='lat' dir='ltr'><strong>denuntiare</strong></span> 
     </span>
     <span class='ocr_line' id='line_1_52' title="bbox 1133 2841 1929 2920; baseline 0.003 -19"><span class='ocrx_word' id='word_1_362' title='bbox 1133 2859 1194 2902; x_wconf 92' lang='lat' dir='ltr'><strong>non</strong></span> <span class='ocrx_word' id='word_1_363' title='bbox 1209 2841 1427 2919; x_wconf 88' lang='lat' dir='ltr'><strong>praetermittet</strong></span> <span class='ocrx_word' id='word_1_364' title='bbox 1441 2842 1652 2920; x_wconf 88' lang='lat' dir='ltr'><strong>peculiaribus</strong></span> <span class='ocrx_word' id='word_1_365' title='bbox 1671 2841 1826 2904; x_wconf 90' lang='lat' dir='ltr'><strong>dictorum</strong></span> <span class='ocrx_word' id='word_1_366' title='bbox 1842 2842 1929 2903; x_wconf 92' lang='lat' dir='ltr'><strong>loco-</strong></span> 
     </span>
     <span class='ocr_line' id='line_1_53' title="bbox 1132 2929 1930 3010; baseline 0.001 -20"><span class='ocrx_word' id='word_1_367' title='bbox 1132 2947 1203 2990; x_wconf 89' lang='lat' dir='ltr'><strong>rnm</strong></span> <span class='ocrx_word' id='word_1_368' title='bbox 1211 2929 1446 2998; x_wconf 80' lang='lat' dir='ltr'><strong>collectoribus,</strong></span> <span class='ocrx_word' id='word_1_369' title='bbox 1459 2948 1531 2990; x_wconf 90' lang='lat' dir='ltr'><strong>cum</strong></span> <span class='ocrx_word' id='word_1_370' title='bbox 1542 2930 1655 3010; x_wconf 89' lang='lat' dir='ltr'><strong>quibus</strong></span> <span class='ocrx_word' id='word_1_371' title='bbox 1666 2929 1811 3008; x_wconf 91' lang='lat' dir='ltr'><strong>Episcopi</strong></span> <span class='ocrx_word' id='word_1_372' title='bbox 1821 2931 1930 2992; x_wconf 90' lang='lat' dir='ltr'><strong>Eccle-</strong></span> 
     </span>
     <span class='ocr_line' id='line_1_54' title="bbox 1132 3017 1930 3098; baseline 0.003 -20"><span class='ocrx_word' id='word_1_373' title='bbox 1132 3017 1265 3080; x_wconf 82' lang='lat' dir='ltr'><strong>siasticoe</strong></span> <span class='ocrx_word' id='word_1_374' title='bbox 1285 3020 1405 3080; x_wconf 87' lang='lat' dir='ltr'><strong>Nostrae</strong></span> <span class='ocrx_word' id='word_1_375' title='bbox 1421 3018 1553 3080; x_wconf 84' lang='lat' dir='ltr'><strong>Ditionis</strong></span> <span class='ocrx_word' id='word_1_376' title='bbox 1575 3022 1823 3098; x_wconf 76' lang='lat' dir='ltr'><strong>caeterorumque</strong></span> <span class='ocrx_word' id='word_1_377' title='bbox 1843 3019 1930 3080; x_wconf 90' lang='lat' dir='ltr'><strong>loco-</strong></span> 
     </span>
     <span class='ocr_line' id='line_1_55' title="bbox 1132 3105 1930 3186; baseline 0.003 -20"><span class='ocrx_word' id='word_1_378' title='bbox 1132 3125 1214 3182; x_wconf 88' lang='lat' dir='ltr'><strong>rum,</strong></span> <span class='ocrx_word' id='word_1_379' title='bbox 1230 3105 1261 3166; x_wconf 94' lang='lat' dir='ltr'><strong>in</strong></span> <span class='ocrx_word' id='word_1_380' title='bbox 1277 3106 1400 3186; x_wconf 87' lang='lat' dir='ltr'><strong>quibus,</strong></span> <span class='ocrx_word' id='word_1_381' title='bbox 1418 3110 1452 3168; x_wconf 91' lang='lat' dir='ltr'><strong>ut</strong></span> <span class='ocrx_word' id='word_1_382' title='bbox 1465 3107 1640 3186; x_wconf 84' lang='lat' dir='ltr'><strong>praefertur,</strong></span> <span class='ocrx_word' id='word_1_383' title='bbox 1653 3106 1865 3168; x_wconf 89' lang='lat' dir='ltr'><strong>Ecclesiarum</strong></span> <span class='ocrx_word' id='word_1_384' title='bbox 1875 3125 1930 3168; x_wconf 84' lang='lat' dir='ltr'><strong>va·</strong></span> 
     </span>
     <span class='ocr_line' id='line_1_56' title="bbox 1133 3193 1931 3274; baseline 0.001 -19"><span class='ocrx_word' id='word_1_385' title='bbox 1133 3194 1270 3255; x_wconf 88' lang='lat' dir='ltr'><strong>cantium</strong></span> <span class='ocrx_word' id='word_1_386' title='bbox 1285 3193 1404 3254; x_wconf 84' lang='lat' dir='ltr'><strong>fructus</strong></span> <span class='ocrx_word' id='word_1_387' title='bbox 1426 3195 1466 3255; x_wconf 91' lang='lat' dir='ltr'><strong>ad</strong></span> <span class='ocrx_word' id='word_1_388' title='bbox 1481 3197 1645 3256; x_wconf 79' lang='lat' dir='ltr'><strong>cameram</strong></span> <span class='ocrx_word' id='word_1_389' title='bbox 1660 3193 1842 3274; x_wconf 83' lang='lat' dir='ltr'><strong>praedictam</strong></span> <span class='ocrx_word' id='word_1_390' title='bbox 1857 3213 1931 3274; x_wconf 90' lang='lat' dir='ltr'><strong>per-</strong></span> 
     </span>
     <span class='ocr_line' id='line_1_57' title="bbox 1132 3281 1927 3362; baseline -0.001 -18"><span class='ocrx_word' id='word_1_391' title='bbox 1132 3281 1233 3344; x_wconf 91' lang='lat' dir='ltr'><strong>tinent</strong></span> <span class='ocrx_word' id='word_1_392' title='bbox 1246 3281 1337 3342; x_wconf 84' lang='lat' dir='ltr'><strong>officii</strong></span> <span class='ocrx_word' id='word_1_393' title='bbox 1352 3281 1400 3342; x_wconf 90' lang='lat' dir='ltr'><strong>sui</strong></span> <span class='ocrx_word' id='word_1_394' title='bbox 1420 3287 1525 3360; x_wconf 83' lang='lat' dir='ltr'><strong>partes</strong></span> <span class='ocrx_word' id='word_1_395' title='bbox 1539 3281 1571 3341; x_wconf 91' lang='lat' dir='ltr'><strong>iu</strong></span> <span class='ocrx_word' id='word_1_396' title='bbox 1587 3300 1659 3342; x_wconf 94' lang='lat' dir='ltr'><strong>eum</strong></span> <span class='ocrx_word' id='word_1_397' title='bbox 1673 3282 1779 3358; x_wconf 83' lang='lat' dir='ltr'><strong>finem,</strong></span> <span class='ocrx_word' id='word_1_398' title='bbox 1799 3282 1839 3343; x_wconf 91' lang='lat' dir='ltr'><strong>de</strong></span> <span class='ocrx_word' id='word_1_399' title='bbox 1864 3299 1927 3362; x_wconf 90' lang='lat' dir='ltr'><strong>quo</strong></span> 
     </span>
     <span class='ocr_line' id='line_1_58' title="bbox 1132 3369 1789 3450; baseline -0.003 -18"><span class='ocrx_word' id='word_1_400' title='bbox 1132 3369 1386 3450; x_wconf 81' lang='lat' dir='ltr'><strong>supradiximus,</strong></span> <span class='ocrx_word' id='word_1_401' title='bbox 1403 3370 1601 3448; x_wconf 88' lang='lat' dir='ltr'><strong>interponere</strong></span> <span class='ocrx_word' id='word_1_402' title='bbox 1617 3369 1789 3431; x_wconf 90' lang='lat' dir='ltr'><strong>debebunt.</strong></span> 
     </span>
    </p>

    <p class='ocr_par' dir='ltr' id='par_1_10' title="bbox 1132 3457 1927 3713">
     <span class='ocr_line' id='line_1_59' title="bbox 1171 3457 1921 3538; baseline 0 -22"><span class='ocrx_word' id='word_1_403' title='bbox 1171 3483 1186 3518; x_wconf 79' lang='lat' dir='ltr'><strong>e</strong></span> <span class='ocrx_word' id='word_1_404' title='bbox 1211 3463 1257 3521; x_wconf 84' lang='lat' dir='ltr'><strong>Ac</strong></span> <span class='ocrx_word' id='word_1_405' title='bbox 1270 3459 1409 3535; x_wconf 90' lang='lat' dir='ltr'><strong>demum,</strong></span> <span class='ocrx_word' id='word_1_406' title='bbox 1422 3458 1525 3536; x_wconf 88' lang='lat' dir='ltr'><strong>quoad</strong></span> <span class='ocrx_word' id='word_1_407' title='bbox 1537 3459 1615 3534; x_wconf 86' lang='lat' dir='ltr'><strong>illae,</strong></span> <span class='ocrx_word' id='word_1_408' title='bbox 1633 3457 1685 3538; x_wconf 91' lang='lat' dir='ltr'><strong>qui</strong></span> <span class='ocrx_word' id='word_1_409' title='bbox 1701 3461 1852 3538; x_wconf 87' lang='lat' dir='ltr'><strong>tanquam</strong></span> <span class='ocrx_word' id='word_1_410' title='bbox 1866 3457 1921 3517; x_wconf 83' lang='lat' dir='ltr'><strong>Vi-</strong></span> 
     </span>
     <span class='ocr_line' id='line_1_60' title="bbox 1132 3543 1925 3626; baseline -0.005 -18"><span class='ocrx_word' id='word_1_411' title='bbox 1132 3547 1219 3624; x_wconf 90' lang='lat' dir='ltr'><strong>carii,</strong></span> <span class='ocrx_word' id='word_1_412' title='bbox 1236 3547 1300 3607; x_wconf 88' lang='lat' dir='ltr'><strong>sive</strong></span> <span class='ocrx_word' id='word_1_413' title='bbox 1315 3545 1468 3626; x_wconf 90' lang='lat' dir='ltr'><strong>perpetui,</strong></span> <span class='ocrx_word' id='word_1_414' title='bbox 1482 3546 1547 3606; x_wconf 89' lang='lat' dir='ltr'><strong>sive</strong></span> <span class='ocrx_word' id='word_1_415' title='bbox 1558 3547 1598 3607; x_wconf 88' lang='lat' dir='ltr'><strong>ad</strong></span> <span class='ocrx_word' id='word_1_416' title='bbox 1614 3550 1737 3625; x_wconf 90' lang='lat' dir='ltr'><strong>tempus</strong></span> <span class='ocrx_word' id='word_1_417' title='bbox 1752 3543 1925 3621; x_wconf 89' lang='lat' dir='ltr'><strong>constituti,</strong></span> 
     </span>
     <span class='ocr_line' id='line_1_61' title="bbox 1132 3630 1927 3713; baseline -0.006 -17"><span class='ocrx_word' id='word_1_418' title='bbox 1132 3635 1308 3696; x_wconf 87' lang='lat' dir='ltr'><strong>animarum</strong></span> <span class='ocrx_word' id='word_1_419' title='bbox 1338 3651 1446 3694; x_wconf 87' lang='lat' dir='ltr'><strong>curam</strong></span> <span class='ocrx_word' id='word_1_420' title='bbox 1475 3633 1712 3710; x_wconf 87' lang='lat' dir='ltr'><strong>administrant,</strong></span> <span class='ocrx_word' id='word_1_421' title='bbox 1742 3650 1812 3713; x_wconf 81' lang='lat' dir='ltr'><strong>quae</strong></span> <span class='ocrx_word' id='word_1_422' title='bbox 1841 3630 1927 3710; x_wconf 91' lang='lat' dir='ltr'><strong>apud</strong></span> 
     </span>
    </p>
   </div>
   <div class='ocr_carea' id='block_1_6' title="bbox 227 3715 1930 5560">
    <p class='ocr_par' dir='ltr' id='par_1_11' title="bbox 227 3715 1930 5560">
     <span class='ocr_line' id='line_1_62' title="bbox 285 3715 1928 3801; baseline 0.005 -27"><span class='ocrx_word' id='word_1_423' title='bbox 285 3715 385 3794; x_wconf 91' lang='lat' dir='ltr'><strong>quiin</strong></span> <span class='ocrx_word' id='word_1_424' title='bbox 400 3717 555 3796; x_wconf 89' lang='lat' dir='ltr'><strong>aliquibus</strong></span> <span class='ocrx_word' id='word_1_425' title='bbox 569 3717 724 3793; x_wconf 74' lang='lat' dir='ltr'><strong>EcclesiiS,</strong></span> <span class='ocrx_word' id='word_1_426' title='bbox 737 3716 888 3778; x_wconf 89' lang='lat' dir='ltr'><strong>habituali</strong></span> <span class='ocrx_word' id='word_1_427' title='bbox 903 3737 979 3780; x_wconf 88' lang='lat' dir='ltr'><strong>cura</strong></span> <span class='ocrx_word' id='word_1_428' title='bbox 993 3720 1077 3798; x_wconf 90' lang='lat' dir='ltr'><strong>apud</strong></span> <span class='ocrx_word' id='word_1_429' title='bbox 1132 3724 1209 3784; x_wconf 87' lang='lat' dir='ltr'><strong>alios</strong></span> <span class='ocrx_word' id='word_1_430' title='bbox 1224 3721 1332 3784; x_wconf 88' lang='lat' dir='ltr'><strong>habitu</strong></span> <span class='ocrx_word' id='word_1_431' title='bbox 1347 3720 1473 3797; x_wconf 90' lang='lat' dir='ltr'><strong>residet,</strong></span> <span class='ocrx_word' id='word_1_432' title='bbox 1495 3722 1615 3783; x_wconf 89' lang='lat' dir='ltr'><strong>ratione</strong></span> <span class='ocrx_word' id='word_1_433' title='bbox 1631 3721 1763 3801; x_wconf 81' lang='lat' dir='ltr'><strong>ali0ujus</strong></span> <span class='ocrx_word' id='word_1_434' title='bbox 1777 3721 1928 3782; x_wconf 80' lang='lat' dir='ltr'><strong>Ecclesiae</strong></span> 
     </span>
     <span class='ocr_line' id='line_1_63' title="bbox 285 3804 1930 3886; baseline 0.002 -23"><span class='ocrx_word' id='word_1_435' title='bbox 285 3804 363 3864; x_wconf 87' lang='lat' dir='ltr'><strong>alios</strong></span> <span class='ocrx_word' id='word_1_436' title='bbox 385 3809 547 3882; x_wconf 89' lang='lat' dir='ltr'><strong>manente,</strong></span> <span class='ocrx_word' id='word_1_437' title='bbox 573 3805 686 3866; x_wconf 89' lang='lat' dir='ltr'><strong>actuali</strong></span> <span class='ocrx_word' id='word_1_438' title='bbox 708 3809 830 3866; x_wconf 86' lang='lat' dir='ltr'><strong>tuntum</strong></span> <span class='ocrx_word' id='word_1_439' title='bbox 845 3805 991 3867; x_wconf 82' lang='lat' dir='ltr'><strong>exercitio</strong></span> <span class='ocrx_word' id='word_1_440' title='bbox 1006 3814 1079 3868; x_wconf 89' lang='lat' dir='ltr'><strong>sunt</strong></span> <span class='ocrx_word' id='word_1_441' title='bbox 1133 3809 1333 3882; x_wconf 77' lang='lat' dir='ltr'><strong>parochialis,</strong></span> <span class='ocrx_word' id='word_1_442' title='bbox 1357 3809 1497 3886; x_wconf 90' lang='lat' dir='ltr'><strong>ipsorum</strong></span> <span class='ocrx_word' id='word_1_443' title='bbox 1518 3807 1674 3885; x_wconf 88' lang='lat' dir='ltr'><strong>Ecclesiis,</strong></span> <span class='ocrx_word' id='word_1_444' title='bbox 1701 3827 1756 3869; x_wconf 93' lang='lat' dir='ltr'><strong>seu</strong></span> <span class='ocrx_word' id='word_1_445' title='bbox 1771 3809 1930 3870; x_wconf 86' lang='lat' dir='ltr'><strong>Monoste·</strong></span> 
     </span>
     <span class='ocr_line' id='line_1_64' title="bbox 285 3891 1929 3978; baseline 0.002 -26"><span class='ocrx_word' id='word_1_446' title='bbox 285 3891 417 3965; x_wconf 79' lang='lat' dir='ltr'><strong>addicti;</strong></span> <span class='ocrx_word' id='word_1_447' title='bbox 430 3894 623 3973; x_wconf 91' lang='lat' dir='ltr'><strong>proindeque</strong></span> <span class='ocrx_word' id='word_1_448' title='bbox 634 3892 782 3954; x_wconf 90' lang='lat' dir='ltr'><strong>cumistis</strong></span> <span class='ocrx_word' id='word_1_449' title='bbox 796 3911 904 3954; x_wconf 88' lang='lat' dir='ltr'><strong>severe</strong></span> <span class='ocrx_word' id='word_1_450' title='bbox 920 3894 1011 3956; x_wconf 93' lang='lat' dir='ltr'><strong>nimis</strong></span> <span class='ocrx_word' id='word_1_451' title='bbox 1026 3895 1076 3976; x_wconf 90' lang='lat' dir='ltr'><strong>agi</strong></span> <span class='ocrx_word' id='word_1_452' title='bbox 1131 3899 1197 3975; x_wconf 86' lang='lat' dir='ltr'><strong>riis,</strong></span> <span class='ocrx_word' id='word_1_453' title='bbox 1207 3895 1362 3976; x_wconf 88' lang='lat' dir='ltr'><strong>Collegiis,</strong></span> <span class='ocrx_word' id='word_1_454' title='bbox 1375 3896 1528 3957; x_wconf 88' lang='lat' dir='ltr'><strong>autLocis</strong></span> <span class='ocrx_word' id='word_1_455' title='bbox 1538 3896 1600 3958; x_wconf 90' lang='lat' dir='ltr'><strong>Piis</strong></span> <span class='ocrx_word' id='word_1_456' title='bbox 1611 3897 1684 3958; x_wconf 92' lang='lat' dir='ltr'><strong>olim</strong></span> <span class='ocrx_word' id='word_1_457' title='bbox 1695 3897 1804 3970; x_wconf 84' lang='lat' dir='ltr'><strong>unitae;</strong></span> <span class='ocrx_word' id='word_1_458' title='bbox 1818 3913 1929 3978; x_wconf 90' lang='lat' dir='ltr'><strong>quam-</strong></span> 
     </span>
     <span class='ocr_line' id='line_1_65' title="bbox 285 3979 1928 4061; baseline 0.002 -21"><span class='ocrx_word' id='word_1_459' title='bbox 285 3979 454 4052; x_wconf 89' lang='lat' dir='ltr'><strong>videretur‚</strong></span> <span class='ocrx_word' id='word_1_460' title='bbox 472 3981 497 4041; x_wconf 90' lang='lat' dir='ltr'><strong>si</strong></span> <span class='ocrx_word' id='word_1_461' title='bbox 512 3980 622 4042; x_wconf 90' lang='lat' dir='ltr'><strong>dicbus</strong></span> <span class='ocrx_word' id='word_1_462' title='bbox 636 3980 736 4055; x_wconf 88' lang='lat' dir='ltr'><strong>testis,</strong></span> <span class='ocrx_word' id='word_1_463' title='bbox 754 3980 867 4061; x_wconf 90' lang='lat' dir='ltr'><strong>quibus</strong></span> <span class='ocrx_word' id='word_1_464' title='bbox 882 3983 1078 4059; x_wconf 91' lang='lat' dir='ltr'><strong>potissimum</strong></span> <span class='ocrx_word' id='word_1_465' title='bbox 1131 3987 1179 4046; x_wconf 86' lang='lat' dir='ltr'><strong>vis</strong></span> <span class='ocrx_word' id='word_1_466' title='bbox 1193 4003 1212 4046; x_wconf 92' lang='lat' dir='ltr'><strong>a</strong></span> <span class='ocrx_word' id='word_1_467' title='bbox 1226 3983 1319 4045; x_wconf 84' lang='lat' dir='ltr'><strong>recol.</strong></span> <span class='ocrx_word' id='word_1_468' title='bbox 1337 4001 1431 4042; x_wconf 90' lang='lat' dir='ltr'><strong>mem.</strong></span> <span class='ocrx_word' id='word_1_469' title='bbox 1444 3982 1677 4044; x_wconf 85' lang='lat' dir='ltr'><strong>Praedeeessore</strong></span> <span class='ocrx_word' id='word_1_470' title='bbox 1692 3985 1804 4044; x_wconf 92' lang='lat' dir='ltr'><strong>Nostro</strong></span> <span class='ocrx_word' id='word_1_471' title='bbox 1820 3983 1852 4044; x_wconf 92' lang='lat' dir='ltr'><strong>S.</strong></span> <span class='ocrx_word' id='word_1_472' title='bbox 1870 3982 1928 4044; x_wconf 88' lang='lat' dir='ltr'><strong>Pio</strong></span> 
     </span>
     <span class='ocr_line' id='line_1_66' title="bbox 285 4067 1928 4153; baseline 0.001 -25"><span class='ocrx_word' id='word_1_473' title='bbox 285 4067 464 4148; x_wconf 87' lang='lat' dir='ltr'><strong>hujusmodi</strong></span> <span class='ocrx_word' id='word_1_474' title='bbox 484 4069 605 4131; x_wconf 88' lang='lat' dir='ltr'><strong>occasio</strong></span> <span class='ocrx_word' id='word_1_475' title='bbox 629 4088 661 4130; x_wconf 91' lang='lat' dir='ltr'><strong>se</strong></span> <span class='ocrx_word' id='word_1_476' title='bbox 680 4071 780 4145; x_wconf 83' lang='lat' dir='ltr'><strong>offert,</strong></span> <span class='ocrx_word' id='word_1_477' title='bbox 806 4069 925 4132; x_wconf 92' lang='lat' dir='ltr'><strong>eisdem</strong></span> <span class='ocrx_word' id='word_1_478' title='bbox 947 4071 1077 4134; x_wconf 86' lang='lat' dir='ltr'><strong>vetitum</strong></span> <span class='ocrx_word' id='word_1_479' title='bbox 1133 4077 1217 4153; x_wconf 88' lang='lat' dir='ltr'><strong>Papa</strong></span> <span class='ocrx_word' id='word_1_480' title='bbox 1231 4075 1268 4149; x_wconf 86' lang='lat' dir='ltr'><strong>V,</strong></span> <span class='ocrx_word' id='word_1_481' title='bbox 1294 4070 1448 4151; x_wconf 73' lang='lat' dir='ltr'><strong>praefinita</strong></span> <span class='ocrx_word' id='word_1_482' title='bbox 1462 4070 1556 4132; x_wconf 84' lang='lat' dir='ltr'><strong>fuerit</strong></span> <span class='ocrx_word' id='word_1_483' title='bbox 1575 4073 1660 4132; x_wconf 87' lang='lat' dir='ltr'><strong>carta</strong></span> <span class='ocrx_word' id='word_1_484' title='bbox 1674 4089 1747 4149; x_wconf 88' lang='lat' dir='ltr'><strong>pars</strong></span> <span class='ocrx_word' id='word_1_485' title='bbox 1768 4071 1928 4132; x_wconf 85' lang='lat' dir='ltr'><strong>fruetuum</strong></span> 
     </span>
     <span class='ocr_line' id='line_1_67' title="bbox 285 4153 1930 4243; baseline -0.001 -25"><span class='ocrx_word' id='word_1_486' title='bbox 285 4160 368 4218; x_wconf 89' lang='lat' dir='ltr'><strong>essct</strong></span> <span class='ocrx_word' id='word_1_487' title='bbox 381 4157 613 4236; x_wconf 89' lang='lat' dir='ltr'><strong>eleemosynam</strong></span> <span class='ocrx_word' id='word_1_488' title='bbox 626 4175 683 4236; x_wconf 91' lang='lat' dir='ltr'><strong>pro</strong></span> <span class='ocrx_word' id='word_1_489' title='bbox 694 4156 903 4236; x_wconf 88' lang='lat' dir='ltr'><strong>applicatione</strong></span> <span class='ocrx_word' id='word_1_490' title='bbox 913 4160 1015 4222; x_wconf 72' lang='lat' dir='ltr'><strong>Missae</strong></span> <span class='ocrx_word' id='word_1_491' title='bbox 1030 4180 1077 4222; x_wconf 90' lang='lat' dir='ltr'><strong>re·</strong></span> <span class='ocrx_word' id='word_1_492' title='bbox 1132 4159 1311 4243; x_wconf 89' lang='lat' dir='ltr'><strong>hujusmodi</strong></span> <span class='ocrx_word' id='word_1_493' title='bbox 1335 4157 1467 4220; x_wconf 89' lang='lat' dir='ltr'><strong>Vicariis</strong></span> <span class='ocrx_word' id='word_1_494' title='bbox 1492 4153 1693 4236; x_wconf 87' lang='lat' dir='ltr'><strong>assignan&#39;da,</strong></span> <span class='ocrx_word' id='word_1_495' title='bbox 1718 4161 1812 4236; x_wconf 92' lang='lat' dir='ltr'><strong>prout</strong></span> <span class='ocrx_word' id='word_1_496' title='bbox 1832 4156 1864 4217; x_wconf 92' lang='lat' dir='ltr'><strong>in</strong></span> <span class='ocrx_word' id='word_1_497' title='bbox 1878 4157 1930 4235; x_wconf 91' lang='lat' dir='ltr'><strong>ip-</strong></span> 
     </span>
     <span class='ocr_line' id='line_1_68' title="bbox 285 4242 1926 4326; baseline -0.002 -19"><span class='ocrx_word' id='word_1_498' title='bbox 285 4244 400 4323; x_wconf 90' lang='lat' dir='ltr'><strong>cipere.</strong></span> <span class='ocrx_word' id='word_1_499' title='bbox 430 4244 549 4306; x_wconf 89' lang='lat' dir='ltr'><strong>Idcirco</strong></span> <span class='ocrx_word' id='word_1_500' title='bbox 569 4251 633 4306; x_wconf 90' lang='lat' dir='ltr'><strong>Nos</strong></span> <span class='ocrx_word' id='word_1_501' title='bbox 650 4251 717 4306; x_wconf 88' lang='lat' dir='ltr'><strong>tam</strong></span> <span class='ocrx_word' id='word_1_502' title='bbox 740 4245 881 4322; x_wconf 85' lang='lat' dir='ltr'><strong>istorum,</strong></span> <span class='ocrx_word' id='word_1_503' title='bbox 903 4266 998 4326; x_wconf 90' lang='lat' dir='ltr'><strong>quam</strong></span> <span class='ocrx_word' id='word_1_504' title='bbox 1013 4249 1078 4311; x_wconf 94' lang='lat' dir='ltr'><strong>illo·</strong></span> <span class='ocrx_word' id='word_1_505' title='bbox 1132 4250 1196 4312; x_wconf 93' lang='lat' dir='ltr'><strong>sius</strong></span> <span class='ocrx_word' id='word_1_506' title='bbox 1223 4245 1352 4309; x_wconf 87' lang='lat' dir='ltr'><strong>Constit.</strong></span> <span class='ocrx_word' id='word_1_507' title='bbox 1383 4263 1452 4323; x_wconf 83' lang='lat' dir='ltr'><strong>quae</strong></span> <span class='ocrx_word' id='word_1_508' title='bbox 1480 4243 1611 4322; x_wconf 90' lang='lat' dir='ltr'><strong>incipit:</strong></span> <span class='ocrx_word' id='word_1_509' title='bbox 1628 4242 1677 4305; x_wconf 87' lang='lat' dir='ltr'><strong>Ad</strong></span> <span class='ocrx_word' id='word_1_510' title='bbox 1702 4242 1926 4324; x_wconf 73' lang='lat' dir='ltr'><strong>exsequatdam,</strong></span> 
     </span>
     <span class='ocr_line' id='line_1_69' title="bbox 284 4330 1925 4410; baseline -0.002 -15"><span class='ocrx_word' id='word_1_511' title='bbox 284 4349 356 4395; x_wconf 90' lang='lat' dir='ltr'><strong>rum</strong></span> <span class='ocrx_word' id='word_1_512' title='bbox 369 4330 507 4410; x_wconf 90' lang='lat' dir='ltr'><strong>inopiam</strong></span> <span class='ocrx_word' id='word_1_513' title='bbox 521 4349 719 4410; x_wconf 91' lang='lat' dir='ltr'><strong>summopere</strong></span> <span class='ocrx_word' id='word_1_514' title='bbox 734 4331 929 4410; x_wconf 88' lang='lat' dir='ltr'><strong>miserantes,</strong></span> <span class='ocrx_word' id='word_1_515' title='bbox 946 4335 1078 4397; x_wconf 92' lang='lat' dir='ltr'><strong>eisdem·</strong></span> <span class='ocrx_word' id='word_1_516' title='bbox 1132 4339 1207 4400; x_wconf 88' lang='lat' dir='ltr'><strong>data</strong></span> <span class='ocrx_word' id='word_1_517' title='bbox 1219 4335 1287 4398; x_wconf 87' lang='lat' dir='ltr'><strong>Kal.</strong></span> <span class='ocrx_word' id='word_1_518' title='bbox 1306 4335 1384 4395; x_wconf 86' lang='lat' dir='ltr'><strong>Nov.</strong></span> <span class='ocrx_word' id='word_1_519' title='bbox 1401 4333 1483 4395; x_wconf 79' lang='lat' dir='ltr'><strong>Anni</strong></span> <span class='ocrx_word' id='word_1_520' title='bbox 1500 4335 1587 4410; x_wconf 72' lang='lat'><strong>¹567,</strong></span> <span class='ocrx_word' id='word_1_521' title='bbox 1599 4333 1744 4394; x_wconf 90' lang='lat' dir='ltr'><strong>distincte</strong></span> <span class='ocrx_word' id='word_1_522' title='bbox 1758 4332 1925 4407; x_wconf 91' lang='lat' dir='ltr'><strong>statuitur;</strong></span> 
     </span>
     <span class='ocr_line' id='line_1_70' title="bbox 285 4419 1926 4500; baseline 0.001 -22"><span class='ocrx_word' id='word_1_523' title='bbox 285 4437 363 4498; x_wconf 86' lang='lat' dir='ltr'><strong>qua,</strong></span> <span class='ocrx_word' id='word_1_524' title='bbox 381 4425 534 4497; x_wconf 89' lang='lat' dir='ltr'><strong>quantum</strong></span> <span class='ocrx_word' id='word_1_525' title='bbox 555 4419 649 4480; x_wconf 92' lang='lat' dir='ltr'><strong>Nobis</strong></span> <span class='ocrx_word' id='word_1_526' title='bbox 667 4419 825 4498; x_wconf 90' lang='lat' dir='ltr'><strong>integrum</strong></span> <span class='ocrx_word' id='word_1_527' title='bbox 840 4424 897 4496; x_wconf 90' lang='lat' dir='ltr'><strong>est,</strong></span> <span class='ocrx_word' id='word_1_528' title='bbox 914 4425 1077 4484; x_wconf 88' lang='lat' dir='ltr'><strong>consulere</strong></span> <span class='ocrx_word' id='word_1_529' title='bbox 1132 4423 1335 4488; x_wconf 90' lang='lat' dir='ltr'><strong>nihilominus</strong></span> <span class='ocrx_word' id='word_1_530' title='bbox 1357 4420 1411 4482; x_wconf 93' lang='lat' dir='ltr'><strong>ubi</strong></span> <span class='ocrx_word' id='word_1_531' title='bbox 1435 4420 1617 4500; x_wconf 69' lang='lat' dir='ltr'><strong>prescripta</strong></span> <span class='ocrx_word' id='word_1_532' title='bbox 1637 4421 1795 4482; x_wconf 87' lang='lat' dir='ltr'><strong>fructuum</strong></span> <span class='ocrx_word' id='word_1_533' title='bbox 1809 4419 1926 4497; x_wconf 87' lang='lat' dir='ltr'><strong>portio,</strong></span> 
     </span>
     <span class='ocr_line' id='line_1_71' title="bbox 285 4505 1929 4586; baseline 0.002 -21"><span class='ocrx_word' id='word_1_534' title='bbox 285 4505 441 4578; x_wconf 65' lang='lat' dir='ltr'><strong>volentem</strong></span> <span class='ocrx_word' id='word_1_535' title='bbox 458 4505 612 4585; x_wconf 89' lang='lat' dir='ltr'><strong>quamvis,</strong></span> <span class='ocrx_word' id='word_1_536' title='bbox 630 4511 773 4585; x_wconf 91' lang='lat' dir='ltr'><strong>utsupra</strong></span> <span class='ocrx_word' id='word_1_537' title='bbox 793 4505 912 4567; x_wconf 90' lang='lat' dir='ltr'><strong>dictum</strong></span> <span class='ocrx_word' id='word_1_538' title='bbox 928 4513 992 4586; x_wconf 92' lang='lat' dir='ltr'><strong>est,</strong></span> <span class='ocrx_word' id='word_1_539' title='bbox 1010 4529 1078 4573; x_wconf 92' lang='lat' dir='ltr'><strong>om·</strong></span> <span class='ocrx_word' id='word_1_540' title='bbox 1131 4511 1180 4572; x_wconf 89' lang='lat' dir='ltr'><strong>vel</strong></span> <span class='ocrx_word' id='word_1_541' title='bbox 1196 4508 1402 4585; x_wconf 90' lang='lat' dir='ltr'><strong>nullomodo,</strong></span> <span class='ocrx_word' id='word_1_542' title='bbox 1418 4509 1468 4568; x_wconf 91' lang='lat' dir='ltr'><strong>vel</strong></span> <span class='ocrx_word' id='word_1_543' title='bbox 1487 4525 1548 4568; x_wconf 90' lang='lat' dir='ltr'><strong>non</strong></span> <span class='ocrx_word' id='word_1_544' title='bbox 1564 4508 1685 4586; x_wconf 92' lang='lat' dir='ltr'><strong>integre</strong></span> <span class='ocrx_word' id='word_1_545' title='bbox 1700 4506 1831 4570; x_wconf 87' lang='lat' dir='ltr'><strong>Vioariis</strong></span> <span class='ocrx_word' id='word_1_546' title='bbox 1846 4525 1929 4584; x_wconf 84' lang='lat' dir='ltr'><strong>prae-</strong></span> 
     </span>
     <span class='ocr_line' id='line_1_72' title="bbox 285 4591 1926 4676; baseline 0.002 -24"><span class='ocrx_word' id='word_1_547' title='bbox 285 4610 341 4653; x_wconf 89' lang='lat' dir='ltr'><strong>nes</strong></span> <span class='ocrx_word' id='word_1_548' title='bbox 355 4594 387 4653; x_wconf 92' lang='lat' dir='ltr'><strong>et</strong></span> <span class='ocrx_word' id='word_1_549' title='bbox 399 4591 512 4671; x_wconf 86' lang='lat' dir='ltr'><strong>singuli</strong></span> <span class='ocrx_word' id='word_1_550' title='bbox 528 4591 668 4671; x_wconf 81' lang='lat' dir='ltr'><strong>praedicti</strong></span> <span class='ocrx_word' id='word_1_551' title='bbox 688 4595 854 4655; x_wconf 87' lang='lat' dir='ltr'><strong>teneantur</strong></span> <span class='ocrx_word' id='word_1_552' title='bbox 868 4594 978 4659; x_wconf 86' lang='lat' dir='ltr'><strong>diebus</strong></span> <span class='ocrx_word' id='word_1_553' title='bbox 992 4598 1077 4660; x_wconf 88' lang='lat' dir='ltr'><strong>festis</strong></span> <span class='ocrx_word' id='word_1_554' title='bbox 1132 4599 1223 4661; x_wconf 91' lang='lat' dir='ltr'><strong>dictis</strong></span> <span class='ocrx_word' id='word_1_555' title='bbox 1246 4597 1406 4676; x_wconf 89' lang='lat' dir='ltr'><strong>assignata</strong></span> <span class='ocrx_word' id='word_1_556' title='bbox 1430 4597 1616 4674; x_wconf 88' lang='lat' dir='ltr'><strong>reperiatur,</strong></span> <span class='ocrx_word' id='word_1_557' title='bbox 1633 4595 1684 4656; x_wconf 87' lang='lat' dir='ltr'><strong>vel</strong></span> <span class='ocrx_word' id='word_1_558' title='bbox 1698 4595 1794 4656; x_wconf 90' lang='lat' dir='ltr'><strong>etiam</strong></span> <span class='ocrx_word' id='word_1_559' title='bbox 1808 4594 1861 4655; x_wconf 90' lang='lat' dir='ltr'><strong>ubi</strong></span> <span class='ocrx_word' id='word_1_560' title='bbox 1874 4612 1926 4672; x_wconf 91' lang='lat' dir='ltr'><strong>ea,</strong></span> 
     </span>
     <span class='ocr_line' id='line_1_73' title="bbox 287 4681 1927 4769; baseline 0 -27"><span class='ocrx_word' id='word_1_561' title='bbox 287 4681 414 4742; x_wconf 88' lang='lat' dir='ltr'><strong>Missam</strong></span> <span class='ocrx_word' id='word_1_562' title='bbox 437 4699 494 4760; x_wconf 89' lang='lat' dir='ltr'><strong>pro</strong></span> <span class='ocrx_word' id='word_1_563' title='bbox 518 4681 633 4761; x_wconf 88' lang='lat' dir='ltr'><strong>populo</strong></span> <span class='ocrx_word' id='word_1_564' title='bbox 658 4681 817 4742; x_wconf 87' lang='lat' dir='ltr'><strong>celebrare</strong></span> <span class='ocrx_word' id='word_1_565' title='bbox 841 4686 872 4745; x_wconf 89' lang='lat' dir='ltr'><strong>et</strong></span> <span class='ocrx_word' id='word_1_566' title='bbox 899 4684 1075 4762; x_wconf 89' lang='lat' dir='ltr'><strong>applicare;</strong></span> <span class='ocrx_word' id='word_1_567' title='bbox 1132 4705 1202 4769; x_wconf 86' lang='lat' dir='ltr'><strong>quae</strong></span> <span class='ocrx_word' id='word_1_568' title='bbox 1227 4686 1267 4747; x_wconf 92' lang='lat' dir='ltr'><strong>ad</strong></span> <span class='ocrx_word' id='word_1_569' title='bbox 1296 4702 1439 4745; x_wconf 86' lang='lat' dir='ltr'><strong>normam</strong></span> <span class='ocrx_word' id='word_1_570' title='bbox 1469 4684 1627 4762; x_wconf 67' lang='lat' dir='ltr'><strong>praedictae</strong></span> <span class='ocrx_word' id='word_1_571' title='bbox 1650 4683 1781 4745; x_wconf 83' lang='lat' dir='ltr'><strong>Constit.</strong></span> <span class='ocrx_word' id='word_1_572' title='bbox 1807 4682 1927 4743; x_wconf 90' lang='lat' dir='ltr'><strong>eisdem</strong></span> 
     </span>
     <span class='ocr_line' id='line_1_74' title="bbox 286 4767 1929 4849; baseline 0.001 -19"><span class='ocrx_word' id='word_1_573' title='bbox 286 4773 442 4836; x_wconf 86' lang='lat' dir='ltr'><strong>attamen,</strong></span> <span class='ocrx_word' id='word_1_574' title='bbox 464 4769 548 4848; x_wconf 91' lang='lat' dir='ltr'><strong>quod</strong></span> <span class='ocrx_word' id='word_1_575' title='bbox 571 4767 707 4847; x_wconf 88' lang='lat' dir='ltr'><strong>pertinet</strong></span> <span class='ocrx_word' id='word_1_576' title='bbox 729 4768 770 4829; x_wconf 91' lang='lat' dir='ltr'><strong>ad</strong></span> <span class='ocrx_word' id='word_1_577' title='bbox 795 4770 960 4847; x_wconf 82' lang='lat' dir='ltr'><strong>praedictos</strong></span> <span class='ocrx_word' id='word_1_578' title='bbox 984 4774 1078 4834; x_wconf 89' lang='lat' dir='ltr'><strong>Paro·</strong></span> <span class='ocrx_word' id='word_1_579' title='bbox 1131 4775 1225 4838; x_wconf 88' lang='lat' dir='ltr'><strong>luerit</strong></span> <span class='ocrx_word' id='word_1_580' title='bbox 1239 4772 1399 4849; x_wconf 89' lang='lat' dir='ltr'><strong>attributa,</strong></span> <span class='ocrx_word' id='word_1_581' title='bbox 1424 4771 1553 4832; x_wconf 91' lang='lat' dir='ltr'><strong>minime</strong></span> <span class='ocrx_word' id='word_1_582' title='bbox 1568 4770 1726 4832; x_wconf 80' lang='lat' dir='ltr'><strong>sufficiens</strong></span> <span class='ocrx_word' id='word_1_583' title='bbox 1740 4789 1759 4832; x_wconf 90' lang='lat' dir='ltr'><strong>a</strong></span> <span class='ocrx_word' id='word_1_584' title='bbox 1773 4769 1862 4833; x_wconf 90' lang='lat' dir='ltr'><strong>vobis</strong></span> <span class='ocrx_word' id='word_1_585' title='bbox 1877 4787 1929 4831; x_wconf 92' lang='lat' dir='ltr'><strong>re·</strong></span> 
     </span>
     <span class='ocr_line' id='line_1_75' title="bbox 285 4856 1929 4941; baseline 0 -21"><span class='ocrx_word' id='word_1_586' title='bbox 285 4858 362 4920; x_wconf 90' lang='lat' dir='ltr'><strong>ohos</strong></span> <span class='ocrx_word' id='word_1_587' title='bbox 384 4861 529 4937; x_wconf 87' lang='lat' dir='ltr'><strong>egentes,</strong></span> <span class='ocrx_word' id='word_1_588' title='bbox 553 4856 721 4938; x_wconf 91' lang='lat' dir='ltr'><strong>unicuique</strong></span> <span class='ocrx_word' id='word_1_589' title='bbox 740 4862 880 4919; x_wconf 88' lang='lat' dir='ltr'><strong>vestrum</strong></span> <span class='ocrx_word' id='word_1_590' title='bbox 897 4859 1076 4924; x_wconf 83' lang='lat' dir='ltr'><strong>facultatem</strong></span> <span class='ocrx_word' id='word_1_591' title='bbox 1131 4865 1268 4941; x_wconf 91' lang='lat' dir='ltr'><strong>putetur,</strong></span> <span class='ocrx_word' id='word_1_592' title='bbox 1286 4863 1602 4938; x_wconf 89' lang='lat' dir='ltr'><strong>proptertemporum</strong></span> <span class='ocrx_word' id='word_1_593' title='bbox 1617 4857 1878 4935; x_wconf 87' lang='lat' dir='ltr'><strong>circumstantias,</strong></span> <span class='ocrx_word' id='word_1_594' title='bbox 1896 4863 1929 4920; x_wconf 88' lang='lat' dir='ltr'><strong>et</strong></span> 
     </span>
     <span class='ocr_line' id='line_1_76' title="bbox 285 4944 1929 5029; baseline 0.001 -22"><span class='ocrx_word' id='word_1_595' title='bbox 285 4945 497 5021; x_wconf 87' lang='lat' dir='ltr'><strong>concedimus,</strong></span> <span class='ocrx_word' id='word_1_596' title='bbox 520 4963 592 5006; x_wconf 91' lang='lat' dir='ltr'><strong>oum</strong></span> <span class='ocrx_word' id='word_1_597' title='bbox 609 4944 661 5022; x_wconf 93' lang='lat' dir='ltr'><strong>iis,</strong></span> <span class='ocrx_word' id='word_1_598' title='bbox 685 4963 764 5024; x_wconf 93' lang='lat' dir='ltr'><strong>quos</strong></span> <span class='ocrx_word' id='word_1_599' title='bbox 785 4963 895 5007; x_wconf 88' lang='lat' dir='ltr'><strong>revera</strong></span> <span class='ocrx_word' id='word_1_600' title='bbox 909 4949 986 5010; x_wconf 88' lang='lat' dir='ltr'><strong>tales</strong></span> <span class='ocrx_word' id='word_1_601' title='bbox 1010 4969 1077 5013; x_wconf 88' lang='lat' dir='ltr'><strong>esse</strong></span> <span class='ocrx_word' id='word_1_602' title='bbox 1132 4949 1292 5029; x_wconf 90' lang='lat' dir='ltr'><strong>signanter</strong></span> <span class='ocrx_word' id='word_1_603' title='bbox 1314 4965 1371 5027; x_wconf 89' lang='lat' dir='ltr'><strong>pro</strong></span> <span class='ocrx_word' id='word_1_604' title='bbox 1393 4946 1553 5025; x_wconf 89' lang='lat' dir='ltr'><strong>implendo</strong></span> <span class='ocrx_word' id='word_1_605' title='bbox 1577 4963 1672 5007; x_wconf 93' lang='lat' dir='ltr'><strong>onere</strong></span> <span class='ocrx_word' id='word_1_606' title='bbox 1694 4945 1873 5008; x_wconf 89' lang='lat' dir='ltr'><strong>celebrandi</strong></span> <span class='ocrx_word' id='word_1_607' title='bbox 1895 4951 1929 5008; x_wconf 90' lang='lat' dir='ltr'><strong>et</strong></span> 
     </span>
     <span class='ocr_line' id='line_1_77' title="bbox 285 5032 1927 5117; baseline -0.001 -23"><span class='ocrx_word' id='word_1_608' title='bbox 285 5032 444 5111; x_wconf 89' lang='lat' dir='ltr'><strong>noveritis,</strong></span> <span class='ocrx_word' id='word_1_609' title='bbox 461 5037 634 5111; x_wconf 89' lang='lat' dir='ltr'><strong>opportune</strong></span> <span class='ocrx_word' id='word_1_610' title='bbox 650 5032 863 5112; x_wconf 88' lang='lat' dir='ltr'><strong>dispensandi,</strong></span> <span class='ocrx_word' id='word_1_611' title='bbox 880 5034 1006 5114; x_wconf 91' lang='lat' dir='ltr'><strong>adhoc,</strong></span> <span class='ocrx_word' id='word_1_612' title='bbox 1026 5044 1075 5116; x_wconf 87' lang='lat' dir='ltr'><strong>ut,</strong></span> <span class='ocrx_word' id='word_1_613' title='bbox 1132 5036 1309 5117; x_wconf 88' lang='lat' dir='ltr'><strong>applicandi</strong></span> <span class='ocrx_word' id='word_1_614' title='bbox 1333 5035 1459 5096; x_wconf 89' lang='lat' dir='ltr'><strong>Missam</strong></span> <span class='ocrx_word' id='word_1_615' title='bbox 1483 5052 1540 5114; x_wconf 90' lang='lat' dir='ltr'><strong>pro</strong></span> <span class='ocrx_word' id='word_1_616' title='bbox 1563 5034 1681 5112; x_wconf 92' lang='lat' dir='ltr'><strong>Populo</strong></span> <span class='ocrx_word' id='word_1_617' title='bbox 1701 5034 1812 5096; x_wconf 92' lang='lat' dir='ltr'><strong>diebus</strong></span> <span class='ocrx_word' id='word_1_618' title='bbox 1827 5033 1927 5096; x_wconf 83' lang='lat' dir='ltr'><strong>Fastis</strong></span> 
     </span>
     <span class='ocr_line' id='line_1_78' title="bbox 285 5121 1924 5204; baseline -0.001 -21"><span class='ocrx_word' id='word_1_619' title='bbox 285 5123 380 5184; x_wconf 91' lang='lat' dir='ltr'><strong>etiam</strong></span> <span class='ocrx_word' id='word_1_620' title='bbox 395 5121 505 5184; x_wconf 89' lang='lat' dir='ltr'><strong>diebus</strong></span> <span class='ocrx_word' id='word_1_621' title='bbox 524 5121 610 5183; x_wconf 91' lang='lat' dir='ltr'><strong>lestis</strong></span> <span class='ocrx_word' id='word_1_622' title='bbox 624 5121 825 5201; x_wconf 87' lang='lat' dir='ltr'><strong>hujusmodi,</strong></span> <span class='ocrx_word' id='word_1_623' title='bbox 846 5123 1078 5204; x_wconf 86' lang='lat' dir='ltr'><strong>eleemosynam</strong></span> <span class='ocrx_word' id='word_1_624' title='bbox 1133 5126 1172 5187; x_wconf 91' lang='lat' dir='ltr'><strong>de</strong></span> <span class='ocrx_word' id='word_1_625' title='bbox 1195 5128 1372 5202; x_wconf 83' lang='lat' dir='ltr'><strong>praecepto;</strong></span> <span class='ocrx_word' id='word_1_626' title='bbox 1399 5122 1551 5184; x_wconf 90' lang='lat' dir='ltr'><strong>utendum</strong></span> <span class='ocrx_word' id='word_1_627' title='bbox 1575 5121 1664 5183; x_wconf 84' lang='lat' dir='ltr'><strong>vobis</strong></span> <span class='ocrx_word' id='word_1_628' title='bbox 1686 5121 1746 5184; x_wconf 92' lang='lat' dir='ltr'><strong>erit</strong></span> <span class='ocrx_word' id='word_1_629' title='bbox 1759 5123 1924 5200; x_wconf 87' lang='lat' dir='ltr'><strong>potestate,</strong></span> 
     </span>
     <span class='ocr_line' id='line_1_79' title="bbox 284 5207 1924 5294; baseline -0.003 -22"><span class='ocrx_word' id='word_1_630' title='bbox 284 5211 325 5272; x_wconf 91' lang='lat' dir='ltr'><strong>ab</strong></span> <span class='ocrx_word' id='word_1_631' title='bbox 349 5211 456 5290; x_wconf 92' lang='lat' dir='ltr'><strong>aliquo</strong></span> <span class='ocrx_word' id='word_1_632' title='bbox 478 5208 530 5288; x_wconf 91' lang='lat' dir='ltr'><strong>pio</strong></span> <span class='ocrx_word' id='word_1_633' title='bbox 551 5209 698 5270; x_wconf 86' lang='lat' dir='ltr'><strong>ollerente</strong></span> <span class='ocrx_word' id='word_1_634' title='bbox 719 5209 859 5288; x_wconf 90' lang='lat' dir='ltr'><strong>recipere</strong></span> <span class='ocrx_word' id='word_1_635' title='bbox 880 5215 912 5273; x_wconf 90' lang='lat' dir='ltr'><strong>et</strong></span> <span class='ocrx_word' id='word_1_636' title='bbox 932 5231 988 5290; x_wconf 94' lang='lat' dir='ltr'><strong>pro</strong></span> <span class='ocrx_word' id='word_1_637' title='bbox 1010 5215 1077 5294; x_wconf 89' lang='lat' dir='ltr'><strong>ipso</strong></span> <span class='ocrx_word' id='word_1_638' title='bbox 1133 5229 1228 5293; x_wconf 91' lang='lat' dir='ltr'><strong>quam</strong></span> <span class='ocrx_word' id='word_1_639' title='bbox 1251 5210 1325 5272; x_wconf 84' lang='lat' dir='ltr'><strong>feeit</strong></span> <span class='ocrx_word' id='word_1_640' title='bbox 1347 5209 1509 5288; x_wconf 88' lang='lat' dir='ltr'><strong>Episcopis</strong></span> <span class='ocrx_word' id='word_1_641' title='bbox 1533 5209 1680 5287; x_wconf 90' lang='lat' dir='ltr'><strong>Synodus</strong></span> <span class='ocrx_word' id='word_1_642' title='bbox 1700 5207 1785 5270; x_wconf 77' lang='lat' dir='ltr'><strong>unu.</strong></span> <span class='ocrx_word' id='word_1_643' title='bbox 1809 5227 1874 5268; x_wconf 77' lang='lat' dir='ltr'><strong>sess.</strong></span> <span class='ocrx_word' id='word_1_644' title='bbox 1893 5210 1924 5284; x_wconf 82' lang='lat'><strong>7,</strong></span> 
     </span>
     <span class='ocr_line' id='line_1_80' title="bbox 285 5294 1927 5377; baseline -0.003 -18"><span class='ocrx_word' id='word_1_645' title='bbox 285 5297 480 5359; x_wconf 83' lang='lat' dir='ltr'><strong>Sacrificium</strong></span> <span class='ocrx_word' id='word_1_646' title='bbox 502 5296 672 5376; x_wconf 86' lang='lat' dir='ltr'><strong>applicare,</strong></span> <span class='ocrx_word' id='word_1_647' title='bbox 696 5301 850 5377; x_wconf 88' lang='lat' dir='ltr'><strong>quatenus</strong></span> <span class='ocrx_word' id='word_1_648' title='bbox 865 5297 897 5359; x_wconf 92' lang='lat' dir='ltr'><strong>id</strong></span> <span class='ocrx_word' id='word_1_649' title='bbox 915 5301 955 5362; x_wconf 92' lang='lat' dir='ltr'><strong>ab</strong></span> <span class='ocrx_word' id='word_1_650' title='bbox 977 5320 1014 5364; x_wconf 94' lang='lat' dir='ltr'><strong>eo</strong></span> <span class='ocrx_word' id='word_1_651' title='bbox 1030 5322 1079 5364; x_wconf 85' lang='lat' dir='ltr'><strong>re-</strong></span> <span class='ocrx_word' id='word_1_652' title='bbox 1132 5319 1158 5362; x_wconf 75' lang='grc' dir='ltr'><strong>ο.</strong></span> <span class='ocrx_word' id='word_1_653' title='bbox 1174 5303 1204 5375; x_wconf 83' lang='lat' dir='ltr'><strong>l,</strong></span> <span class='ocrx_word' id='word_1_654' title='bbox 1221 5299 1295 5359; x_wconf 91' lang='lat' dir='ltr'><strong>dum</strong></span> <span class='ocrx_word' id='word_1_655' title='bbox 1306 5297 1431 5358; x_wconf 91' lang='lat' dir='ltr'><strong>illorum</strong></span> <span class='ocrx_word' id='word_1_656' title='bbox 1442 5295 1571 5358; x_wconf 89' lang='lat' dir='ltr'><strong>arbitrio</strong></span> <span class='ocrx_word' id='word_1_657' title='bbox 1581 5295 1734 5375; x_wconf 89' lang='lat' dir='ltr'><strong>permisit,</strong></span> <span class='ocrx_word' id='word_1_658' title='bbox 1747 5294 1838 5376; x_wconf 84' lang='lat' dir='ltr'><strong>juxta</strong></span> <span class='ocrx_word' id='word_1_659' title='bbox 1846 5300 1927 5356; x_wconf 90' lang='lat' dir='ltr'><strong>tem·</strong></span> 
     </span>
     <span class='ocr_line' id='line_1_81' title="bbox 227 5382 1924 5467; baseline -0.002 -23"><span class='ocrx_word' id='word_1_660' title='bbox 227 5392 229 5400; x_wconf 89' lang='lat'>&#39;</span> <span class='ocrx_word' id='word_1_661' title='bbox 286 5385 447 5464; x_wconf 87' lang='lat' dir='ltr'><strong>quiratur‚</strong></span> <span class='ocrx_word' id='word_1_662' title='bbox 468 5385 565 5447; x_wconf 92' lang='lat' dir='ltr'><strong>libere</strong></span> <span class='ocrx_word' id='word_1_663' title='bbox 588 5389 619 5445; x_wconf 91' lang='lat' dir='ltr'><strong>et</strong></span> <span class='ocrx_word' id='word_1_664' title='bbox 639 5383 723 5445; x_wconf 89' lang='lat' dir='ltr'><strong>licite</strong></span> <span class='ocrx_word' id='word_1_665' title='bbox 745 5385 864 5462; x_wconf 91' lang='lat' dir='ltr'><strong>possint</strong></span> <span class='ocrx_word' id='word_1_666' title='bbox 885 5390 916 5447; x_wconf 88' lang='lat' dir='ltr'><strong>et</strong></span> <span class='ocrx_word' id='word_1_667' title='bbox 935 5390 1076 5466; x_wconf 89' lang='lat' dir='ltr'><strong>valeant;</strong></span> <span class='ocrx_word' id='word_1_668' title='bbox 1132 5405 1245 5467; x_wconf 91' lang='lat' dir='ltr'><strong>porum</strong></span> <span class='ocrx_word' id='word_1_669' title='bbox 1268 5391 1362 5465; x_wconf 90' lang='lat' dir='ltr'><strong>atque</strong></span> <span class='ocrx_word' id='word_1_670' title='bbox 1383 5383 1594 5463; x_wconf 87' lang='lat' dir='ltr'><strong>injunctorum</strong></span> <span class='ocrx_word' id='word_1_671' title='bbox 1612 5400 1744 5444; x_wconf 91' lang='lat' dir='ltr'><strong>onerum</strong></span> <span class='ocrx_word' id='word_1_672' title='bbox 1759 5382 1924 5458; x_wconf 88' lang='lat' dir='ltr'><strong>rationem,</strong></span> 
     </span>
     <span class='ocr_line' id='line_1_82' title="bbox 286 5467 1927 5560; baseline 0.001 -29"><span class='ocrx_word' id='word_1_673' title='bbox 286 5469 457 5541; x_wconf 87' lang='lat' dir='ltr'><strong>dummodo</strong></span> <span class='ocrx_word' id='word_1_674' title='bbox 472 5469 511 5533; x_wconf 89' lang='lat' dir='ltr'><strong>ad</strong></span> <span class='ocrx_word' id='word_1_675' title='bbox 527 5468 737 5534; x_wconf 86' lang='lat' dir='ltr'><strong>necessariam</strong></span> <span class='ocrx_word' id='word_1_676' title='bbox 751 5469 858 5556; x_wconf 88' lang='lat' dir='ltr'><strong>populi</strong></span> <span class='ocrx_word' id='word_1_677' title='bbox 874 5476 1078 5539; x_wconf 85' lang='lat' dir='ltr'><strong>commodita-</strong></span> <span class='ocrx_word' id='word_1_678' title='bbox 1133 5491 1305 5556; x_wconf 85' lang='lat' dir='ltr'><strong>congruam</strong></span> <span class='ocrx_word' id='word_1_679' title='bbox 1319 5470 1476 5560; x_wconf 78' lang='lat' dir='ltr'><strong>praedictis</strong></span> <span class='ocrx_word' id='word_1_680' title='bbox 1491 5471 1622 5540; x_wconf 86' lang='lat' dir='ltr'><strong>Vioariis</strong></span> <span class='ocrx_word' id='word_1_681' title='bbox 1636 5471 1795 5538; x_wconf 80' lang='lat' dir='ltr'><strong>fruetuum</strong></span> <span class='ocrx_word' id='word_1_682' title='bbox 1809 5467 1927 5556; x_wconf 89' lang='lat' dir='ltr'><strong>portio-</strong></span> 
     </span>
    </p>
   </div>
   <div class='ocr_carea' id='block_1_7' title="bbox 0 0 2078 6336">
    <p class='ocr_par' dir='ltr' id='par_1_12' title="bbox 0 0 2078 6336">
     <span class='ocr_line' id='line_1_83' title="bbox 0 0 2078 6336; baseline 0 0"><span class='ocrx_word' id='word_1_683' title='bbox 0 0 2078 6336; x_wconf 95' lang='lat' dir='ltr'><strong> </strong></span> 
     </span>
    </p>
   </div>
  </div>
 </body>
</html>
