4086 6348
351 585 410 644 800

310 766 454 838 Quaeri.
471 765 524 815 995.
540 789 569 802 ·-
582 764 623 816 An
641 761 668 815 e't
682 763 819 830 quomodo
833 763 942 814 9999999
958 763 993 814 999
1010 776 1061 828 po·

332 852 397 890 nera
424 837 529 902 aliquid
561 834 780 902 incompeoeibila
808 847 870 886 cunr
899 833 1059 886 recitatione

332 911 475 962 Horarum
1084 905 1120 957 ib.

365 974 456 1035 09999.
480 973 583 1022 9999-
608 970 677 1030 0999
700 982 779 1034 agera
802 968 910 1030 debeat,
936 969 982 1033 qui
1007 969 1060 1020 du·

332 1042 462 1105 bitetten
481 1039 602 1093 recitarit
620 1039 741 1105 aliquam
762 1039 870 1101 liuram,
890 1039 934 1090 ael
955 1039 1061 1104 aliquid

333 1113 465 1164 omiserit.
902 1143 904 1150 ·
1078 1111 1123 1161 999

364 1184 429 1234 999.
441 1183 482 1234 lv.
495 1181 622 1246 Quomodo
636 1182 772 1234 recitandae
785 1183 836 1232 aiut
849 1183 933 1232 Horo.
1085 1183 1121 1232 ib.

366 1257 458 1319 09999.
487 1257 537 1307 999.
565 1281 595 1294 --
620 1255 677 1316 Qua
707 1255 801 1319 lingua
830 1254 976 1305 recitandae
1005 1255 1061 1306 9999

336 1329 422 1380 liora.

366 1398 456 1462 Qaoest.
472 1397 525 1448 999.
543 1419 571 1432 -
593 1395 633 1447 lix
652 1406 706 1461 quo
727 1393 864 1447 breviario
884 1393 1004 1446 otilcium
1028 1394 1064 1445 sit

340 1466 519 1522 recitandum.
1088 1465 1125 1514 ib.

367 1541 457 1604 09999.
475 1539 527 1590 999.
543 1563 574 1576 -
589 1535 674 1597 Quale
689 1535 811 1587 9999999
828 1535 863 1586 999
877 1535 1054 1588 recitandum.
1080 1535 1125 1588 cer

367 1613 457 1676 09999.
469 1613 523 1660 999.
540 1607 648 1670 -Quid
659 1611 790 1672 praeterea
802 1607 873 1658 circa
884 1607 1064 1659 mutationem

336 1683 372 1733 sit
385 1679 551 1732 99999999.
1081 1678 1126 1728 999

368 1753 458 1817 Quart.
474 1753 528 1802 999.
545 1775 575 1787 ·-
590 1749 718 1808 Quianam
733 1751 894 1799 censeantur
909 1750 988 1813 lustra
1002 1761 1064 1799 cau·

336 1837 372 1876 aaa
386 1823 469 1874 999999
484 1823 542 1872 sine
559 1823 668 1884 peccato
685 1820 816 1869 mutandi.

369 1895 462 1958 Qaoeat.
487 1894 596 1943 2⁰2.-
620 1889 691 1949 Quid
715 1886 913 1938 observandum
935 1888 971 1938 sit
994 1889 1065 1938 circa

337 1965 461 2016 Olllciurn
470 1960 661 2021 Dedicationir,
671 1959 787 2022 l‘atronl,
794 1958 919 2010 Titularis
929 1961 956 2009 et
964 1959 1065 2020 Sancti

337 2035 370 2086 dc
386 2046 440 2097 quo
454 2033 589 2083 habentur
604 2031 1126 2094 9919999999.

369 2105 460 2167 09999.
470 2103 563 2152 999-
573 2101 642 2160 0999
654 2099 790 2164 agendum
804 2099 848 2160 sit,
864 2100 885 2149 si
903 2099 959 2148 duo
974 2100 1065 2151 Sancti

309 2185 313 2196 ·
339 2187 457 2240 quorum
472 2172 538 2224 testa
553 2171 720 2224 incidentia
738 2171 843 2220 diuersa
863 2173 993 2232 tempora,
1008 2171 1066 2220 sint

339 2245 448 2297 Patroni
465 2255 541 2306 arque
557 2241 719 2306 principales
733 2240 853 2306 ejusdem
869 2239 1002 2290 Ecclesiae.
1080 2242 1125 2292 999

368 2317 461 2379 09999.
475 2315 570 2365 999.·
542 2313 655 2374 -0999
671 2312 869 2363 9999999999
890 2312 962 2361 circu
976 2315 1065 2362 trans-

338 2389 467 2439 lationem
483 2386 612 2436 festorum
630 2383 724 2433 eodem
739 2383 783 2432 diu
798 2382 1008 2433 occurrentium.

369 2459 460 2522 09999.
476 2457 530 2506 995.
554 2479 583 2492 ·-
605 2453 675 2514 Quid
700 2453 900 2504 observandum
923 2452 994 2502 eirca
1018 2454 1065 2504 Oc·

337 2532 422 2580 99999.
1081 2525 1127 2576 999

370 2591 461 2652 Quart.
484 2591 537 2639 999.
560 2613 591 2624 -
614 2585 684 2646 Quid
708 2583 907 2637 observandum
931 2585 967 2635 eit
993 2585 1065 2636 circa
1081 2656 1126 2706 7⁰5

308 2683 311 2690 ·
338 2662 624 2712 commemorationem
639 2657 668 2706 in
684 2655 771 2706 lloris.

368 2730 459 2794 Quoert.
474 2729 528 2778 999.
540 2753 571 2764 -
581 2725 651 2786 Quid
661 2723 859 2775 9999999999
873 2724 908 2774 999
922 2723 992 2774 circa
1005 2724 1066 2776 Lce-

326 2821 328 2828 ·
339 2801 427 2852 999999
438 2803 466 2849 99
477 2797 665 2862 Responaoria.

370 2874 461 2936 Quaest.
476 2871 530 2920 999.
548 2867 663 2928 -Quid
679 2864 836 2917 addendum
859 2864 895 2915 sit
911 2865 981 2915 circa
1001 2865 1063 2917 ottr-

338 2945 411 2996 cium
422 2940 623 3000 detunctorum,
634 2938 753 2989 litaniae
761 2937 883 2986 omnium
898 2939 1061 2988 Sanctorum

339 3015 457 3068 Psalmos
473 3009 676 3063 Pmultentiales
690 3013 718 3059 et
731 3007 886 3058 Graduales.
1089 3007 1126 3060 99.

371 3087 462 3149 Quaeri.
477 3087 531 3135 999.
553 3108 584 3118 -
598 3081 668 3141 0999
687 3081 758 3130 circa
777 3079 897 3129 vocalem
917 3078 1066 3144 expressio·

339 3170 403 3209 nam
417 3159 446 3208 et
459 3152 647 3206 recitationem
662 3163 723 3202 eum
742 3151 815 3202 socio
830 3150 873 3200 rel
888 3151 916 3201 in
931 3151 1022 3205 choro.

344 3229 347 3239 “
372 3229 463 3290 Queat.
491 3224 546 3275 999.
568 3247 600 3261 -
627 3221 697 3282 Quid
725 3221 795 3272 circa
823 3221 976 3272 mutilatam
1005 3233 1066 3272 oro-

339 3301 452 3352 tionam.
1083 3293 1128 3342 999

372 3370 466 3432 09999.
480 3369 535 3418 999.
551 3391 581 3403 -
596 3365 665 3425 0999
680 3365 751 3416 circa
767 3363 1000 3426 interruptionem.
1090 3363 1127 3414 ib.

373 3441 466 3501 09999.
489 3439 544 3488 999.
569 3461 599 3473 -
622 3435 692 3496 0999
720 3434 791 3484 circa
816 3432 998 3483 inversionem
1025 3445 1128 3545 99·-710

338 3502 420 3553 dinis.

369 3573 463 3634 09999.
477 3571 532 3622 919.
549 3591 579 3608 -
593 3568 663 3628 Quid
678 3568 749 3618 circu
763 3571 870 3630 tempus
883 3563 1026 3616 recitandi.
1089 3565 1126 3615 99.

371 3643 462 3707 Queat.
484 3639 538 3690 999.
565 3665 594 3676 -
616 3642 658 3689 An
677 3637 842 3690 lletntiuum
865 3636 936 3688 orari
965 3635 1064 3688 debeat

340 3713 402 3762 anta
417 3708 628 3761 celebrationem
645 3707 739 3760 Missas.

371 3782 463 3846 Quodt.
479 3783 580 3833 21⁵.-
597 3780 667 3840 Quid
681 3778 838 3830 addendum
856 3778 892 3828 sit
911 3777 981 3828 eirca
999 3780 1065 3828 tem·

340 3867 401 3919 pus,
414 3864 470 3916 quo
483 3851 585 3904 desinit
599 3850 729 3914 obligatio
743 3849 839 3900 orandi
855 3862 902 3913 pro
917 3861 971 3900 una
985 3849 1039 3900 die.
1090 3848 1127 3899 ib·

372 3924 463 3987 09999.
477 3924 578 3973 999.·
592 3921 662 3983 Quid
681 3921 752 3972 circa
773 3919 863 3970 locum
881 3923 908 3970 et
929 3920 1013 3970 situm
1036 3919 1065 3970 in

340 3995 464 4116 ormo!
482 4057 581 4106 999.-
596 4053 666 4115 0999
681 4055 716 4104 sit
730 4051 879 4104 notandum
895 4052 963 4102 circa
979 4051 1067 4103 inten-

340 4128 444 4178 tionem
460 4128 494 4178 ad
510 4126 595 4178 llora's
610 4125 833 4190 praerequisitam.
1090 4123 1127 4175 ib.

372 4189 463 4261 09999.
481 4198 580 4249 999.·
597 4196 667 4257 0999
683 4197 718 4246 sit
732 4197 759 4245 et
780 4193 929 4260 quotuplex
949 4194 1064 4245 attentio

341 4270 376 4321 sd
391 4271 484 4320 liores.
1083 4265 1127 4317 999

372 4340 463 4403 Queat.
479 4341 581 4391 999.-
594 4339 634 4389 99
647 4337 762 4389 attentio
780 4340 892 4388 externa
911 4337 1067 4401 requiratur

339 4408 373 4463 ad
391 4410 610 4463 satisfaciendum
626 4422 674 4475 pro
689 4409 776 4460 lloris.

372 4482 462 4545 09999.
477 4481 532 4531 999.
548 4507 578 4518 -
596 4481 636 4530 99
657 4479 747 4544 eliqua
766 4477 881 4530 attentio
900 4477 1007 4529 interna
1026 4491 1067 4529 re·

340 4553 464 4617 quiratur
475 4552 511 4602 ad
525 4552 620 4602 lloras.

371 4624 462 4686 09999.
478 4624 532 4673 999.
554 4648 583 4659 -
604 4623 644 4672 99
664 4621 755 4686 aliqua
769 4619 884 4670 attentio
899 4621 1006 4671 interna
1025 4633 1067 4670 re·

341 4694 465 4760 quiratur
477 4693 510 4742 ad
527 4693 671 4743 essentiam
687 4691 831 4743 Orationis.

372 4765 463 4827 099999.
478 4763 533 4814 999.
548 4789 579 4801 -
592 4765 632 4815 An
643 4764 758 4815 attentio
774 4763 880 4814 interna
896 4761 924 4811 in
939 4760 1017 4812 Horis
1031 4761 1067 4812 sit

339 4835 435 4886 saltam
448 4835 568 4900 graviter
585 4838 718 4900 praecepta
735 4835 770 4884 ab
788 4833 913 4884 Ecclesia.

371 4906 462 4968 09999.
491 4905 548 4955 999.
576 4931 606 4943 -
633 4905 763 4965 Quaenam
792 4916 838 4967 pro
870 4902 947 4967 praxi
976 4900 1066 4953 adbuc

339 4973 463 5026 addenda
481 4975 536 5025 sint
549 4975 619 5025 circa
633 4975 812 5026 attentionem
830 4973 974 5024 internam.
1089 4972 1129 5025 ib.

372 5048 462 5110 09999.
478 5047 582 5098 ill.-
596 5048 636 5097 99
651 5042 804 5110 specialiter
818 5045 918 5108 peccet,
939 5043 986 5107 qui
1008 5045 1067 5093 orat

340 5131 401 5168 cum
416 5118 516 5168 actuali
531 5117 669 5182 proposito
690 5114 818 5182 peccandi
836 5114 994 5165 mortaliter.
1083 5115 1128 5165 999

372 5188 464 5252 Queat.
478 5189 533 5238 995.
550 5214 579 5224 -
593 5189 633 5238 99
643 5188 678 5239 999
692 5185 821 5250 obligatio
832 5184 927 5236 orandi
943 5197 1005 5236 cum
1019 5197 1065 5248 spa

342 5256 465 5382 νθὲὶέἒὲ.
479 5319 536 5372 999.
552 5345 583 5357 -
600 5319 730 5379 Quaenam
753 5318 907 5384 specialiter
929 5329 976 5382 pro
993 5329 1066 5369 scru-
1090 5253 1127 5306 ib·

340 5388 493 5452 99199999
507 5391 562 5441 sint
578 5389 708 5442 9999999.
1090 5387 1127 5439 99.

371 5458 435 5510 Dor.
447 5461 489 5512 lit.
505 5460 572 5524 Quid
584 5460 676 5511 Cters'ei
685 5460 785 5524 possint
799 5460 866 5512 99999
879 5459 1067 5530 (impositionem

339 5529 469 5592 fructuum
483 5543 586 5584 9999999
602 5531 791 5596 Beneficiorum.
1090 5529 1128 5584 9.9

1078 1327 1124 1376 999

1079 1819 1124 1868 999

1082 2385 1128 2434 999

1082 2797 1127 2847 999

1082 3151 1128 3201 999

1083 3708 1126 3759 999

1082 3991 1128 4041 999

1083 4409 1129 4459 999

1082 4550 1128 4601 999

1086 4692 1127 4742 999

1083 4833 1128 4883 999

1141 995 1144 1003 ·
1178 987 1245 1036 maa,
1260 973 1411 1035 Primitiae,
1426 974 1594 1026 Oblationes.

1441 375 1446 386 ·
1545 354 1657 478 aza

1490 376 1681 718 dgr}

874 576 995 638 ruuux
1018 577 1155 638 99999
1177 577 1289 639 surm
1293 577 1426 640 99999.
1493 563 1558 700 ”Oia

1210 764 1303 826 09999.
1326 764 1441 815 999-
1469 762 1540 824 Quid
1567 762 1612 813 hic
1641 764 1773 828 praeterea
1801 763 1839 814 sit
1866 775 1920 816 no·

1180 833 1306 886 tandum.

1210 905 1301 967 (laceat.
1316 904 1370 954 999.
1386 929 1416 940 -

1437 903 1508 964 0999
1524 905 1560 955 999
1578 903 1730 954 notandum
1749 902 1823 956 circa
1842 905 1915 956 99999-
1932 837 1974 888 m

1210 1046 1301 1108 Quoeat.
1316 1047 1370 1095 999.
1387 1071 1418 1080 -
1430 1046 1500 1105 Quid
1513 1043 1663 1095 notandum
1679 1043 1716 1095 sit
1729 1046 1801 1096 circa
1814 1045 1919 1096 alierm-

1179 1116 1281 1167 tionem
1296 1116 1433 1166 bonorum
1448 1118 1492 1166 vel
1507 1129 1597 1167 rerum
1613 1115 1872 1168 Ecclesiasticarum.
1938 1119 1975 1169 lb.

1210 1187 1275 1236 Dur.
1294 1187 1335 1236 lv.
1352 1187 1414 1248 Quia
1427 1187 1460 1236 sit
1471 1187 1571 1237 9959999
1583 1185 1748 1248 clericorum,
1765 1201 1823 1254 qaae
1835 1191 1916 1250 artu,

1179 1257 1276 1322 officio,
1296 1259 1408 1308 actiones
1426 1258 1659 1323 er'eprotr'beautar.

1212 1330 1305 1391 09999.
1320 1331 1375 1379 999.
1399 1352 1429 1366 -
1453 1331 1524 1389 Quid
1547 1333 1676 1392 praterea
1701 1328 1851 1380 notandum
1875 1330 1915 1380 sit

1180 1398 1250 1449 circa
1276 1397 1476 1464 obligationem
1502 1399 1626 1462 gastandi
1650 1398 1774 1449 habitum
1796 1403 1825 1448 et
1849 1403 1915 1451 ton·

1180 1483 1281 1520 suram.

1212 1542 1304 1605 Quoeat.
1318 1542 1373 1593 959.

1179 1612 1289 1677 gotiari.

1213 1685 1305 1746 09999.
1322 1685 1423 1735 999.-

1181 1755 1294 1804 tionem.

1213 1826 1305 1887 09999.
1320 1823 1415 1874 2³3.-
1427 1822 1498 1883 Quid
1514 1823 1663 1875 notandum
1676 1823 1713 1873 sit
1726 1821 1761 1874 da
1778 1821 1846 1872 ludo
1860 1834 1917 1873 res·

1182 1908 1260 1966 pactu
1275 1902 1452 1954 Clericorum.

1213 1974 1304 2035 Quart.
1319 1972 1415 2022 999-
1431 1975 1471 2022 99
1488 1971 1592 2022 Clerico
1609 1972 1716 2022 licitum
1732 1971 1768 2021 ait
1783 1970 1916 2022 interesse

1183 2044 1349 2095 exsecutioni
1370 2055 1456 2107 poena
1473 2045 1576 2094 mortis.
1933 2043 1968 2094 ib.

1215 2117 1306 2178 09999.
1322 2117 1424 2165 2³5.-
1445 2115 1514 2175 Quid
1539 2117 1574 2165 eit
1597 2112 1772 2179 priuilegium
1795 2114 1914 2165 Cononis

1183 2187 1293 2247 ctiori,
1316 2186 1388 2248 qnod
1404 2183 1503 2234 habere
1518 2183 1769 2237 dicuuturclerici.
1935 2185 1971 2235 ib.

1214 2256 1305 2318 Quasi.
1322 2257 1424 2306 999.·
1439 2255 1507 2315 0999
1525 2254 1559 2305 99
1578 2257 1751 2306 immunitate
1769 2253 1916 2306 Ecclesias-

1183 2325 1237 2376 tica
1251 2327 1286 2375 sit
1300 2327 1462 2377 notandum.
1939 2325 1974 2376 ib.

1215 2397 1306 2459 09999.
1333 2399 1448 2447 999-
1474 2396 1515 2447 99
1542 2396 1613 2446 bona
1642 2395 1781 2446 secularia
1812 2395 1916 2458 possint

1183 2467 1240 2518 lieri
1262 2467 1448 2519 licclmiastiea
1468 2469 1527 2518 siue
1547 2468 1658 2520 licentia
1682 2467 1815 2532 Principis
1833 2479 1917 2518 saca·

1183 2537 1256 2588 laris.

1215 2611 1306 2671 Queat.
1317 2611 1374 2660 999.
1386 2637 1417 2647 -
1426 2612 1467 2660 An
1479 2613 1610 2661 statutum
1624 2609 1782 2674 prohibens,
1792 2622 1826 2659 na
1843 2608 1915 2659 bona

1182 2681 1290 2731 stabilia
1314 2679 1452 2732 donentur
1474 2687 1522 2732 aut
1547 2679 1701 2732 vendantur
1726 2679 1916 2742 9991999999

1183 2749 1324 2814 injustum,
1339 2750 1444 2802 secluso
1459 2752 1616 2817 privilagio.
1757 2773 1765 2788 ·
1930 2752 1971 2801 999

1215 2823 1370 2884 09999999
1387 2821 1866 2886 —Quiddeasylositnotandum
1928 2823 1969 2874 iti

1212 2893 1305 2954 09999.
1316 2893 1415 2944 999.·
1431 2891 1501 2952 0999
1517 2892 1666 2942 notandum
1682 2893 1718 2942 sit
1732 2892 1804 2942 circa
1815 2893 1911 2958 jusre·

1182 2963 1274 3026 galiae,
1298 2963 1363 3012 item
1389 2963 1459 3013 circu
1484 2965 1646 3028 potestatem
1673 2967 1700 3012 et
1723 2957 1922 3014 auctoritatem

1182 3033 1296 3084 llomani
1312 3033 1458 3084 99999999.

1214 3104 1285 3156 Ger.
1290 3104 1332 3154 lli.
1354 3105 1390 3155 De
1407 3106 1476 3154 99999
1499 3107 1523 3155 et
1543 3103 1629 3170 officio
1647 3117 1816 3168 personarum
1833 3117 1911 3154 9999-

1182 3173 1276 3228 urtam
1293 3175 1462 3240 quarumdam
1481 3175 1625 3239 praesertim
1646 3173 1815 3238 judiacum

1213 3247 1278 3296 Dua.
1302 3247 1321 3296 9.
1349 3247 1408 3310 0999
1430 3247 1595 3312 requirantur
1620 3245 1657 3296 ad
1677 3245 1818 3310 epitimam
1840 3245 1913 3297 rada·-

1183 3331 1244 3368 cem.

1215 3389 1305 3450 Quaeat.
1328 3390 1433 3440 999.-
1403 3389 1522 3450 -0999
1546 3392 1678 3454 proeterca
1700 3387 1852 3440 notandum
1878 3390 1916 3441 ait

1184 3457 1255 3512 circa
1267 3461 1487 3523 iurisdictionem
1502 3459 1614 3512 iudicis.
1934 3459 1970 3512 ib.

1215 3532 1306 3593 099999.
1321 3532 1422 3581 999-
1392 3532 1506 3592 -Quid
1522 3531 1593 3582 circa
1614 3529 1728 3582 crimina
1749 3532 1915 3598 exceptant

1180 3602 1250 3666 luris
1264 3602 1387 3654 ordinem
1401 3603 1437 3652 eit
1450 3603 1615 3654 addendum.

1209 3671 1280 3724 Duo.
1297 3672 1318 3721 l.
1341 3673 1378 3724 De
1397 3673 1522 3736 potestate
1537 3675 1562 3722 et
1580 3671 1665 3736 officio
1687 3665 1791 3722 radim.

1215 3745 1281 3793 999.
1296 3743 1317 3793 1.
1331 3741 1580 3807 Quidregur'rotar'
1569 3757 1595 3792 aa
1608 3741 1704 3792 dedice.

1212 3815 1307 3878 09999.
1331 3815 1441 3864 299-
1468 3813 1539 3874 Quid
1565 3814 1636 3864 cirea
1663 3812 1723 3863 hac
1749 3811 1788 3864 eit
1813 3813 1912 3864 notan·

1183 3886 1257 3938 dum.

1215 3957 1305 4019 09999.
1324 3954 1430 4007 999.-
1448 3954 1512 4015 oua
1539 3955 1575 4006 999
1597 3953 1727 4019 obligatio
1755 3953 1909 4036 Principum

1184 4029 1253 4080 circa
1266 4027 1377 4080 ludices
1390 4025 1549 4080 statuendae
1564 4030 1592 4078 et
1606 4023 1860 4078 manutenendam
1851 4037 1911 4090 pus·

1184 4101 1282 4151 titiam.

1214 4167 1720 4237 99919099191999999999999999
1739 4170 1807 4220 cabaa
1829 4169 1911 4236 ingai-

1183 4245 1307 4296 rr'tr'orrem.
1927 4241 1972 4292 999

1215 4315 1376 4380 Querella.
1392 4338 1423 4351 -
1437 4313 1506 4374 Quid
1521 4315 1653 4378 praterea
1667 4313 1738 4365 circa
1758 4311 1912 4377 inquisitio·

1183 4401 1247 4438 nem
1261 4388 1296 4437 sit
1310 4384 1469 4436 notandum.

1216 4458 1307 4520 09999.
1329 4457 1384 4506 999.
1407 4479 1438 4492 ·-
1452 4454 1521 4516 Quid
1535 4455 1605 4506 circa
1619 4453 1861 4520 presumptionem
1885 4457 1912 4504 et

1184 4528 1356 4593 probationes
1370 4527 1405 4590 sit
1419 4526 1580 4577 notandum.

1215 4601 1279 4650 999.
1300 4599 1343 4650 tll.
1365 4597 1433 4662 Quid
1448 4599 1520 4650 ls'eeut
1539 4596 1624 4650 radat
1638 4598 1706 4650 99999
1723 4594 1874 4663 quodiam
1888 4597 1913 4646 et

1185 4672 1317 4722 torturam.

1216 4741 1378 4805 oneraret.
1398 4766 1428 4779 -
1442 4741 1483 4792 99
1496 4740 1606 4804 aliquis,
1625 4739 1678 4791 hoc
1696 4739 1755 4802 ipso
1775 4736 1847 4806 quod
1866 4751 1912 4789 ca·

1184 4815 1283 4880 piatur,
1299 4811 1503 4876 praesumendus
1517 4811 1553 4860 eit
1566 4824 1636 4862 reus.

1216 4881 1913 4948 099999.999-099999999999999999999,99.19·

1184 4955 1237 5005 dex
1263 4955 1348 5018 possit
1369 4953 1523 5017 specialiter
1545 4952 1699 5017 inquirere,
1723 4963 1831 5016 capere.
1855 4953 1915 5002 tor-

1183 5039 1275 5091 quere,
1291 5024 1480 5080 condemnare.

1216 5099 1307 5161 Quoeat.
1322 5097 1422 5148 illi.—
1438 5095 1574 5155 Quantum
1590 5093 1675 5146 tribui
1697 5093 1783 5159 possit
1803 5091 1913 5146 danna·

1183 5169 1351 5220 tlatiouibus.
1425 5169 1428 5176 ’
1930 5167 1973 5216 959

1215 5239 1308 5302 Quart.
1323 5239 1378 5288 959.
1394 5263 1423 5274 -
1437 5240 1478 5288 An
1495 5249 1558 5300 ergo
1580 5235 1689 5287 damon
1713 5236 1742 5288 in
1763 5235 1917 5301 congressi·

1934 1261 1977 1311 929

1389 1565 1419 1590 -τ
1433 1541 1474 1590 99
1502 1539 1749 1604 Clerico„unquarn
1770 1540 1852 1592 liceat
1868 1473 1970 1624 mitt

1438 1681 1511 1742 Quid
1530 1678 1611 1732 liceat
1624 1681 1735 1732 clericis
1749 1681 1821 1732 cirea
1835 1695 1920 1734 sana·
1934 1755 1977 1806 w

1938 1903 1972 1954 99.

1931 2539 1972 2588 799

1923 3033 1965 3084 999

1927 3175 1969 3225 999

1937 3316 1970 3367 99.

1928 3601 1970 3653 999

1935 3673 1969 3722 99.

1933 3741 1968 3793 99.

1920 3884 1965 3934 959

1936 4095 1971 4148 lb.

1928 4383 1973 4432 999.

1925 4523 1971 4574 993

1929 4667 1973 4716 795

1929 4809 1976 4860 ‘loo

1938 5023 1974 5074 ib.

1171 5312 1234 5363 ’999
1246 5322 1369 5374 sagarum
1386 5313 1579 5374 repraesentare
1592 5309 1681 5374 possit
1693 5307 1820 5360 homiuea
1835 5308 1916 5360 iano-

1183 5386 1306 5517 eamn
1320 5454 1375 5503 959.
1390 5475 1422 5490 -
1434 5454 1477 5504 lla
1491 5452 1585 5506 iudea
1603 5453 1689 5517 possit
1710 5451 1860 5516 procedere
1885 5451 1917 5502 ad
1930 5379 1967 5429 m

1183 5529 1314 5578 tortumm
1329 5537 1362 5576 ex
1376 5525 1433 5578 sola
1447 5524 1518 5578 iana
1533 5524 1650 5590 publica.
1924 5483 1954 5570 ᾖ

1994 559 2013 674 i
