4144 6336
691 549 808 612 LIBER
836 548 1017 627 TERTIUS,
1047 551 1148 616 Pons
1176 553 1200 616 l.
1723 561 1764 624 37

127 739 321 816 necessitate,
350 739 492 818 adeoque
521 756 583 799 non
604 735 808 814 satisfaceret,
832 738 917 798 Luca
969 737 1116 816 adeptam
1144 739 1327 818 parochiam
1354 743 1431 804 fiant
1458 743 1661 808 Subdiacoai.
1699 749 1762 810 Sed

125 831 164 892 ad
192 829 279 892 Trid.
309 828 381 890 disc.
406 832 437 906 l,
463 848 493 891 a.
516 831 574 901 ll3
599 829 681 888 nott.
707 827 726 888 l.
752 829 788 903 3,
810 845 840 907 q.
864 829 913 903 et,
970 826 1124 888 sententia
1134 827 1186 888 illa
1200 828 1324 890 videtur
1337 849 1395 910 per
1408 832 1494 894 Trid.
1511 833 1599 909 elisa,
1617 851 1675 896 nec
1691 834 1758 912 ipse

126 939 154 980 a.
182 921 241 992 :to;
265 915 414 998 Paxjord.
441 916 463 980 i.
491 919 539 994 10,
566 924 588 978 t.
617 918 648 983 t,
671 935 702 979 a.
730 918 790 989 56;
820 918 912 978 Leur.
969 916 1078 992 Laym.
1096 916 1193 978 textui
1208 917 1505 983 illimultumsrdit:
1527 940 1601 984 nam
1616 923 1758 1002 requirit,

126 1029 153 1090 q.
174 1009 244 1067 371.
969 1009 1005 1064 ut
1023 1003 1104 1066 adsit
1118 1005 1286 1066 necessitas
1296 1007 1345 1067 vel
1355 1007 1457 1087 major
1471 1008 1616 1070 Ecclesia
1632 1010 1760 1088 utilitas,

66 1111 101 1156 rto
161 1097 179 1175 ᾗ
207 1098 255 1157 ll.
280 1093 441 1156 (tantinum¹
462 1093 640 1155 residentiae
664 1109 725 1154 nan
750 1091 863 1167 obstat,
889 1090 915 1152 si
970 1090 1054 1171 quad
1070 1111 1152 1153 nunc
1167 1092 1375 1156 dililculteria
1389 1096 1477 1173 praxi
1494 1096 1759 1160 habebitlocum:

125 1183 192 1264 quis
207 1182 364 1262 aliquibus
378 1181 440 1243 diei
461 1181 546 1242 lteris
560 1185 647 1244 extra
667 1179 822 1260 peroclrim
837 1181 915 1242 finos
970 1185 1074 1246 adhuc
1095 1187 1202 1246 tamen
1230 1187 1303 1243 sunt
1329 1181 1425 1261 aliqui
1452 1181 1608 1262 Episcopi,
1639 1186 1693 1264 qui
1720 1186 1761 1246 ad

124 1275 224 1346 exeat,
250 1290 281 1332 v.
302 1289 333 1348 g.
357 1268 559 1330 recreationis
580 1287 684 1343 causa,
711 1267 786 1348 quia
809 1271 916 1329 manet
969 1272 1131 1334 biennium
1152 1273 1342 1352 quandoque
1365 1272 1558 1349 dispensant,
1583 1292 1644 1353 quo
1668 1277 1761 1336 Para·

124 1357 284 1419 moraliter
298 1375 446 1438 praeseus,
462 1357 506 1418 ita
523 1358 603 1418 Bon.
621 1355 716 1418 etalii
732 1374 804 1416 oum
817 1355 912 1416 Barb.
969 1362 1047 1422 chus
1070 1379 1104 1422 so
1127 1362 1168 1422 od
1192 1378 1300 1422 eoram
1323 1358 1435 1420 melius
1453 1358 1599 1438 disponat
1616 1379 1652 1422 oo
1668 1363 1763 1440 porfi-

124 1467 153 1508 a.
178 1451 228 1524 ll,
254 1447 330 1508 itam
350 1451 457 1507 manet
480 1445 632 1521 residens,
658 1445 712 1524 qui
736 1445 847 1505 eadem
864 1443 914 1504 die
969 1449 1041 1528 ciat,
1066 1452 1122 1512 sed
1138 1451 1233 1513 etiam
1248 1449 1352 1529 quoad
1369 1448 1428 1508 lroc
1442 1448 1598 1510 servanda
1621 1454 1668 1512 est
1686 1469 1761 1512 aon-

125 1553 307 1596 reversurus
322 1534 504 1598 excurritad
518 1534 655 1595 vicinum
671 1533 831 1613 oppidum,
850 1533 915 1593 nul·
968 1541 1100 1603 suetudo
1116 1539 1267 1620 cujusque
1281 1536 1449 1598 Dioeaesis:
1467 1536 1638 1616 requiritur·
1652 1543 1759 1600 tomen

124 1627 171 1686 lus
197 1624 282 1686 caim
315 1624 373 1684 sibi
397 1624 428 1683 in
457 1624 517 1684 hoc
545 1623 663 1701 peccati
692 1622 914 1683 conscientiam
969 1631 1063 1691 otiam
1082 1647 1138 1708 pro
1162 1629 1223 1690 hoo
1242 1644 1316 1688 casu
1340 1623 1530 1702 dispensatio
1559 1625 1704 1706 Episcopi
1728 1626 1759 1688 in

123 1714 212 1786 lacit3
231 1719 263 1774 et
277 1713 358 1774 ratio
372 1712 551 1791 suggeritur·
565 1731 583 1772 a
598 1711 683 1772 Trid.
701 1729 819 1790 supra:
840 1710 914 1785 (laea
968 1717 1095 1796 scripto,
1112 1721 1204 1779 Lour.
1221 1734 1250 1796 q.
1267 1716 1336 1776 375.
1354 1713 1433 1776 Vide
1448 1712 1582 1774 dicenda
1597 1713 1619 1777 l.
1637 1719 1667 1793 l,
1684 1735 1703 1777 a
1726 1737 1757 1778 a.

121 1803 173 1883 qui
193 1802 414 1882 aliquantisper
436 1807 552 1860 toatraem
580 1799 694 1876 absunt,
729 1819 766 1860 ea·
789 1807 915 1860 ceteram
968 1811 1038 1870 864,

123 1893 274 1953 Caaoaum
304 1889 444 1950 scatentia
470 1908 527 1949 aaa
553 1888 691 1949 uidentur
717 1887 818 1956 abesse,
843 1887 915 1968 qaia
1011 1895 1116 1970 (torosi,
1144 1890 1760 1956 171,-ΑηΡαγοςὴωιρηραιηνῃιῐω.
1785 1899 1826 1945 rto

121 1979 219 2040 statim
234 1979 467 2040 reuerson'sunt.
485 1978 577 2040 Aliud
593 1984 698 2039 tamon
714 1981 771 2053 est,
783 1977 808 2038 si
820 1983 914 2040 nocta
968 2005 1033 2045 ram
1045 1981 1262 2066 perseipsum?

122 2087 204 2145 saepe
220 2067 548 2143 emanaret,uti1·octc
565 2066 641 2128 Goh.
659 2065 721 2127 Lit.
738 2067 776 2128 D.
794 2076 821 2127 ct
834 2086 911 2148 seqq.
1010 2077 1045 2135 tt,
1062 2075 1080 2151 ᾗ
1095 2076 1123 2133 t.
1141 2073 1305 2134 Potentia
1323 2089 1331 2131 :
1358 2069 1472 2131 Saneh.
1497 2069 1526 2129 in
1539 2070 1633 2132 select.
1650 2071 1679 2132 d.
1704 2075 1756 2147 at,

64 2187 98 2230 m
166 2159 184 2236 ᾗ
214 2161 262 2217 te.
286 2159 377 2218 lusia
400 2173 496 2215 causa
519 2154 696 2215 obtinendis
720 2155 852 2218 licentiae
874 2156 914 2216 ad
968 2167 1000 2224 ot
1015 2161 1066 2222 olii
1080 2161 1164 2240 opud
1174 2159 1263 2220 Dian.
1278 2177 1311 2239 p.
1324 2163 1353 2235 3,
1366 2167 1388 2218 t.
1402 2157 1559 2233 arctoa.
1569 2159 1756 2236 Paraclrum,

124 2265 183 2308 non
207 2244 411 2306 residendum
438 2260 495 2322 pro
519 2242 622 2323 aliqua
651 2248 791 2322 tompore
819 2243 915 2306 etiam
968 2250 993 2310 si
1008 2249 1216 2329 perseipsum
1230 2265 1292 2307 non
1308 2251 1452 2308 exerceat
1475 2265 1594 2324 curam,
1611 2265 1673 2308 non
1689 2253 1758 2310 tan-

123 2336 203 2396 ultm
232 2335 452 2395 duosmensts
475 2334 523 2393 esi
546 2331 740 2410 quadruplex
764 2351 802 2392 ex
825 2331 911 2394 Tl'id·
967 2343 1034 2400 tum
1061 2355 1192 2417 peccare
1230 2334 1412 2402 mortaliter,
1448 2334 1503 2395 scd
1533 2335 1628 2396 etiam
1658 2333 1756 2396 teneri

121 2442 234 2502 supra:
250 2425 278 2484 l.
294 2421 462 2485 Christiano
476 2419 617 2496 claritas,
628 2421 672 2481 uti
688 2420 712 2480 si
728 2420 801 2481 alibi
810 2419 914 2482 suble·
967 2428 1085 2489 fructos
1113 2424 1286 2491 restituere,
1314 2422 1387 2503 quia
1411 2422 1464 2502 qui
1488 2440 1548 2483 non
1569 2423 1654 2499 tacit,
1672 2421 1757 2502 quad

121 2510 225 2570 randa
245 2509 285 2572 sit
299 2509 404 2590 gravis
428 2507 596 2568 necessitas
616 2507 760 2586 proximi,
787 2507 859 2568 odia
883 2511 913 2570 ct
967 2516 1070 2592 delict,
1101 2533 1163 2576 nan
1191 2512 1333 2592 percipit,
1360 2511 1444 2591 quod
1466 2516 1606 2590 oportet;
1628 2511 1755 2588 deinde,

120 2599 189 2659 lites
204 2597 443 2676 componendo.
460 2601 489 2658 2.
510 2597 622 2677 (irpeas
642 2596 799 2674 necessitas,
825 2616 855 2657 v·
877 2617 908 2676 g.
967 2603 1041 2684 qnia
1054 2605 1173 2664 tructas
1195 2600 1342 2663 Beneficii
1363 2605 1435 2660 sunt
1457 2605 1584 2678 proptor
1599 2599 1754 2671 alliciam

120 2687 159 2748 oh
173 2706 305 2766 gravem
321 2687 461 2766 corporis
478 2686 701 2763 infirmitatem,
719 2687 759 2747 oli
783 2705 911 2749 causam
966 2692 1100 2773 deniquo
1116 2691 1189 2772 quia
1203 2689 1403 2770 stipendium,
1421 2688 1504 2767 quod
1520 2689 1614 2750 <latur
1628 2692 1757 2767 propter
1794 2717 1806 2730 ·

119 2773 330 2855 prosequendi
359 2773 446 2835 litem
473 2773 512 2833 de
533 2773 657 2852 juribus
680 2775 839 2851 Beneficii,
870 2775 910 2836 ob
966 2798 1105 2855 causam,
1129 2797 1224 2838 causa
1245 2794 1307 2836 non
1330 2775 1508 2852 subsecuta,
1538 2775 1664 2836 retineri
1693 2793 1755 2834 nan

119 2863 201 2942 piam
225 2862 521 2942 peregrinationem.
551 2865 580 2922 3.
605 2861 708 2922 Debita
736 2862 907 2940 obedientia,
965 2873 1076 2946 potest,
1101 2868 1143 2929 uti
1169 2866 1286 2927 habent
1310 2865 1435 2943 llegulec
1459 2881 1640 2925 communes
1658 2863 1753 2925 Juris.

120 2951 160 3010 uli
176 2951 201 3010 si
217 2951 302 3012 alisii
318 2969 355 3010 ex
374 2950 521 3011 mandato
539 2951 641 3028 Paper,
667 2949 717 3009 vel
741 2953 910 3027 occupetur
965 2958 1026 3018 Sed
1051 2957 1154 3036 quand
1176 2957 1294 3015 l'rnctus
1315 2952 1532 3014 contradicunt
1554 2955 1643 3013 Gara.
1661 2953 1752 3031 Ugol.

121 3037 147 3098 in
164 3039 293 3100 servitia
310 3037 399 3100 Sedis
414 3038 652 3116 spostolicael.
671 3035 909 3100 Evr‘deasEccle-
964 3048 1042 3107 Bon.
1067 3043 1182 3119 otalii,
1208 3041 1282 3122 quia
1304 3041 1389 3102 Trid.
1416 3041 1589 3101 secundum
1613 3041 1696 3102 elicta
1722 3063 1752 3122 q.

118 3127 166 3188 sice
191 3127 240 3188 ccl
267 3125 451 3206 Reipublicae
474 3126 598 3202 utilitas,
624 3127 670 3187 uti
701 3127 726 3188 si
750 3126 910 3204 nogotium
961 3155 1050 3216 poeno,
1078 3153 1131 3196 eos
1154 3137 1277 3194 tontum
1298 3129 1401 3210 priret
1423 3131 1587 3204 fructibus,
1610 3131 1663 3208 qui
1692 3149 1753 3192 non

119 3233 286 3276 commune
301 3217 341 3276 ab
361 3214 421 3277 alio
435 3215 502 3294 geri
528 3233 589 3276 non
611 3215 718 3292 possit·
745 3217 838 3276 Notat
853 3235 909 3276 au·
964 3224 1101 3284 resident
1128 3241 1135 3282 :
1160 3219 1370 3300 quadrantem
1394 3218 1505 3279 attinet
1525 3218 1566 3278 ed
1589 3217 1755 3296 obligatio-

120 3307 178 3364 10111
194 3303 274 3365 G0b·
292 3301 354 3363 ffl-
371 3301 412 3364 K·
429 3321 492 3364 ¹10ss
510 3302 604 3363 11⁰⁰?ss
627 3303 666 3364 0¹]
682 3303 758 3362 {llio-S
772 3319 882 3363 Causas
899 3322 906 3363 ³
963 3331 1046 3388 nera,
1064 3312 1188 3372 ridetur
1204 3309 1310 3388 aliqua
1324 3306 1522 3367 distinctione
1538 3325 1633 3384 opus;
1659 3305 1751 3368 hinc:

119 3399 311 3474 possuntque
338 3392 429 3471 plura
456 3391 554 3452 vileri
583 3393 666 3472 apud
694 3393 787 3454 Barli.
813 3412 908 3472 supra
1003 3403 1063 3479 §a
1081 3395 1326 3477 supponendum
1347 3411 1419 3454 cum
1442 3394 1610 3469 communi,
1633 3395 1754 3454 Beneli·
1780 3409 1821 3452 rsa

119 3485 149 3542 et
176 3484 270 3543 Leur.
296 3501 326 3562 q.
353 3483 422 3557 376,
457 3479 530 3541 ilem
558 3501 588 3560 q.
614 3485 683 3557 382,
703 3490 730 3541 et
752 3501 830 3563 seqq.
856 3485 908 3544 ubi
962 3488 1046 3550 cium
1061 3489 1136 3548 illud
1161 3485 1221 3546 dici
1244 3482 1456 3562 principaliter
1479 3487 1633 3557 curatum,
1659 3481 1708 3541 cui
1734 3501 1754 3542 a

118 3589 146 3650 q.
168 3573 256 3646 386,
282 3568 348 3648 agit
373 3569 412 3628 de
440 3575 591 3646 occupato
620 3570 651 3630 in
682 3571 808 3634 seruitio
837 3572 908 3651 Epi·
962 3575 1115 3658 principio
1130 3571 1753 3650 curaanimarumestannexatanquam

118 3659 213 3736 scopi·
961 3665 1133 3746 principale
1157 3681 1235 3724 onas
1258 3681 1264 3723 :
1288 3662 1513 3740 potestantem
1534 3677 1657 3718 annexa
1684 3677 1752 3718 esse

59 3779 96 3822 no
155 3747 236 3825 §ld
254 3745 621 3828 Nsssscjsstesssst'OTrisl·
640 3753 764 3822 nonest
787 3749 906 3810 licitum
961 3773 1047 3830 cura,
1073 3753 1122 3813 vel
1146 3749 1287 3825 actualis,
1310 3748 1336 3809 si
1361 3746 1566 3809 Benellciatus
1590 3764 1661 3806 cam
1676 3752 1749 3806 actu

119 3835 266 3896 Paroehis
289 3835 410 3910 abesse,
437 3853 492 3895 nec
512 3837 684 3915 Episcopus
708 3837 783 3898 clare
804 3843 907 3916 potest
961 3861 1017 3922 per
1030 3861 1063 3902 se
1079 3845 1221 3902 teneatur
1235 3855 1399 3909 exercero;
1424 3834 1472 3896 val
1495 3833 1663 3896 habitualis
1683 3838 1752 3896 tam

116 3923 286 3999 licentiam,
303 3927 337 3983 ut
355 3923 458 3984 absint
480 3943 498 3985 a
518 3926 680 4001 l‘arochin,
708 3944 763 4005 per
783 3930 907 4004 septen·
961 3937 1038 4006 turn,
1055 3930 1081 3990 si
1096 3947 1157 3988 nort
1173 3930 1317 3989 teneatur
1331 3930 1401 3985 actu
1417 3941 1474 4002 per
1488 3941 1521 3982 se
1536 3922 1652 3982 habere
1664 3940 1753 3982 excr-

117 4013 200 4072 niam
230 4011 281 4071 vel
310 4011 557 4092 quinquennium
586 4014 760 4075 studiorum
788 4033 902 4092 causa,
961 4019 1067 4080 citium
1083 4017 1163 4077 illius
1177 4033 1271 4090 curm,
1289 4013 1363 4094 quia
1376 4031 1434 4090 per
1447 4010 1674 4086 fundationem,
1687 4009 1752 4088 pri-

6 4143 7 4146 ,
116 4101 188 4180 quia
216 4103 386 4179 antequem
414 4101 528 4161 adeant
556 4103 760 4180 Porcellum,
791 4104 907 4165 (tolient
960 4107 1120 4185 vilegium,
1144 4103 1192 4164 val
1214 4099 1472 4162 consuetudinem
1496 4097 1662 4159 onereillo
1684 4097 1750 4176 ipse

116 4187 258 4248 examine
286 4188 402 4266 praevio
432 4207 498 4249 esse
518 4189 649 4270 judicati
678 4191 795 4251 habero
820 4190 906 4249 suffi-
960 4196 1081 4256 leuatus
1109 4195 1165 4265 ost,
1196 4195 1227 4252 ct
1254 4207 1274 4250 a
1300 4186 1481 4263 Sacellenis,
1504 4187 1554 4247 vel
1582 4185 1749 4248 alicario

115 4277 248 4338 cientem
264 4275 427 4336 scientiam
442 4277 481 4337 ad
497 4295 605 4337 curam
616 4278 790 4338 animarum
806 4299 812 4339 :
830 4297 905 4358 ergo
961 4279 1101 4362 praestari
1117 4279 1221 4340 debet.

115 4382 209 4424 causa
232 4363 328 4424 studii
352 4381 414 4424 non
443 4367 544 4442 potest
567 4365 635 4425 illas
657 4385 805 4426 excusare
830 4386 836 4426 :
863 4367 906 4428 ita
1000 4371 1017 4448 ἓ
1040 4373 1068 4430 3.
1100 4371 1158 4441 Qui
1177 4365 1305 4443 suscipit
1325 4361 1514 4424 Beneficium
1537 4359 1750 4439 principaliter
1777 4389 1814 4432 751

115 4454 229 4514 Bonae.
259 4451 328 4512 Fill.
354 4454 441 4513 Garz.
469 4456 563 4514 Gonz.
590 4453 735 4532 Paxjord.
758 4458 849 4516 Leur.
873 4473 903 4534 q.
961 4461 1114 4532 curatum,
1133 4452 1274 4534 quamvis
1289 4450 1396 4510 habitu
1413 4451 1533 4508 tantum
1548 4445 1588 4506 sit
1606 4447 1679 4524 tale,
1696 4448 1750 4508 de-

115 4543 188 4614 3803
205 4539 317 4620 Engel.
330 4539 365 4601 de
381 4538 486 4602 Cierio.
503 4561 562 4601 eron
575 4542 659 4603 resid.
677 4563 707 4603 a.
725 4546 773 4620 ll,
790 4543 905 4622 aliique
960 4547 1013 4607 bet
1036 4543 1152 4604 haltere
1176 4539 1281 4601 omnia
1303 4535 1453 4616 requisito.
1475 4533 1515 4594 ad
1538 4534 1608 4610 hoc,
1634 4538 1669 4595 ut
1691 4553 1749 4614 per

115 4649 197 4690 nunc
211 4628 465 4690 communissima
480 4647 552 4689 cum
567 4631 698 4693 Barhm.
710 4637 748 4692 l'l
764 4636 794 4694 et
805 4633 902 4694 Castu.
960 4655 1003 4713 se,
1021 4635 1131 4695 saltem
1146 4630 1177 4691 in
1202 4627 1397 4702 necessitate,
1414 4623 1511 4704 possit
1535 4639 1643 4684 auram
1659 4641 1748 4684 exer-

115 4719 149 4781 Τ.
165 4723 196 4795 Ἰ,
213 4718 245 4780 d.
262 4721 291 4794 3,
308 4735 342 4797 p.
359 4718 483 4795 ΜΒ,
501 4722 568 4779 a.8
597 4719 649 4798 qui
668 4725 854 4782 temenaa.
873 4725 902 4788 9.
960 4708 1748 4798 cere,sicenimlrabet'lrid.sess.'l,c.3,delle-

114 4807 290 4886 oppositam
305 4805 491 4866 sententiam
507 4811 613 4868 censet
627 4809 832 4886 probabilem,
847 4829 903 4888 pro
958 4811 1047 4891 sorra.
1065 4809 1213 4888 inferiora
1226 4800 1573 4887 berrcficiaEcctesiastica
1583 4801 1748 4880 presertim

114 4914 176 4976 qua
203 4895 280 4956 citat
306 4892 431 4971 multos,
463 4899 494 4954 ot
517 4913 611 4974 quam
635 4897 775 4958 absolute
797 4903 905 4959 tonent
958 4919 1056 4960 ererum
1083 4899 1247 4960 animorum
1269 4892 1415 4970 tabernis,
1438 4894 1567 4971 personis
1586 4887 1697 4971 dipsis,
1720 4898 1748 4951 et

115 4987 197 5045 less.
214 5003 245 5043 a.
264 4985 339 5056 1043
356 4985 466 5060 Laym.
482 5003 573 5064 supra
587 5005 618 5045 a.
634 4988 670 5058 53
689 4987 768 5046 Lott.
785 5007 814 5045 a.
830 4989 901 5060 tom
958 4987 1111 5056 trabilibus,
1134 4997 1161 5048 et
1175 5004 1240 5068 quaa
1255 4985 1287 5044 ia
1300 4984 1361 5044 loco
1376 4979 1498 5041 residere
1518 4998 1553 5040 ac
1565 4997 1623 5060 per
1640 4979 1748 5059 seipsas

113 5071 222 5132 Zerole
233 5091 265 5152 p.
284 5073 313 5147 l,
330 5087 357 5130 a.
376 5069 525 5146 Stadium,
543 5073 595 5150 qni
611 5073 810 5134 ducenteno.
830 5073 903 5134 Cum
958 5095 1059 5136 ruram
1079 5077 1169 5157 r'psam
1189 5089 1322 5134 cretaeae
1334 5069 1448 5130 ualeant
1462 5065 1661 5144 conticeantur,
1687 5066 1746 5126 oli-

112 5179 149 5218 err
163 5157 349 5234 eo,declect.
364 5157 394 5217 in
409 5161 438 5224 6,
455 5158 643 5237 Episcopum
667 5178 757 5238 posse
780 5161 904 5239 elispon-
959 5173 1003 5225 ter
1030 5175 1126 5226 irritem
1149 5163 1229 5242 sacta
1246 5159 1366 5221 collatio
1392 5157 1451 5218 siae
1472 5155 1604 5236 monitio
1629 5155 1746 5214 omnr'ao

112 5264 268 5307 serenum
283 5243 435 5324 promotis
454 5245 494 5306 ad
518 5248 671 5308 Ecclesiae
695 5249 900 5326 parochiales,
959 5255 1104 5314 irritetur.
1129 5253 1236 5330 ltaque
1260 5247 1345 5311 Trid.
1372 5245 1422 5307 hic
1445 5245 1486 5305 ad
1507 5261 1599 5305 omne
1627 5243 1746 5302 Boneit-

112 5339 145 5396 ut
160 5353 258 5414 usque
274 5333 315 5394 ad
330 5333 538 5412 septennium,
557 5353 617 5414 quo
642 5336 672 5394 in
703 5335 813 5397 stadiis
835 5355 902 5398 mo·
958 5345 1039 5403 cium
1069 5343 1236 5415 curatum,
1266 5335 1351 5416 quod
1377 5337 1424 5395 est
1451 5329 1580 5391 inferius
1606 5329 1746 5390 Ecclesia

112 5423 171 5483 rari
204 5425 349 5502 possunt,
382 5439 443 5482 non
472 5427 639 5483 tencantur
659 5427 836 5503 promoveri
862 5429 900 5487 ad
958 5417 1745 5506 lletropolitanaseuGatlredrali,postulatindns-
1865 5486 1877 5512 ¹

112 5509 340 5587 Sacerdotium,
373 5510 543 5574 dummodo
572 5513 654 5574 intre
682 5533 799 5576 arnmm
831 5523 901 5596 post
957 5509 1744 5595 triampersanee,ideoqueetiamsess.2l,cop.ltt,
