3992 6336
701 490 753 557 ult
773 487 1075 560 eusrltuslerte.
1650 492 1709 556 lit

31 673 32 676 ’
76 680 143 742 reim
157 679 361 744 renuntiasse
375 697 434 743 suo
444 677 521 763 juri,
538 684 570 745 et
582 682 615 744 id
633 681 769 746 voluisse
783 699 854 763 per·
910 674 992 744 ulto
1005 679 1152 762 positum,
1169 701 1207 744 ex
1221 698 1285 763 quo
1298 680 1395 743 etiam
1408 679 1542 742 etader'e
1553 694 1616 742 non
1630 695 1706 759 pos·

76 766 247 845 mamati
262 770 632 833 notautldolinctbess.
647 771 851 851 epudLaym.
910 775 968 849 set,
991 769 1068 853 Lrtp.
1094 791 1190 853 supra
1214 773 1290 835 dicit
1311 773 1410 834 totam
1429 773 1572 850 spectare
1595 767 1636 830 ad
1653 768 1709 832 'l'i-

77 855 90 917 l.
102 858 129 932 3,
144 863 230 918 tract.
251 861 282 924 l.
297 872 365 940 rep.
383 861 432 927 te,
449 874 532 921 omna
550 863 599 937 lb,
617 861 673 922 sed
686 864 772 922 reete
786 877 856 920 mu-
909 861 1005 938 tium,
1027 861 1101 942 quia
1115 863 1213 926 'littus
1227 863 1349 944 primus
1367 859 1473 940 reipsa
1486 859 1585 938 cepit,
1601 861 1635 919 tu
1650 873 1708 918 uu·

75 943 187 1008 rolllls.
203 960 371 1028 nunquam
390 946 514 1009 censeri
533 947 727 1010 consensisse
745 948 777 1009 in
797 948 856 1008 im·
909 953 973 1011 tem
988 949 1074 1028 prius
1088 969 1158 1011 eras
1173 957 1333 1031 capturus,
1345 952 1432 1014 Less.
1445 968 1475 1010 o.
1487 949 1537 1024 50,
1548 945 1628 1007 dicit
1638 961 1706 1006 esse

74 1033 184 1096 nodiea
197 1034 327 1096 damna.
909 1035 958 1098 vel
973 1041 1071 1115 mam,
1087 1040 1137 1099 vel
1151 1040 1234 1116 Titii,
1247 1039 1273 1100 sl
1283 1042 1329 1116 tu,
1342 1037 1392 1099 vel
1408 1036 1460 1098 ille
1475 1035 1594 1114 primus
1610 1049 1707 1094 occu·

102 1129 162 1212 52.
175 1129 305 1194 Etiamsi
321 1128 435 1213 aliquis
449 1131 623 1195 circumdet
632 1135 721 1213 septo
730 1134 853 1210 silvam,
910 1127 973 1203 psi,
997 1129 1030 1186 lu
1052 1125 1136 1187 euim
1159 1127 1257 1188 babes
1276 1125 1328 1206 jus
1352 1122 1539 1202 occupandi,
1563 1120 1638 1202 quie
1661 1118 1708 1180 sie

67 1223 118 1282 rut
133 1218 214 1282 vallo
235 1223 385 1300 stagnum
406 1238 509 1299 suum,
531 1209 681 1284 ettamen
700 1223 789 1301 silva,
806 1220 855 1285 vel
910 1213 1095 1288 vulnerasse
1120 1215 1217 1277 habet
1237 1215 1332 1279 etiam
1350 1213 1460 1289 Titius,
1482 1210 1559 1291 quia
1578 1209 1625 1270 sic
1637 1207 1709 1270 illa-

68 1313 206 1387 etagnum
220 1307 320 1370 sitite
332 1327 495 1389 mag-num,
512 1311 687 1391 nequando
702 1313 855 1390 vn1t‚n0n
911 1302 1038 1381 queavit
1054 1323 1060 1364 :
1077 1305 1149 1366 Mal.
1167 1308 1199 1367 et
1218 1307 1280 1368 llls.
1302 1324 1331 1366 o.
1353 1305 1423 1379 illl,
1447 1298 1642 1381 probabilius
1660 1297 1706 1358 di·

67 1395 162 1477 pessit
184 1397 328 1477 accipere
348 1398 442 1475 teras,
457 1398 509 1460 vel
532 1398 644 1478 pisces,
668 1400 723 1461 ssd
738 1399 856 1462 ibidem
911 1393 986 1450 cunt
1004 1407 1071 1450 esse
1087 1396 1189 1470 tuam,
1207 1392 1281 1473 quia
1293 1409 1352 1471 per
1370 1391 1466 1452 ictum
1480 1388 1649 1487 lethalem,
1664 1385 1705 1447 ob

68 1485 241 1562 muniar,
255 1489 312 1546 aut
325 1483 421 1547 etiam
429 1486 557 1547 aliunde
568 1486 786 1566 importantur,
798 1487 856 1548 do·
911 1495 1005 1558 quem
1019 1495 1081 1541 110ss
1103 1485 1226 1559 poterat
1247 1495 1360 1542 manus
1382 1485 1453 1539 tues
1474 1476 1620 1552 evadere,
1637 1491 1706 1555 pem

68 1573 168 1634 minu„
180 1571 249 1634 ψῃ,
272 1573 371 1651 sim,
386 1575 437 1636 ve}
451 1575 553 1654 stagni
569 1593 631 1637 110„
646 1579 794 1638 pensetur
805 1595 855 1638 00.
910 1567 1089 1629 censeberis
1101 1570 1263 1631 moraliter
1275 1583 1446 1646 occupasse
1463 1585 1470 1628 :
1488 1581 1564 1642 ergo
1582 1582 1640 1643 per
1654 1580 1706 1624 ac·

70 1679 193 1739 capesse
214 1661 307 1740 ieras,
334 1663 383 1724 vel
407 1663 518 1742 pisces,
544 1664 600 1725 sed
621 1670 749 1727 manent
771 1665 856 1728 Jnnis
910 1654 1017 1716 cidens
1031 1673 1064 1717 se
1079 1657 1175 1719 habet
1188 1659 1319 1739 laqueus
1333 1655 1424 1733 rlitii,
1442 1657 1498 1718 aut
1509 1652 1567 1716 tibi
1581 1653 1705 1715 mutum
1781 1685 1786 1696 ·

72 1749 246 1826 comunis,
263 1767 336 1811 cum
356 1749 460 1812 adhuc
473 1749 612 1814 habeant
627 1752 804 1814 naturalem
821 1750 857 1810 li·
910 1743 1028 1806 servire
1042 1751 1176 1824 peterat.

73 1837 226 1915 monem,
243 1837 316 1900 hinc
329 1839 373 1901 ibi
395 1839 556 1920 capientes
570 1842 737 1922 acquirunt
755 1837 856 1901 domi-
951 1833 1012 1910 §6-
1030 1835 1063 1896 Si
1078 1835 1144 1897 iera
1158 1837 1270 1918 laqueo
1285 1843 1348 1900 ate
1363 1838 1464 1917 posito
1479 1836 1519 1898 eit
1533 1837 1640 1913 capta,
1656 1848 1708 1891 se·
1732 1830 1771 1877 ²⁰¹

74 1925 168 2002 emm,
190 1943 251 1987 non
273 1925 374 2003 aliter,
401 1945 439 1988 ao
462 1928 515 2008 qui
540 1935 672 1990 venatur
701 1928 856 1990 ininsula
910 1921 1048 1984 cundum
1065 1921 1131 1986 Coo.
1154 1933 1183 1986 et
1196 1925 1328 1988 Novarr.
1347 1931 1378 1986 et
1396 1925 1490 2001 illiue,
1508 1922 1560 2005 qui
1582 1917 1705 1995 eximit,

75 2011 179 2091 trium,
202 2013 252 2076 uel
275 2013 411 2076 duarum
434 2016 615 2095 leucarum,
641 2015 719 2080 Lesa.
746 2037 776 2079 o.
799 2019 853 2089 te;
911 2009 969 2089 pisi
990 2011 1104 2073 alicubi
1127 2011 1168 2073 eit
1188 2014 1347 2076 centraria
1362 2012 1572 2088 consuetudo,
1593 2023 1707 2069 secun·-

76 2105 173 2181 baym.
189 2121 267 2166 nam.
284 2106 338 2177 ¹²3
354 2105 433 2183 Lug.
450 2123 482 2166 o.
497 2107 554 2178 723
577 2105 668 2167 Dian.
689 2125 721 2186 p.
738 2109 768 2183 9,
785 2114 806 2167 t.
822 2109 853 2182 a,
911 2099 986 2162 dum
1001 2099 1074 2162 Mol.
1097 2102 1207 2179 Laym.
1231 2105 1316 2165 bees.
1333 2123 1364 2166 a.
1380 2105 1435 2177 463
1453 2100 1560 2163 Platel.
1573 2117 1609 2181 p.
1625 2099 1656 2174 s,
1671 2113 1704 2157 o.

77 2211 123 2253 res.
137 2196 187 2266 593
197 2193 274 2256 Bon.
291 2213 322 2254 n.
339 2195 408 2269 312,
421 2201 447 2254 et
457 2191 515 2254 olii
525 2213 535 2253 .·
545 2193 720 2276 probatque
735 2213 773 2254 er
784 2192 855 2274 jure
910 2193 981 2264 5553
997 2189 1060 2251 llls.
1077 2207 1183 2272 supra,
1200 2191 1226 2252 si
1240 2192 1284 2253 ita
1298 2199 1391 2272 capta
1405 2196 1462 2269 est,
1474 2195 1509 2252 ul
1523 2207 1587 2250 uon
1600 2189 1707 2268 posset

79 2283 167 2344 flnnn.
182 2301 210 2343 n,
225 2283 276 2360 63,
291 2286 343 2359 το,
359 2291 386 2344 et
407 2301 486 2366 seqq,
513 2283 668 2366 Notnlqns
684 2283 802 2345 Rebell,
826 2285 858 2345 nt
912 2275 1056 2354 evadere,
1070 2282 1117 2340 est
1127 2283 1192 2356 tua,
1209 2280 1283 2360 quia
1298 2299 1355 2360 per
1364 2284 1454 2342 tuum
1462 2277 1706 2341 instrumentum

81 2387 112 2431 er
122 2369 169 2433 illo
183 2371 296 2434 nipast.
312 2389 344 2435 n.
361 2373 430 2448 314,
447 2373 472 2433 si
486 2371 574 2434 locus
588 2373 629 2434 s'it
642 2372 686 2436 itn
699 2389 832 2452 magnus
845 2419 853 2451 ,
911 2363 940 2425 ei
953 2365 1145 2428 sufficienter
1158 2367 1303 2431 ademisti
1316 2369 1491 2432 naturalem
1505 2367 1706 2428 libertateme

82 2463 198 2542 quantus
210 2463 289 2524 solet
303 2477 370 2523 csse
385 2479 495 2523 cursus
509 2461 584 2523 ferae
601 2461 642 2523 ad
658 2459 857 2524 evadendum
911 2471 987 2534 ergo
1002 2455 1193 2535 acquisivisti
1214 2457 1266 2538 jus
1290 2457 1401 2520 saltem
1420 2457 1461 2518 ad
1476 2455 1571 2517 illem.
1589 2453 1624 2516 Si
1638 2453 1706 2513 ersi

83 2564 128 2627 per
139 2549 249 2632 bugam,
266 2550 387 2612 censeri
412 2550 547 2614 retinere
572 2551 748 2612 naturalem
763 2550 857 2612 linen-
911 2561 944 2604 se
959 2544 1087 2605 tandem
1101 2544 1290 2608 extricatura
1301 2565 1338 2607 ex
1348 2547 1475 2627 laqueo,
1488 2545 1598 2606 dicunt
1606 2539 1705 2604 dividi

83 2639 171 2702 lateus
911 2632 1027 2694 debere
1050 2631 1133 2694 inter
1155 2636 1186 2694 te
1201 2639 1232 2696 et
1245 2633 1348 2713 illum,
1372 2635 1447 2718 quia
1465 2637 1597 2713 uterque
1611 2627 1706 2692 mmul

56 2762 58 2765 -
114 2727 166 2806 53.
181 2724 211 2788 Si
226 2725 293 2789 tera
307 2723 402 2790 etiem
416 2743 474 2789 sue
487 2727 598 2810 sponte
613 2745 630 2789 e
645 2727 715 2789 loco
729 2725 855 2808 publico
911 2721 994 2799 cepit
1007 2724 1039 2780 et
1053 2723 1163 2780 neuter
1177 2721 1243 2782 sine
1259 2722 1357 2786 altero
1378 2723 1512 2804 cepisset
1527 2739 1535 2782 τ
1552 2723 1656 2782 ilaue·
1672 2735 1703 2778 n·

85 2814 201 2876 inconst
220 2813 303 2877 iutra
320 2815 476 2877 rivarium
498 2817 562 2878 Gaii
577 2833 640 2880 nou
655 2817 699 2880 ita
712 2820 852 2894 vastum,
909 2813 959 2887 69,
976 2810 1066 2886 puisi
1088 2807 1134 2868 sie
1148 2825 1215 2870 esse
1230 2809 1505 2892 distinguendum,
1525 2809 1551 2870 si
1573 2809 1705 2888 laqueus

85 2919 99 2962 e
116 2902 262 2981 perexire
277 2909 431 2984 nequeat,
448 2906 503 2965 aut
526 2903 551 2963 si
565 2903 667 2982 pisces
692 2921 708 2964 e
726 2903 853 2966 flumine
908 2895 1029 2975 positus
1043 2899 1109 2956 erat
1126 2896 1160 2959 iu
1174 2897 1244 2960 loco
1257 2899 1395 2979 publico,
1412 2899 1462 2961 val
1477 2899 1508 2958 in
1521 2897 1590 2959 loco
1601 2896 1704 2958 alieno

85 2991 193 3054 induent
205 2991 236 3052 in
250 2991 414 3072 piscinam,
427 2991 458 3051 in
470 2992 631 3073 quesnoile
642 2993 710 3071 onpi
722 2993 851 3072 possint,
909 3002 982 3046 cum
996 3001 1151 3046 consensu
1165 2985 1295 3066 domini,
1311 2993 1398 3050 tenet
1412 3003 1484 3050 cum
1498 2985 1572 3048 bot.
1589 2985 1615 3048 ei
1629 2999 1706 3046 vero

85 3079 228 3158 tunicati,
252 3080 327 3164 qnia
345 3079 421 3142 talin
442 3081 641 3160 receptacula
656 3087 728 3144 sunt
747 3099 784 3144 ex
798 3099 855 3143 nn·
909 3074 1029 3153 positus
1044 3078 1112 3136 erat
1126 3075 1157 3136 in
1172 3075 1274 3139 alieno
1288 3078 1369 3157 loco,
1386 3078 1482 3139 invito
1496 3075 1635 3152 domiuo,
1652 3071 1706 3134 di·

85 3171 199 3230 urasna
208 3166 353 3230 ordinata
363 3165 402 3230 ad
413 3169 508 3231 talem
518 3173 681 3249 capturam
690 3176 721 3232 et
730 3188 855 3250 semper
909 3163 952 3224 eit
966 3163 1050 3223 hune
1070 3179 1162 3242 posse
1183 3179 1246 3226 non
1269 3167 1370 3229 solum
1391 3167 1511 3242 ieram,
1536 3163 1591 3226 sed
1611 3163 1706 3224 etiem

86 3255 157 3322 adest
176 3257 298 3318 animus
323 3255 371 3318 ibi
396 3257 588 3337 accipiendi,
614 3260 639 3320 si
663 3259 851 3338 adveniant,
908 3252 1056 3332 laqueum
1079 3251 1162 3313 licite
1178 3253 1317 3333 eripere,
1333 3260 1366 3316 et
1380 3255 1424 3317 ita
1438 3255 1555 3316 bebere
1569 3251 1702 3336 praxim

86 3343 147 3426 lug.
159 3360 262 3428 supra,
277 3345 383 3406 llaum
400 3365 430 3406 n.
447 3347 497 3408 85.
908 3341 971 3404 llls.
987 3359 1017 3401 o.
1034 3343 1103 3416 sel,
1120 3341 1205 3420 dicit,
1218 3343 1301 3404 sicut
1312 3361 1373 3405 nou
1390 3344 1563 3423 obligarem
1577 3343 1705 3404 veneto·

56 3448 58 3451 ·
112 3429 176 3512 54.
200 3431 232 3496 Sl
255 3433 377 3512 primus
404 3431 561 3496 lethaliter
582 3435 712 3518 tetigisti
733 3437 851 3516 feram,
909 3448 977 3492 rem
991 3430 1032 3491 ad
1045 3429 1239 3491 reddendam
1255 3433 1355 3494 ieram
1375 3433 1501 3494 domino
1515 3431 1592 3507 loci,
1607 3443 1706 3508 prop·

84 3531 195 3600 eamque
217 3521 418 3604 persequeris
439 3527 470 3583 et
490 3523 651 3586 moraliter
673 3543 735 3586 non
756 3525 856 3605 possit
909 3523 957 3582 ter
972 3534 1116 3598 expresse
1133 3522 1323 3584 contrariam
1337 3523 1440 3602 legem
1454 3524 1472 3583 3
1486 3521 1521 3600 ff.
1537 3518 1574 3580 de
1586 3515 1702 3598 acquir.

83 3606 200 3690 ellegere
221 3615 335 3672 manus
356 3611 442 3688 tuas,
463 3609 531 3672 lara
549 3615 605 3673 lua
627 3615 688 3690 est,
711 3615 854 3694 wamiis
909 3607 1019 3669 domin.
1045 3607 1089 3669 sic
1112 3625 1170 3670 nec
1193 3609 1355 3673 dominum
1378 3611 1439 3672 loci
1461 3609 1635 3688 obligarem
1663 3601 1704 3666 ad

83 3693 147 3758 runs
158 3697 379 3776 superveniens
392 3697 502 3760 ultimo
518 3699 579 3761 ictu
595 3699 702 3762 lethali
717 3705 856 3782 proster-
909 3695 1104 3758 reddendam
1124 3697 1212 3776 prius
1233 3705 1411 3779 exemptam
1429 3700 1529 3761 feram
1548 3695 1701 3772 venatori,

84 3789 141 3858 nal;
155 3785 195 3848 lta
204 3789 293 3849 Less.
305 3807 339 3848 o.
354 3791 409 3860 l73
425 3787 540 3850 Dicast.
554 3789 648 3870 Burg.
661 3798 735 3852 cent.
752 3791 781 3868 3,
793 3809 851 3854 cas.
910 3803 947 3847 eo
969 3784 1053 3865 quod
1076 3785 1246 3864 praeventio
1267 3789 1412 3850 videatur
1425 3785 1590 3866 subrogari
1611 3797 1703 3864 posse

83 3875 125 3948 iii
139 3877 233 3937 llaun
250 3895 282 3936 n.
298 3877 348 3937 65.
365 3877 399 3937 ln
414 3874 510 3938 dubio
524 3880 643 3954 tamen,
658 3895 697 3938 an
708 3878 853 3956 tuprimo
910 3873 1113 3936 satisfactioni
1136 3874 1257 3956 injuriae
1274 3895 1331 3956 pro
1351 3869 1529 3954 venatione,
1546 3875 1595 3938 vel
1610 3887 1704 3935 aucu-

82 3957 217 4026 iethallter
227 3964 378 4044 tetigeris,
394 3963 444 4026 vel
459 3983 500 4026 au
516 3969 598 4028 esset
609 3981 754 4043 evasura,
768 3983 855 4045 spec·
908 3963 961 4042 pio
975 3964 1008 4023 iu
1018 3964 1086 4024 loco
1101 3963 1203 4026 alieno
1218 3965 1284 4027 sine
1299 3965 1418 4027 domini
1432 3981 1596 4028 consensu.
1614 3960 1704 4035 Quod

81 4049 196 4115 tabilad
208 4049 423 4136 posteriorem,
439 4055 514 4136 quia
527 4053 595 4118 iera
609 4055 725 4118 mansit
739 4055 769 4116 in
784 4073 855 4137 pos·
909 4051 935 4112 si
959 4050 1090 4134 laqueus
1112 4052 1145 4112 in
1158 4053 1284 4132 publico
1306 4055 1375 4116 loco
1400 4055 1520 4132 positus
1534 4053 1638 4131 tuerit,
1655 4052 1704 4114 vel

81 4139 202 4203 tasone
210 4142 359 4204 naturalis
368 4139 521 4205 libertatis
535 4161 599 4205 suae
613 4163 620 4204 ε
633 4161 708 4222 ergo
722 4143 855 4208 nonfuit
909 4157 982 4201 eum
996 4155 1149 4200 consensu
1164 4139 1294 4219 domini,
1312 4141 1367 4203 sed
1383 4143 1514 4204 dubium
1524 4143 1574 4220 sit,
1587 4157 1627 4202 au
1637 4139 1705 4202 iera

81 4231 134 4294 ata
146 4233 247 4309 rapta,
263 4230 317 4292 sed
331 4247 349 4292 a
362 4232 534 4312 posteriore
549 4229 650 4312 primo
666 4236 851 4312 occupatur,
909 4230 1019 4291 luisset
1033 4245 1176 4308 evasura,
1191 4231 1366 4292 secundum
1376 4231 1452 4294 Mol.
1464 4231 1542 4293 Lesa.
1555 4230 1701 4314 ethym.

81 4315 156 4379 tem
169 4312 281 4382 Dicast.
296 4317 405 4382 'lamb
423 4323 444 4382 l.
463 4321 491 4397 l,
504 4340 529 4382 c.
542 4324 571 4398 3,
583 4340 610 4383 v.
631 4319 761 4397 Venutio,
772 4323 850 4400 Lug.
909 4325 957 4381 est
970 4318 1138 4380 dividenda
1152 4337 1209 4398 pro
1225 4324 1294 4383 rata
1309 4321 1406 4400 dubii,
1420 4321 1494 4402 quia
1507 4320 1633 4382 ridetur
1646 4319 1705 4382 ha-

79 4423 105 4466 r.
120 4405 300 4488 8³3Burgh.
325 4424 419 4488 supra
442 4415 552 4472 contra
574 4411 684 4489 Laym.
701 4409 754 4490 qui
778 4409 854 4471 dicit
907 4409 983 4470 bere
1006 4408 1218 4489 uterquejus;
1243 4409 1416 4470 seeundum
1436 4413 1523 4489 Lugo
1545 4429 1576 4470 a.
1601 4411 1651 4486 83,
1672 4411 1705 4471 et

80 4505 140 4565 esse
152 4493 358 4559 dividendam.
380 4496 468 4568 Quod
493 4497 519 4557 si
541 4501 595 4572 tu,
621 4499 675 4578 qui
698 4496 855 4559 lethaliter
907 4496 1017 4559 l'amb.
1035 4515 1147 4576 supra,
1164 4501 1228 4560 tota
1244 4502 1291 4560 est
1305 4499 1476 4578 capientis,
1494 4499 1567 4578 quia
1590 4499 1657 4560 fera
1672 4498 1704 4559 in

79 4579 234 4670 tetigeras,
263 4579 384 4650 desines
408 4603 478 4647 eam
498 4585 665 4667 persequi,
695 4589 770 4648 tuuc
794 4586 854 4652 erit
909 4583 1003 4647 dubio
1028 4601 1090 4646 nou
1114 4587 1315 4666 presumitur
1336 4587 1476 4648 amisisse
1505 4587 1701 4662 libertatem

80 4663 173 4757 prime
192 4669 351 4757 capientis,
372 4670 443 4735 llel.
469 4679 501 4737 et
522 4675 573 4736 elii
593 4691 666 4737 cum
689 4677 731 4738 Sa
750 4693 778 4737 o.
801 4673 854 4736 Ve-
908 4675 991 4736 unde
1007 4693 1064 4735 nec
1078 4693 1135 4757 pro
1152 4691 1206 4759 epe
1222 4677 1478 4739 satisfaciendum
1493 4676 1553 4739 erit
1566 4676 1627 4754 illi,
1649 4677 1703 4760 qul

80 4758 237 4849 satient:
277 4757 283 4764 ’
908 4763 1013 4843 posuit
1034 4763 1195 4846 laqueum,
1220 4766 1265 4827 uti
1289 4783 1352 4826 non
1376 4765 1546 4828 satisfactio
1566 4763 1622 4848 pro
1648 4780 1703 4845 spe

112 4843 177 4937 3¹5,
190 4844 221 4926 Si
232 4844 325 4923 ieram
339 4867 529 4932 persequens
543 4869 580 4914 ec
595 4851 766 4934 redegeris,
779 4855 853 4915 utte
909 4852 973 4930 illi,
1000 4869 1058 4931 pro
1080 4870 1142 4932 quo
1166 4871 1320 4916 concursu
1347 4853 1467 4934 accipio
1491 4855 1700 4929 beneficium3

81 4918 197 5027 iongids
210 4934 337 5018 effugere
359 4957 419 5001 non
434 4940 543 5020 possit,
559 4945 698 5001 attamen
712 4959 775 5003 non
789 4943 855 5004 vul·
910 4939 1054 5003 satisfieri
1077 4946 1183 5004 tamen
1206 4942 1333 5005 debebit
1346 4960 1403 5022 pro
1425 4941 1532 5006 labore
1551 4942 1643 5023 posili
1658 4945 1704 5005 la·

84 5019 367 5112 baratariset'alius
381 5028 480 5106 ipsam
495 5029 526 5088 ln
540 5029 617 5090 istas
631 5029 791 5110 angrrslias
806 5049 856 5092 re·
911 5029 998 5112 quei,
1017 5029 1091 5109 quia
1115 5028 1153 5091 de
1178 5029 1229 5094 illo
1254 5029 1355 5110 posito
1380 5035 1483 5093 certus
1507 5035 1569 5108 est,
1595 5035 1627 5094 ct
1651 5031 1704 5093 lrio

87 5105 280 5199 declamante
293 5117 322 5176 te
336 5112 559 5196 apprehendat,
572 5117 733 5199 csthujus,
748 5123 778 5182 et
793 5137 856 5181 non
910 5117 995 5182 vlam
1015 5117 1088 5181 iecit
1111 5118 1152 5180 ad
1177 5119 1340 5200 predam,
1365 5120 1409 5184 ita
1433 5120 1532 5182 Tcmd.
1557 5123 1704 5201 possunt·

88 5192 293 5282 baptisatis
304 5203 390 5287 hugo
404 5224 431 5267 a.
451 5206 503 5280 te;
521 5207 622 5268 Haun.
635 5225 665 5268 o.
678 5211 728 5285 68,
745 5213 855 5270 eontra
911 5227 972 5290 que
996 5206 1091 5270 etiam
1115 5209 1183 5270 haec
1205 5210 1355 5290 applicari
1380 5209 1420 5271 ad
1443 5225 1569 5271 nussam
1589 5209 1621 5269 iu
1644 5211 1703 5270 llus

91 5270 164 5374 Upi
177 5284 205 5346 et
216 5281 283 5349 alios
298 5309 305 5350 ε
320 5288 494 5354 hcontrasi
506 5293 743 5358 dederastalem
758 5295 855 5358 ictum
910 5299 994 5360 mine
1006 5297 1140 5379 positam
1153 5313 1209 5380 pro
1223 5299 1383 5380 capiendis
1396 5297 1544 5380 piscibus,
1556 5295 1600 5360 uti
1615 5302 1703 5367 notat

99 5348 178 5446 iiim,
198 5387 315 5456 amque
335 5381 537 5464 persequaris,
554 5381 598 5445 ita
615 5385 649 5446 ut
671 5388 702 5446 to
717 5387 855 5466 effugere
909 5388 995 5449 Less.
1013 5406 1043 5448 o.
1062 5391 1113 5450 50.

106 5469 163 5516 son
180 5465 279 5539 posci,
293 5461 478 5536 interimilla
499 5469 614 5536 ineidat
627 5471 855 5562 inlaqueuma
949 5477 1014 5554 §⁷-
1032 5475 1064 5539 Si
1095 5476 1165 5562 quis
1187 5475 1367 5558 egrediatur
1389 5477 1504 5544 limites
1527 5473 1701 5544 venationis
1728 5487 1772 5540 set
