3998 6344
301 608 359 670 666
852 577 854 582 ’
883 606 997 667 uranu
1020 599 1199 681 6666666,
1223 605 1323 667 raris
1345 605 1383 668 11.

297 792 373 856 Mol.
391 793 443 868 Sa,
460 794 570 869 Laym.
588 794 684 854 castr.
702 797 723 852 t.
743 794 795 867 16,
813 790 842 852 ct.
859 794 893 867 4,
908 809 940 872 p,
959 794 1011 868 13,
1027 791 1095 870 63,
1153 791 1263 868 616661,
1281 790 1354 870 quia
1372 789 1495 850 videtur
1510 805 1576 850 6666
1591 787 1739 869 quadam
1754 786 1914 868 negotiatio,

300 901 331 941 n.
348 885 377 954 3;
395 883 482 959 hugo
497 879 527 941 d.
544 883 594 955 16,
606 899 637 942 6.
650 882 699 941 31.
714 879 863 941 Similiter
877 885 980 958 potest
992 898 1095 941 emere
1152 879 1207 939 sed
1223 879 1441 958 dubitatLugo
1456 899 1486 940 a.
1499 881 1548 954 34,
1566 877 1641 958 qnia
1655 895 1762 937 emere
1778 876 1917 955 potestdo·

300 971 391 1050 plura
404 986 462 1047 pro
477 967 642 1029 securitate
658 986 722 1028 666
738 967 943 1046 provisionis,
967 972 998 1030 et
1012 967 1096 1048 quod
1151 987 1237 1029 mum
1249 969 1406 1042 nteloeat3
1424 967 1550 1046 quando
1566 967 1649 1027 enim
1660 966 1748 1044 emit,
1758 965 1827 1028 facit
1837 983 1915 1040 suam,

301 1059 471 1135 superfluat
499 1056 593 1116 ctiam
617 1053 721 1116 carius
744 1056 892 1130 vendere,
920 1056 995 1135 quia
1023 1054 1098 1116 emit
1151 1076 1209 1118 nec
1224 1057 1408 1135 prohibetur
1421 1057 1465 1118 sic
1481 1061 1618 1135 emptam
1633 1056 1759 1117 elocare
1776 1075 1784 1116 :
1800 1073 1874 1133 ergo.

301 1146 405 1220 animo
429 1143 575 1206 obviandi
597 1143 736 1222 periculo
766 1143 906 1205 defectus
934 1144 986 1224 qui
1014 1162 1096 1223 saepe
1192 1146 1210 1224 ἓ
1232 1148 1262 1206 6.
1292 1145 1429 1207 Dedecet
1455 1145 1604 1206 clericum
1631 1161 1780 1204 excreare
1807 1143 1944 1202 61661666.

276 1247 279 1258 ·
301 1233 432 1295 multum
451 1238 551 1308 nocet,
568 1234 655 1311 Lugo
670 1251 700 1293 n.
717 1235 767 1292 36.
1151 1237 1340 1315 presencie,
1360 1233 1392 1293 id
1412 1238 1460 1295 est
1479 1231 1661 1293 mediatoris
1676 1231 1760 1292 inter
1774 1230 1919 1292 vendentes

234 1338 277 1385 616
341 1323 402 1400 52.
419 1320 553 1383 Licitum
567 1324 615 1382 est
628 1319 740 1381 clerico
757 1335 861 1382 emere
874 1319 1039 1382 materiam
1060 1339 1098 1380 ex
1152 1330 1183 1386 et
1197 1327 1355 1397 ementes;
1372 1341 1434 1383 uon
1446 1326 1552 1384 tamen
1563 1321 1653 1382 facile
1669 1319 1730 1382 erit
1744 1319 1874 1394 mortale,
1886 1317 1919 1378 in-

302 1427 366 1489 qua
388 1408 533 1471 conficiat
547 1408 731 1470 artelactum
752 1413 784 1470 61
804 1410 931 1486 6666161,
947 1410 993 1470 611
1016 1409 1099 1469 fecc-
1152 1414 1219 1495 quit
1233 1415 1375 1492 Castrop.
1392 1431 1423 1474 a.
1439 1415 1469 1474 9.

302 1500 376 1559 runt
390 1499 421 1559 S.
439 1497 554 1558 Paulus
579 1501 610 1558 et
629 1496 747 1577 antiqui
763 1497 907 1558 monachi
922 1496 1098 1558 victitantes
1191 1502 1251 1581 §⁸1.
1268 1499 1415 1572 Quamvis
1437 1498 1590 1578 negotiari
1614 1497 1819 1578 prohibeatur
1840 1494 1920 1576 quiris

301 1585 687 1662 laboremanuum,bess.
706 1584 727 1647 f.
747 1587 1094 1663 1,6.11,6.5;(16616.
1151 1589 1326 1668 religiosus,
1348 1575 1443 1650 etiam
1467 1607 1530 1650 non
1553 1585 1920 1668 clericusfexceptislorte
1985 1601 1986 1605 ’

302 1694 383 1755 supr.
398 1677 485 1754 Lago
505 1693 536 1734 n.
559 1677 608 1735 27.
626 1673 705 1734 Hinc
719 1693 784 1755 cap.
806 1673 937 1756 Ejiaiens
956 1673 1025 1735 diat.
1045 1675 1095 1749 88,
1152 1676 1287 1754 66611116,
1304 1677 1357 1757 qui
1372 1678 1403 1738 in
1415 1676 1531 1738 odiosis
1542 1676 1747 1738 nouveniunt
1760 1674 1875 1735 nomine
1886 1692 1922 1732 re·

303 1763 417 1824 dicitur
434 1783 441 1824 :
458 1762 641 1843 Quicumque
651 1779 713 1822 rem
723 1771 873 1844 comparat
887 1782 943 1823 noa
958 1771 989 1823 ut
1002 1761 1098 1822 itala·
1150 1768 1345 1848 ligiosorum,
1362 1766 1407 1829 uti
1422 1770 1511 1829 notat
1524 1768 1602 1844 Lug.
1619 1761 1919 1843 665616616611611.

303 1860 417 1932 tagram
431 1859 459 1912 et
473 1852 660 1913 immutatam
675 1850 789 1928 vendat,
802 1850 852 1912 sed
864 1851 1029 1913 utmaferia
1042 1851 1100 1912 6161
1151 1858 1236 1918 Less.
1262 1874 1293 1916 6.
1320 1860 1358 1929 4;
1381 1857 1490 1932 Laym.
1509 1853 1529 1914 f.
1555 1856 1585 1932 3,
1608 1860 1630 1916 t.
1651 1858 1682 1930 4,
1707 1871 1735 1914 c.
1762 1856 1811 1928 l'l,
1832 1872 1859 1912 6.
1878 1853 1920 1922 33;
1984 1910 1985 1916 ,

303 1941 340 2000 sit
355 1937 851 2020 6666116616666666611,1116666
865 1947 905 2000 est
919 1941 1095 2018 negotiator.
1152 1947 1294 2022 castrop.
1312 1962 1342 2004 n.
1360 1946 1373 2004 1
1391 1946 1470 2014 614;
1487 1941 1602 2021 aliique
1616 1941 1825 2002 communiter
1837 1938 1924 2000 dicunt

306 2028 456 2091 Similiter
466 2028 526 2088 erni
542 2031 647 2105 potest
657 2046 755 2107 equus
765 2028 850 2089 rudis
860 2027 1012 2089 utcultior
1025 2046 1099 2089 ven·
1152 2030 1283 2108 intelligi
1311 2030 1394 2092 solos
1422 2028 1552 2091 clericos
1579 2027 1676 2088 sacris
1705 2027 1858 2098 initiatos;
1881 2023 1922 2086 sed

304 2118 408 2195 datur,
429 2117 503 2196 quia
526 2115 629 2194 potius
649 2116 798 2178 venditur
819 2115 973 2176 industria
1003 2133 1098 2196 quam
1153 2121 1251 2198 Vaga,
1267 2118 1344 2180 Tali.
1363 2119 1415 2195 Sa,
1429 2117 1517 2179 Salas
1531 2115 1646 2196 aliique
1661 2133 1736 2176 cum
1751 2117 1836 2194 Lago
1848 2131 1924 2191 66666

304 2225 355 2266 666
371 2211 497 2284 cmptu;
516 2208 669 2284 quantum
679 2205 791 2268 attinet
804 2204 845 2266 ad
859 2221 1099 2283 excessumpre·
1152 2212 1265 2288 putant
1279 2207 1407 2268 clericos
1428 2207 1522 2268 etiam
1546 2205 1577 2266 in
1601 2203 1778 2265 minoribus
1797 2202 1925 2264 constitu-

304 2291 350 2369 tii,
367 2295 508 2371 dastrop.
525 2310 631 2371 supra.
1152 2301 1212 2370 tos,
1229 2295 1254 2356 si
1269 2295 1456 2356 beneficium
1480 2295 1598 2356 habent
1620 2292 1661 2353 ad
1686 2291 1923 2354 sustentationem

238 2402 279 2449 ans
346 2381 563 2460 §3.Goquera
583 2377 766 2440 cerevisiam
781 2398 818 2440 ex
833 2380 959 2459 proprio
979 2381 1098 2441 hordeo
1153 2383 1325 2461 sufficiens,
1350 2383 1502 2445 contineri
1530 2381 1759 2461 prohibitione,
1790 2380 1860 2461 quia
1882 2379 1925 2438 bos

306 2487 439 2550 eamque
456 2467 596 2528 rendere
612 2484 673 2527 non
691 2471 738 2528 661
760 2468 927 2547 negotiatio
943 2469 1101 2547 prohibita
1154 2473 1238 2533 nulla
1249 2472 1417 2534 necessitas
1432 2476 1569 2547 excusat,
1587 2473 1618 2532 61
1631 2471 1662 2531 16
1675 2470 1752 2548 16616
1766 2471 1926 2530 valentem·
1985 2547 1986 2550 Ἴ

306 2557 436 2634 61661616,
453 2556 667 2635 6166616166.
677 2556 754 2618 Gob.
768 2557 799 2616 in
811 2557 913 2632 Quint.
926 2567 948 2619 t.
961 2561 992 2635 5,
1009 2577 1034 2620 a.
1049 2561 1097 2635 11,
1155 2581 1209 2622 666
1223 2562 1360 2624 66116666
1373 2560 1602 2641 prohibitionis,
1624 2577 1661 2619 ac
1678 2559 1767 2637 leges
1782 2555 1926 2635 probiben-

306 2665 366 2709 an.
385 2649 432 2721 11,
450 2646 502 2724 qui
523 2665 554 2705 n.
585 2647 633 2721 13,
655 2646 743 2707 addit
756 2645 918 2724 probabile
934 2665 1000 2707 6666
1016 2647 1100 2726 quod
1153 2655 1201 2711 tes
1215 2653 1345 2711 utuntur
1359 2648 1541 2727 simpliciter
1555 2645 1682 2708 nomine
1696 2643 1814 2707 clerici.

307 2733 426 2813 possint
451 2733 544 2793 etiarn
564 2750 667 2792 ornere
684 2731 855 2809 hordeum,
872 2737 907 2794 ut
926 2733 1099 2794 confectam
1194 2740 1254 2818 §8.
1272 2737 1420 2809 Quamvis
1434 2735 1507 2799 Mol.
1525 2734 1632 2798 Rebel.
1647 2734 1745 2796 etalii
1762 2751 1832 2794 cum
1846 2732 1925 2792 Custr.
1951 2762 1952 2777 r

307 2821 379 2881 inde
416 2819 599 2881 cerevisiam
626 2820 775 2883 vendant.
806 2822 936 2884 Addunt
963 2821 1097 2901 Manriq.
1154 2847 1185 2888 n.
1209 2829 1237 2896 6,
1265 2824 1541 2886 6116661616616666
1564 2841 1696 2902 peccare
1723 2815 1927 2894 [6661616666

307 2909 491 2972 1161666661
509 2908 806 2985 alii,testeGob.n.
825 2913 873 2988 14,
896 2910 990 2972 etiam
1009 2929 1100 2989 posse
1154 2926 1212 2986 per
1239 2905 1366 2966 unicum
1394 2909 1499 2967 actum
1534 2901 1715 2982 negotietur
1752 2902 1784 2962 in
1817 2897 1928 2961 materia

308 3015 412 3057 emere
426 3014 503 3056 6666
514 2999 544 3057 61
557 2995 665 3057 vinum
676 2996 823 3072 vendere,
840 2997 1013 3059 dummodo
1029 2995 1101 3075 ipsi·
1155 2995 1261 3074 gravi;
1285 2997 1390 3056 tamen
1414 2995 1526 3073 putant
1548 2991 1643 3071 aliqui
1663 2989 1858 3071 probabilem
1875 3003 1927 3046 6666

307 3088 373 3146 met
395 3084 445 3145 661
467 3102 576 3146 eorum
597 3084 766 3146 familiares
785 3085 892 3146 vinum
913 3085 1099 3164 exprimant.
1155 3081 1420 3161 sententiamflaj.
1438 3081 1538 3158 Salas,
1555 3073 1927 3142 66166666166666.Ε661.

308 3173 398 3236 Unde
413 3172 539 3252 quando
563 3171 596 3232 id
619 3170 737 3251 nogant
755 3172 849 3233 licere
869 3173 940 3234 lifol.
958 3175 1098 3253 Castrop.
1155 3191 1180 3233 6.
1205 3174 1235 3248 5,
1253 3170 1281 3232 d.
1298 3174 1328 3248 3,
1349 3189 1372 3231 6.
1391 3173 1428 3246 3,
1449 3173 1481 3230 et
1499 3168 1631 3229 aliorum
1646 3168 1700 3249 qui
1715 3167 1750 3228 id
1770 3168 1887 3245 negaui.
1900 3165 1930 3224 111

307 3282 338 3323 n.
355 3264 385 3335 4,
402 3263 489 3339 Lugo
503 3280 533 3320 n.
551 3261 600 3336 34,
618 3259 761 3321 addunt:
779 3260 803 3320 si
819 3262 873 3322 frat
886 3279 942 3339 666
956 3261 1098 3323 homines
1156 3258 1261 3338 quoad
1283 3256 1528 3337 negotiationem
1551 3255 1582 3316 in
1604 3253 1740 3316 materia
1763 3272 1824 3314 non
1846 3249 1928 3333 grani,

309 3348 490 3424 conductos,
516 3354 548 3409 61
570 3347 712 3409 similiter
735 3348 842 3410 dicunt
865 3349 1006 3410 illicitum
1033 3369 1100 3411 6666
1156 3347 1355 3409 consentiunt
1367 3363 1476 3406 omnes
1490 3343 1701 3406 cummuniter
1711 3361 1787 3404 cum
1801 3338 1926 3403 Busemb.

309 3454 413 3497 emere
428 3437 533 3496 lanam
548 3436 730 3497 utvendant
740 3453 860 3514 pannos
874 3437 914 3496 nb
929 3437 1101 3498 artificibus
1155 3455 1268 3514 supra;
1285 3436 1361 3496 itam
1375 3435 1479 3514 plures
1494 3433 1578 3512 apud
1593 3435 1681 3512 Lago
1706 3454 1739 3494 n.
1763 3436 1813 3509 24,
1830 3429 1877 3510 qui
1892 3445 1931 3489 66

309 3522 471 3586 6666166116
486 3522 656 3584 faciendos.
670 3523 817 3595 Quamvis
827 3524 932 3584 autem
946 3525 1019 3586 Mal.
1036 3525 1101 3585 alii·
1155 3524 1288 3586 sentitur
1301 3524 1326 3585 61
1341 3523 1510 3603 negotiatio
1530 3541 1592 3584 non
1607 3522 1647 3585 sit
1660 3523 1803 3582 maxima
1816 3534 1928 3581 summa.

309 3630 371 3692 que
387 3630 458 3673 cum
474 3613 615 3690 Castrop.
633 3616 743 3690 putent
756 3611 899 3673 illicitum
920 3631 987 3674 essa
1007 3613 1100 3675 ctiam
1157 3613 1319 3674 1161166666
1339 3611 1414 3673 dant
1436 3611 1511 3690 quia
1525 3609 1680 3690 negotiari
1694 3609 1825 3671 videtur
1837 3620 1930 3668 sonare

310 3719 348 3761 ax
362 3699 435 3760 lana
449 3697 649 3777 propriorum
663 3697 845 3760 animalium
860 3701 1013 3761 conficere
1023 3719 1101 3780 pan·
1155 3701 1298 3764 habitum
1312 3719 1367 3762 scu
1382 3697 1601 3781 frequentiam,
1619 3715 1690 3777 quae
1706 3715 1772 3758 non
1788 3694 1931 3758 66161666

309 3806 367 3850 nos
393 3805 451 3866 per
471 3786 643 3848 conductos
664 3787 798 3849 famulos
820 3787 862 3848 ad
882 3789 1098 3868 vendendum,
1155 3785 1862 3852 16616666616116666166361.1166661666.

309 3880 414 3939 tamen
429 3877 515 3952 hugo
532 3874 654 3936 dubitat
668 3875 707 3936 dc
725 3875 803 3949 hoe;
820 3879 922 3956 potest
941 3877 1101 3939 66166616-
1194 3871 1254 3951 59.
1272 3869 1304 3932 Si
1319 3868 1455 3932 Clericus
1469 3869 1647 3946 negotietur
1665 3885 1724 3944 per
1745 3867 1851 3941 aliurn,
1865 3882 1891 3922 V·
1903 3880 1928 3940 6·
1955 3900 1956 3903 ’

310 3963 392 4024 61666
407 3961 543 4022 rendere
562 3962 665 4022 lanam
681 3981 769 4024 suam
794 3968 824 4024 et
847 3980 957 4042 operas
972 3983 1100 4026 suorum
1155 3958 1181 4019 si
1204 3958 1369 4038 pecuniam
1393 3960 1539 4036 exponat,
1562 3954 1642 4016 alius
1664 3960 1775 4015 autam
1796 3949 1931 4014 66166116

309 4050 543 4126 ministrorum,
560 4055 593 4112 ut
609 4049 637 4110 61
651 4050 771 4112 licitum
785 4054 833 4112 est
851 4051 1100 4114 vendercvinum
1155 4046 1318 4120 dustriam,
1335 4045 1424 4106 multi
1448 4045 1532 4124 apud
1546 4047 1623 4124 Lug.
1641 4063 1671 4103 n.
1688 4045 1743 4119 36,
1761 4042 1864 4102 dicunt
1877 4055 1930 4098 6666

309 4157 347 4199 cx
370 4140 433 4199 suis
451 4137 563 4198 6166116
585 4155 778 4216 expressum,
804 4146 839 4200 ut
861 4139 998 4200 fatentur
1025 4140 1097 4202 lllol.
1154 4131 1930 4210 1111611661,Μ661.66666161.11666161116666661-

309 4228 420 4303 Marta,
438 4226 532 4287 Barb.
551 4226 627 4287 666.
652 4246 682 4287 n.
706 4229 754 4287 11.
777 4229 871 4288 Notat
891 4231 996 4288 tamen
1015 4234 1099 4290 66616
1155 4224 1291 4286 maniter
1304 4241 1375 4284 cum
1390 4225 1499 4302 Laym.
1516 4241 1547 4283 a.
1565 4216 1931 4295 to;casu.n.·1,uinnn

308 4318 396 4394 Lugo
411 4313 441 4374 in
454 4312 607 4394 ejusmodi
616 4315 787 4375 moralibus
797 4316 1021 4377 attendendum
1032 4335 1100 4378 6666
1155 4331 1217 4374 666
1233 4331 1300 4374 6666
1324 4311 1434 4372 saltem
1449 4311 1596 4383 mortale;
1613 4309 1740 4371 6661616
1759 4316 1859 4369 tamen
1877 4317 1930 4364 esst

309 4403 350 4464 ad
365 4420 563 4464 communem
584 4420 709 4463 sensum
725 4406 756 4463 ct
770 4403 1007 4464 estimationem
1025 4405 1100 4484 quid
1155 4401 1270 4464 docent
1287 4400 1382 4462 Mald.
1405 4404 1437 4461 et
1450 4400 1523 4461 Mol.
1542 4399 1655 4479 quibus
1669 4398 1829 4458 consentit
1841 4391 1927 4456 Rebel.

309 4509 422 4569 nempe
436 4494 598 4551 censeatur
615 4509 682 4551 6666
697 4491 748 4550 661
762 4509 824 4551 666
835 4509 903 4553 6666
916 4492 1097 4571 negotiatio.
1155 4490 1178 4551 61
1195 4489 1403 4570 perseipsum
1422 4488 1560 4550 rabones
1575 4487 1682 4548 daliet
1696 4484 1819 4566 6666611
1834 4481 1927 4562 exigat.

228 4593 283 4644 6666
347 4578 407 4658 §t
426 4578 502 4640 Gob.
523 4598 553 4639 n.
578 4581 625 4654 10,
647 4582 736 4657 putat
750 4578 780 4639 in
797 4581 963 4642 Germania
981 4581 1100 4642 licitum
1154 4582 1244 4641 Turr.
1262 4577 1348 4654 dicit,
1364 4595 1423 4657 per
1436 4595 1469 4638 se
1488 4575 1644 4656 loquendo
1660 4575 1830 4636 616611666
1846 4566 1931 4666 prohi-

309 4685 377 4730 esse
401 4667 432 4728 in
453 4667 651 4729 monasteriis
672 4686 729 4747 par
749 4667 883 4730 famulos
904 4669 1041 4730 rendere
1056 4669 1102 4731 61·
1153 4667 1292 4744 61116616,
1310 4665 1481 4746 nequidem
1496 4683 1565 4725 esse
1588 4663 1724 4742 veniale,
1742 4681 1781 4724 ac
1799 4655 1931 4722 66666661

308 4760 552 4837 numetpanem,
569 4755 1099 4835 idenimproprienoncssehabere
1154 4760 1258 4837 Lugo,
1281 4755 1402 4817 addens
1426 4759 1531 4816 tnmcn
1553 4771 1645 4832 posse
1667 4771 1739 4814 6666
1754 4749 1870 4812 veniale
1888 4744 1931 4805 661

308 4843 471 4906 tabernam
482 4843 709 4924 autnegotiari,
721 4843 774 4905 sed
786 4863 845 4906 sua
854 4845 990 4908 vendere
1000 4853 1099 4908 trans·
1154 4845 1250 4908 etiam
1264 4844 1407 4921 mortale,
1421 4843 1449 4904 si
1461 4841 1598 4905 Clericus
1612 4859 1646 4900 66
1662 4840 1760 4901 simul
1774 4852 1878 4919 parum
1889 4829 1931 4892 661

309 4931 466 4994 66611666.
781 4933 785 4940 “
1154 4934 1285 4995 nimium
1300 4931 1352 4994 tali
1368 4929 1574 5012 negotiationi
1589 4927 1750 5008 implicet:
1766 4931 1848 4991 Lesa.
1867 4921 1929 4994 66,

228 5040 279 5090 ,aar
348 5019 367 5100 6
380 5021 410 5080 5.
426 5019 500 5082 Mol.
512 5021 622 5099 Laym.
635 5019 732 5080 Castr.
745 5038 774 5082 6.
791 5021 822 5096 4,
840 5017 948 5084 dicunt
958 5019 1100 5084 illicitum
1154 5021 1265 5083 marito
1279 5020 1355 5082 dicit
1368 5019 1400 5081 id
1416 5019 1600 5080 indecorum
1610 5035 1692 5095 esse,
1705 5009 1930 5078 nonfaciaudnrn

308 5125 376 5171 6666
391 5106 505 5169 6166166
519 5125 624 5168 emere
645 5104 790 5188 jumenta
809 5109 844 5169 ut
865 5125 904 5169 aa
920 5125 977 5186 pro
999 5108 1099 5188 pretia
1153 5109 1272 5192 absquo
1283 5109 1369 5191 justa
1383 5097 1509 5170 causa¹.

338 5303 347 5346 1
369 5292 446 5344 Plura
463 5293 494 5344 616
510 5291 717 5358 negotiationibus
736 5307 791 5360 qua
806 5292 908 5344 Clerieir
922 5293 1014 5343 illicita
1031 5297 1099 5358 sant,
1153 5295 1231 5346 alieni
1239 5297 1347 5345 nominis
1359 5295 1487 5356 velamine,
1503 5295 1707 5360 cremerieique,
1719 5295 1797 5342 6161666
1808 5305 1852 5356 666
1868 5285 1928 5340 alhs.

306 5363 378 5414 tabet
390 5363 536 5414 Benedictus
549 5364 650 5414 Xdea
661 5363 798 5427 Synodol.
811 5365 864 5425 ’1,6.
878 5366 917 5414 19.
934 5365 986 5414 Sed
997 5363 1100 5430 diceus·
1152 5381 1254 5430 operam
1275 5366 1363 5415 (166166
1380 5365 1499 5416 obnoxios
1516 5365 1578 5429 fecit
1592 5367 1687 5430 666616,
1700 5379 1759 5430 qua
1773 5376 1790 5412 n
1803 5361 1880 5413 Sami
1890 5357 1929 5406 Cf·

305 5434 371 5495 ficiet
386 5435 614 5499 reddereejaedem
629 5435 784 5498 Apostolicac
798 5435 907 5483 litterar
917 5435 990 5484 datar
1007 5435 1049 5484 die
1067 5437 1097 5486 25
1153 5437 1259 5487 6666666
1273 5439 1297 5486 61
1308 5435 1532 5487 6616111611666666
1540 5435 1693 5501 ,4666161166
1705 5437 1808 5487 siarum
1821 5433 1872 5482 mi
1885 5439 1930 5482 161·

306 5503 438 5554 Fedruarr'i
457 5507 527 5566 1141,
543 5504 632 5570 quitos
649 5505 761 5554 6166166661
778 5507 802 5554 61
815 5505 889 5554 edicit
911 5505 1097 5570 6611666666-
1153 5511 1192 5558 tra
1206 5508 1314 5559 Ctem'ear
1325 5509 1504 5572 negotiatores.

307 5573 444 5636 arationem,
455 5573 519 5624 61166
531 5575 633 5626 61661616
640 5575 806 5641 prohibitam,
815 5589 888 5642 66666
898 5575 929 5626 ab
939 5576 1038 5640 11661666,
1052 5577 1098 5632 666
