3998 6344
303 503 365 574 ³288
883 511 1200 590 rennuerent,
1222 511 1324 575 PARS
1344 513 1383 578 ΙΙ.

289 703 420 784 dtutur3
437 723 539 788 nsque
553 706 735 786 ignoramus
749 711 869 787 quanta
881 706 1037 786 sapientia
1049 708 1083 768 at
1135 697 1225 777 pient
1236 715 1315 779 quas
1327 704 1395 760 tum
1410 697 1913 780 ratione‚tumauatontatep1au

287 795 444 874 gravitate
471 795 685 858 defensionem
720 794 860 858 veritatis
886 793 1082 874 susceperint
1136 787 1335 852 confirmatas
1348 787 1534 868 intelligent·
1551 787 1641 861 (lund
1655 788 1684 850 Si
1696 783 1863 867 dispulflll⁰
1877 787 1914 848 ln·

287 883 439 964 'theologi
458 883 581 946 finitimi
606 884 666 945 illis
688 883 869 962 regionibns
891 883 945 945 uhi
959 887 1081 946 contro·
1135 880 1244 954 surgat
1257 876 1334 938 dum
1347 879 1527 938 conuectos
1541 876 1654 958 aliquis
1673 876 1707 938 in
1729 893 1858 938 examen
1870 876 1916 938 ad·
1981 874 1983 879 ⁴

287 971 398 1034 versiae
412 970 566 1052 ejusmodi
576 971 766 1051 principium
777 971 965 1034 habuerunt.
979 973 1080 1044 Quare
1135 963 1271 1042 ducitrrr,
1288 964 1380 1028 nulle
1395 963 1522 1028 omnino
1537 964 1735 1028 contumelia
1746 964 1778 1026 in
1793 981 1846 1028 ecs
1854 981 1916 1026 ran·

287 1059 345 1122 hes
358 1059 491 1124 Litteras
504 1059 688 1138 Enoyclicas
703 1059 846 1122 dedimus
856 1060 1012 1123 universis
1021 1062 1082 1122 lta·
1135 1053 1294 1132 tingantur
1307 1053 1362 1135 qui
1375 1053 1566 1117 contrariam
1582 1053 1781 1119 Sententiam
1794 1071 1913 1133 sequun-

286 1148 337 1211 lie
350 1148 613 1228 Archiepiscopis,
624 1147 787 1228 Episcopis
801 1153 832 1210 et
846 1149 1029 1226 ordinariis,
1047 1151 1082 1212 ut
1135 1144 1196 1216 tur,
1213 1158 1315 1222 neque
1329 1141 1415 1202 illem
1430 1140 1580 1220 gravibus
1594 1141 1740 1204 Censuris
1759 1139 1915 1204 nolendum

287 1237 356 1302 hee
368 1238 449 1316 Tibi,
460 1235 655 1301 Venerabilis
665 1239 786 1315 Frater,
799 1241 830 1300 et
840 1237 966 1314 coeteris
980 1236 1081 1299 omui·
1135 1232 1286 1306 asserant,
1303 1228 1329 1290 si
1343 1229 1518 1310 presertim
1532 1227 1654 1292 ratione
1667 1231 1699 1292 et
1712 1227 1915 1308 prestantium
1981 1284 1983 1287 ,

287 1324 347 1387 hus
369 1325 620 1398 innotescerent;
638 1329 670 1387 et
688 1325 809 1406 quoties
833 1326 1081 1405 synodussele-
1134 1315 1281 1380 Virorum
1295 1317 1480 1382 testimoniis
1493 1317 1623 1382 minime
1634 1319 1758 1390 caraet3
1774 1313 1915 1396 Siquidem

287 1409 391 1489 hrere,
401 1411 442 1474 ad
451 1411 604 1491 populum
613 1411 711 1475 verbe
720 1412 823 1473 lacere
834 1431 969 1494 eumque
983 1411 1080 1476 sacris
1135 1405 1276 1467 convicia
1299 1410 1393 1488 etque
1416 1404 1543 1488 injurie
1560 1406 1722 1470 vinculum
1744 1405 1915 1470 Christiane

287 1499 436 1562 doctrinis
465 1500 620 1562 instruere
650 1502 826 1582 contigerit,
850 1501 1079 1563 nihilomnino
1134 1491 1271 1558 caritatis
1285 1495 1462 1576 infringunt
1475 1495 1742 1574 etgravissimem
1754 1491 1915 1576 Populoni-

287 1589 424 1651 alienum
442 1588 619 1668 proferatur
633 1589 673 1651 ab
691 1589 740 1652 his
759 1590 921 1652 sententiis
935 1609 1014 1672 quas
1028 1608 1078 1651 sn·
1133 1579 1310 1644 fessslfflltm
1325 1588 1356 1646 ti
1368 1583 1553 1648 wandalum
1567 1601 1634 1664 llrae
1647 1601 1682 1651 ³0
1691 1583 1808 1646 ferunt·

286 1675 630 1757 perluereceusuimos.
647 1675 862 1740 Admonemus
877 1678 972 1740 etiam
986 1678 1079 1740 vehe-
1173 1690 1187 1728 n
1207 1671 1311 1733 'lertio
1333 1672 1415 1750 loeo,
1440 1671 1494 1752 qui
1517 1671 1558 1734 ah
1584 1671 1668 1736 omni
1684 1669 1868 1734 usuraelehe
1887 1688 1915 1730 ss
1985 1750 1986 1753 Ἴ

285 1767 410 1826 menter
430 1780 556 1825 omnem
579 1763 820 1826 sollicitudinem
838 1764 1020 1843 impendere
1039 1782 1078 1826 ne
1133 1755 1287 1821 immunes
1302 1763 1333 1823 et
1355 1759 1494 1839 integros
1516 1763 1672 1839 prestare.
1685 1759 1805 1836 volunt,
1824 1775 1915 1821 suam·

287 1852 357 1932 quis
370 1851 403 1913 iu
423 1851 535 1913 vesnia
550 1851 742 1914 Dioeeesibus
755 1850 871 1914 audeat
882 1852 1009 1914 Litteris
1022 1855 1077 1914 aut
1134 1863 1194 1924 qne
1215 1848 1382 1924 pecuniam
1397 1848 1441 1910 ita
1453 1848 1543 1914 elteri
1558 1847 1634 1910 dare
1647 1849 1682 1910 ut
1695 1846 1831 1910 fructum
1846 1845 1915 1926 legi-

287 1938 491 2002 Sermcuihus
501 1939 693 2002 contrarium
709 1940 833 2002 docere.
847 1940 880 2002 Si
892 1942 962 2022 quis
971 1947 1079 2004 autem
1132 1933 1244 1996 timum
1277 1937 1475 2001 solummodo
1509 1935 1705 2017 percipiant,
1735 1931 1915 1999 admonendi

286 2045 398 2108 parere
412 2028 653 2106 detrectaverit,
670 2029 757 2090 illum
776 2029 947 2090 obnoxium
961 2034 992 2090 et
1005 2030 1080 2091 suh·
1133 2026 1206 2085 snut
1220 2029 1255 2084 ut
1267 2029 1463 2089 contractum
1472 2023 1702 2096 instituendum
1721 2028 1815 2089 autea
1825 2023 1915 2088 derla-

282 2114 404 2197 J'eotum
418 2116 618 2180 declaramus
632 2117 734 2195 poenis
747 2135 804 2195 per
813 2119 924 2180 Sacros
936 2121 1080 2180 Oenones
1133 2115 1222 2185 rent,
1247 2117 1279 2176 et
1292 2113 1489 2177 conditiones
1502 2111 1686 2176 inserendas
1703 2113 1867 2194 explicent,
1888 2119 1915 2176 ct

285 2205 318 2268 iu
332 2222 387 2269 eos
400 2205 568 2286 propositis
582 2205 634 2285 qui
650 2205 802 2267 mandata
810 2205 990 2285 apostolica
1004 2223 1077 2268 cou-
1134 2217 1227 2280 quem
1251 2201 1388 2264 hactum
1407 2220 1446 2262 ex
1464 2201 1576 2264 eadem
1598 2201 1735 2280 pecunia
1756 2202 1912 2282 postulent

284 2294 474 2373 tempseriut
487 2311 525 2355 ac
539 2293 735 2359 violaverint,
1133 2291 1207 2352 Haec
1222 2308 1414 2370 magnopere
1424 2291 1663 2360 noneruntncn
1673 2291 1770 2354 modo
1780 2291 1820 2354 ad
1829 2289 1914 2355 enimi

325 2404 340 2442 u
358 2384 402 2444 De
413 2385 577 2445 conuactu
590 2387 711 2457 aotam,
728 2383 781 2463 qui
801 2401 899 2446 novas
920 2382 977 2444 has
1000 2385 1080 2446 Gon·
1132 2377 1374 2442 solicitudinem
1387 2384 1419 2442 et
1432 2378 1598 2459 scrupulos
1615 2378 1792 2458 evitandos,
1808 2379 1861 2442 sed
1877 2377 1916 2464 ad

284 2470 452 2534 troversias
466 2469 623 2546 excitavit,
643 2469 721 2532 nihil
734 2471 768 2532 in
782 2472 950 2551 presentia
970 2471 1079 2534 statui-
1132 2464 1236 2544 ipsum
1259 2470 1458 2531 contrarium
1477 2466 1510 2528 iu
1532 2467 1601 2532 foro
1624 2469 1754 2542 eterno
1782 2483 1913 2548 compre

284 2575 370 2635 mus3
395 2558 473 2621 nihil
491 2556 587 2620 etiam
609 2558 807 2620 deceruimus
827 2560 920 2622 modo
942 2559 982 2620 de
1010 2558 1079 2620 aliis
1131 2552 1282 2618 handum.
1300 2557 1374 2618 Hac
1390 2555 1485 2618 etiem
1499 2554 1621 2618 edium
1634 2554 1913 2634 inerelutuntdie

284 2647 495 2710 coutmetihus
505 2663 561 2725 pro
578 2645 691 2725 quihus
705 2645 856 2728 'theologi
869 2652 902 2710 ct
915 2649 1078 2710 canonum
1131 2642 1355 2721 pannonibus,
1372 2661 1442 2724 qua
1451 2661 1516 2708 non
1529 2645 1626 2708 mmet
1636 2643 1911 2722 concitandasunt,
1981 2678 1984 2681 ,

284 2735 473 2816 interpretes
486 2735 519 2797 in
534 2733 676 2796 diversas
697 2735 814 2798 abeunt
831 2735 1016 2809 sententias;
1033 2740 1078 2798 at·
1130 2732 1167 2792 ut
1180 2731 1262 2792 clare
1277 2735 1394 2812 pateat,
1411 2735 1518 2797 utrum
1531 2733 1677 2812 poemia
1693 2750 1766 2813 qne
1778 2732 1836 2794 rite
1848 2731 1914 2797 dale

283 2827 390 2888 temen
404 2822 655 2903 pietatisvestre
677 2823 817 2886 studium
831 2841 869 2887 ec
883 2823 1079 2904 Religionem
1130 2817 1220 2880 alteri
1248 2837 1315 2882 esse
1339 2819 1474 2898 videtur,
1498 2837 1613 2892 revera
1633 2826 1741 2886 emen
1763 2821 1914 2902 palliatam

284 2911 543 2974 inflammandam
564 2911 777 2974 existimamus
791 2915 826 2973 ut
839 2911 907 2974 hec
921 2930 991 2993 que
1005 2912 1077 2975 sub·
1130 2924 1258 2970 usuram
1273 2909 1442 2975 condurat.

280 3000 408 3083 jicimus
422 2998 612 3060 exsecutioni
627 2999 834 3063 demandetis.
1169 2996 1307 3067 »Quare
1317 2997 1398 3076 leco,
1415 3015 1471 3063 vos
1481 2997 1822 3077 hortemnrueaditum
1828 2999 1912 3062 rolin

324 3109 339 3146 η
357 3086 498 3148 Primum
508 3085 701 3166 gravissimis
712 3087 815 3149 verbis
826 3088 954 3168 Populis
964 3088 1076 3150 restris
1130 3083 1232 3163 quetis
1255 3083 1368 3165 ineptis
1390 3086 1517 3150 illorum
1539 3087 1738 3162 sermonibus
1757 3089 1814 3170 qni,
1832 3087 1911 3164 dicti·

283 3175 437 3240 ostendite
452 3191 554 3236 usurae
564 3175 668 3236 lehem
681 3193 719 3236 ac
734 3175 843 3238 vitium
854 3197 872 3238 a
882 3177 1001 3239 Divinis
1011 3177 1075 3240 hit-
1129 3175 1197 3233 tant
1210 3172 1249 3234 de
1264 3173 1366 3234 usuris
1381 3174 1440 3239 hoc
1461 3178 1603 3254 empore
1618 3177 1823 3256 questionem
1835 3175 1911 3254 hsti-

282 3263 358 3328 teris
372 3263 576 3325 vehementer
588 3264 758 3343 improbari
769 3285 776 3337 ς
789 3265 866 3326 illud
881 3265 1008 3346 quidem
1021 3283 1076 3326 va·
1129 3258 1185 3336 tui,
1202 3277 1272 3340 que
1286 3261 1352 3324 solo
1367 3262 1493 3331 nomine
1508 3263 1716 3342 comeare,
1728 3282 1805 3340 ,oum
1818 3283 1855 3326 er
1864 3282 1911 3344 pc·

282 3351 345 3413 rias
359 3350 475 3412 formas
498 3355 593 3429 atque
607 3351 872 3430 species-iuduere
895 3358 929 3416 ut
952 3352 1075 3414 Fideles
1128 3347 1232 3423 cunia,
1249 3366 1319 3429 quae
1334 3349 1711 3430 qualibctrelionealteri
1727 3352 1907 3430 conceditur,
1948 3397 1952 3408 .

282 3436 396 3501 Christi
423 3437 583 3516 Sanguine
609 3437 768 3500 restitutos
792 3439 823 3500 in
843 3439 1021 3502 libertatem
1043 3445 1075 3504 et
1128 3435 1246 3500 fruetus
1258 3443 1292 3498 ut
1301 3437 1910 3523 plurimomccmparetur.litenimquam

281 3525 428 3606 gratiam,
444 3543 552 3587 rursus
571 3525 604 3586 in
628 3529 801 3589 extremam
819 3527 943 3590 ruinam
963 3529 1075 3608 preci·
1128 3523 1242 3586 tusum
1255 3524 1288 3586 id
1310 3525 1397 3588 silet
1410 3545 1429 3588 a
1442 3527 1574 3590 veritate
1595 3526 1909 3608 alienum,plauedo·

281 3613 363 3696 pites
376 3613 524 3694 impellat.
554 3613 708 3686 Quocirca
734 3615 761 3675 si
788 3616 956 3694 pecuniam
984 3635 1074 3678 suam
1128 3612 1353 3692 prehendimus
1367 3614 1393 3678 si
1413 3615 1645 3693 perpendamus
1665 3622 1812 3692 amaram
1828 3615 1908 3694 numa

281 3703 435 3766 collocare
450 3701 556 3780 velint,
573 3701 739 3782 diligenter
752 3709 886 3766 oavmnt
899 3723 939 3765 nc
953 3704 1075 3784 cupidi·
1128 3704 1306 3764 conuentus
1325 3702 1366 3766 ah
1388 3702 1516 3766 alterius
1535 3705 1649 3767 ustura
1671 3723 1800 3784 prorsus
1819 3704 1908 3781 divep

280 3796 346 3855 tate
365 3791 505 3853 omnium
527 3791 683 3855 malornm
706 3791 790 3853 fonte
810 3793 993 3873 rapiantur,
1017 3791 1073 3854 sed
1127 3806 1196 3852 sam
1205 3794 1237 3852 et
1246 3789 1421 3871 sejunctam
1430 3795 1557 3865 esse3et
1566 3809 1604 3854 ee
1612 3791 1732 3872 pariter
1742 3793 1907 3874 discrepare

281 3879 386 3960 potius
399 3879 441 3940 ab
459 3877 530 3956 illis,
547 3879 600 3959 qui
615 3878 765 3942 doctrine
779 3897 818 3941 ae
830 3881 954 3944 virtutis
967 3881 1070 3959 gloria
1127 3895 1353 3958 magnopercre
1368 3880 1450 3942 iuter
1463 3898 1508 3955 se,
1524 3898 1596 3961 que
1611 3899 1632 3952 a
1645 3881 1778 3952 diversis
1791 3884 1866 3949 inter
1877 3899 1906 3942 sc

281 3985 377 4048 sopra
404 3969 534 4030 caeteros
561 3968 743 4046 efferuntur,
773 3969 937 4032 consilium
965 3989 1073 4050 expos·
1127 3967 1336 4032 contractibus
1350 3974 1595 4048 consequuntur.
1613 3971 1737 4032 Revera
1750 3970 1905 4048 distamen

281 4059 367 4119 caut.
1127 4054 1904 4142 apertissimuminteroeditiruetuminterquijurs

321 4165 337 4204 a
356 4144 505 4208 Secundo
518 4145 599 4222 loeo,
616 4144 669 4225 qui
684 4145 803 4207 viribus
817 4145 881 4208 suis
899 4164 936 4208 eo
949 4145 1074 4225 sapien·
1126 4140 1211 4204 linito
1226 4161 1264 4204 ex
1278 4143 1412 4222 pecunie
1426 4143 1610 4224 desumitur,
1622 4147 1757 4228 ideoque
1771 4147 1904 4228 potestgin

280 4233 332 4296 tie
346 4233 391 4296 ita
413 4234 575 4298 confidunt
598 4238 633 4297 ut
658 4251 845 4314 responsum
867 4233 950 4296 ferre
973 4235 1012 4296 de
1036 4234 1073 4298 iis
1127 4233 1259 4311 utroque
1273 4231 1341 4296 loro
1355 4232 1498 4308 relineri;
1515 4251 1553 4296 ao
1567 4235 1808 4316 fructumquiex
1821 4255 1904 4316 litet

280 4322 506 4403 questionibus
520 4339 581 4384 nou
604 4321 748 4386 dubitent
763 4324 844 4404 (quea
866 4327 971 4386 tamen
987 4323 1072 4384 haud
1126 4318 1180 4379 nie
1197 4318 1301 4382 illicite
1317 4321 1510 4398 conciliatur,
1534 4321 1668 4403 ideoque
1683 4323 1903 4405 indutiasque

279 4411 426 4490 exiguam
441 4413 545 4474 Sacrae
559 4411 739 4492 'theologie
751 4417 783 4474 et
796 4415 959 4474 canonum
974 4411 1073 4474 scien·
1123 4405 1243 4487 judicio
1256 4408 1467 4475 restituendus
1481 4409 1672 4482 decernitur.
1688 4413 1815 4489 Constat
1823 4412 1904 4493 igitur

218 4531 220 4536 ·
277 4497 356 4564 tiam
366 4499 552 4580 requirunt),
569 4499 609 4562 ab
624 4501 781 4579 extremis,
798 4519 869 4580 que
883 4519 1008 4581 semper
1026 4499 1073 4560 vi·
1127 4494 1212 4558 haud
1226 4496 1352 4560 inanem
1371 4498 1410 4560 de
1424 4499 1527 4562 usuris
1542 4500 1749 4580 questionem
1766 4501 1824 4564 hcc
1836 4507 1903 4574 nm·

278 4587 360 4651 tiosa
373 4590 455 4662 suut,
469 4587 562 4666 longe
577 4605 611 4648 se
625 4587 812 4652 abstineant.
838 4589 962 4654 Etenim
975 4588 1072 4669 aliqui
1126 4601 1202 4662 porc
1216 4585 1349 4668 proponi
1364 4586 1404 4648 ob
1419 4605 1490 4650 eam
1512 4605 1642 4658 oausam
1664 4589 1752 4671 quod
1776 4596 1811 4654 ut
1820 4586 1902 4674 pluri·

278 4679 368 4739 tanta
381 4676 546 4738 serentate
559 4676 599 4738 de
608 4675 646 4736 iis
661 4676 755 4738 rebus
761 4677 904 4759 judicant
915 4679 950 4740 ut
963 4693 1072 4757 quam·
1125 4689 1213 4744 mum
1228 4691 1267 4734 ex
1287 4674 1421 4752 pecunia
1439 4693 1509 4756 que
1523 4675 1613 4743 elteri
1631 4677 1781 4756 tribuitur
1798 4678 1902 4754 henos

277 4763 356 4826 libet
370 4761 537 4826 utilitatem
556 4781 594 4824 ex
617 4764 751 4841 pecunia
766 4765 964 4844 desumptam
977 4782 1073 4826 aocu-
1126 4761 1238 4843 aliquis
1253 4763 1435 4842 excipiatur.
1897 4757 1899 4764 ⁴

278 4855 389 4914 cusent
409 4855 562 4930 tanquam
585 4850 724 4913 illicitam
748 4856 779 4915 et
803 4869 875 4914 cum
890 4871 985 4914 usura
999 4871 1072 4915 con·
1166 4873 1181 4910 o
1202 4853 1277 4914 lieo
1291 4851 1487 4931 potissimum
1509 4852 1599 4916 vohis
1613 4851 1901 4930 indicendscensoiss

275 4938 432 5021 junctam.
462 4941 578 5000 (lenire
603 4957 679 5002 roro
705 4941 845 5002 nonnulli
874 4941 1072 5021 indulgentes
1125 4958 1206 5017 mus,
1232 4945 1395 5020 sperantes
1418 4941 1484 5004 lore
1499 4943 1705 5006 utmnndetis
1728 4938 1899 5016 exsecutioni

173 5047 178 5052 ·
253 5028 358 5092 'adeo
381 5025 567 5106 remissique
581 5032 655 5090 sunt
675 5032 709 5091 ut
724 5029 933 5110 quodcunque
953 5031 1073 5092 emolu·
1125 5047 1331 5110 quecumque
1346 5048 1402 5110 per
1415 5030 1473 5094 has
1486 5031 1619 5099 Litteras
1633 5033 1763 5106 aNchis
1775 5029 1899 5114 praere

278 5115 420 5175 mentum
435 5112 475 5174 ab
490 5131 586 5174 usura
598 5113 792 5193 turpitudine
815 5115 949 5179 liberum
966 5116 1072 5176 existi·
1124 5117 1243 5179 buntur
1259 5136 1265 5177 :
1283 5119 1467 5195 opportunis
1485 5136 1612 5200 quoque
1637 5121 1785 5187 remediis
1803 5135 1898 5192 conso·
1983 5149 1988 5157 ·

273 5206 375 5264 'ment
398 5201 470 5264 Suis
483 5201 613 5280 privatis
626 5201 825 5282 opinionibus
842 5221 881 5265 ne
905 5204 996 5265 nimis
1015 5205 1072 5266 ed·
1124 5204 1205 5282 letis,
1228 5203 1271 5266 oti
1286 5204 1483 5282 confidimus,
1498 5205 1525 5268 si
1547 5207 1629 5272 sorte
1642 5207 1685 5270 cb
1701 5208 1782 5280 hano
1801 5220 1896 5278 norant

278 5289 436 5362 hereaat3
454 5288 509 5350 sed
522 5287 707 5370 priusquam
723 5308 910 5370 responsum
923 5291 1068 5370 reddant,
1125 5293 1164 5355 de
1185 5293 1287 5354 usuris
1314 5294 1568 5362 Controversiam
1594 5296 1627 5360 in
1655 5297 1786 5368 nterea
1811 5299 1896 5368 vert

277 5375 384 5457 plures
408 5377 583 5457 Scriptores
601 5378 782 5443 examinent
796 5379 849 5460 qui
870 5379 972 5460 magis
989 5379 1071 5443 inter
1124 5381 1225 5444 turbae
1239 5383 1445 5461 concitentur,
1462 5383 1513 5446 rel
1526 5386 1716 5466 corruptele
1729 5387 1770 5453 etl
1782 5382 1895 5458 inhelat

279 5466 409 5534 caeru
422 5463 648 5556 medicentur,
660 5465 774 5530 deinde
788 5484 843 5530 eas
856 5471 961 5556 partes
973 5467 1068 5538 susei-
1119 5469 1254 5540 tandum
1269 5487 1353 5536 sente
1362 5470 1513 5540 doctrine
1526 5471 1893 5560 fflndmematpuriltitffl
