4120 6348
294 515 354 576 572
954 515 1069 578 LlBlllll
1092 513 1289 589 QUARTUS.

290 701 481 779 6666661666
503 705 626 765 666666
651 701 799 782 imposita
822 705 869 766 est
893 703 1086 785 quindenus,
1183 705 1244 784 §2
1272 706 1332 767 Pro
1355 702 1551 784 designando
1573 703 1683 767 valore
1703 703 1855 768 Beneficii
1879 723 1950 769 666
1975 726 2013 774 ue
2047 733 2048 736 ¹

291 790 374 852 unda
389 790 442 871 qui
457 791 975 870 nontenentursclrereauratam,
993 791 1088 854 etiam
1144 792 1259 857 debent
1280 793 1455 874 computari
1483 780 1698 856 emolumenta
1725 795 1861 873 1666666,
1887 795 1950 858 666
2047 799 2048 856 ἶ

291 896 354 940 666
367 883 514 942 66666666
540 879 581 942 66
610 878 835 964 quindennem.
853 880 960 942 Videri
985 882 1090 958 potest
1143 881 1210 944 sola
1233 887 1328 958 certa,
1354 881 1399 944 uti
1422 885 1496 944 sunt
1517 881 1735 944 anniversaria
1757 884 1822 945 lixa
1836 887 1869 945 66
1890 882 1949 946 do

290 969 446 1048 Castrop.‚
463 977 485 1030 t.
509 966 585 1044 6,(1.
603 969 633 1036 3,
656 987 687 1048 p.
705 971 735 1044 7,
765 966 817 1029 ubi
842 968 937 1028 etiam
956 967 1024 1048 agit
1048 969 1089 1030 da
1142 973 1222 1047 tata,
1246 973 1351 1049 Suae,
1376 971 1532 1048 Gastrnp,
1550 971 1656 1048 6666,
1680 973 1822 1033 Wames.
1840 970 1949 1034 liliam

291 1055 453 1118 caritativo
467 1053 617 1133 subsidio,
635 1053 719 1136 quod
744 1054 966 1137 quandoquea
988 1057 1090 1118 Bene·
1143 1059 1346 1141 probabiliter
1360 1078 1422 1120 666
1447 1058 1564 1120 debent
1583 1059 1761 1138 computari
1782 1059 1949 1141 stipendia

290 1142 402 1229 flciatis
417 1143 561 1228 exigitur.
1142 1164 1200 1226 pro
1222 1147 1340 1224 Missis,
1366 1145 1391 1207 si
1416 1146 1474 1206 bas
1488 1149 1596 1225 posset
1616 1145 1723 1225 legera
1747 1165 1807 1228 per
1829 1146 1944 1224 alium,

224 1247 265 1295 666
329 1233 391 1312 53.
409 1233 440 1296 si
456 1233 525 1314 quis
535 1231 652 1295 habeat
665 1231 821 1294 indultum
836 1230 1018 1295 6661666661
1031 1236 1088 1296 Ba·
1142 1240 1210 1298 tum
1225 1235 1308 1297 euim
1321 1254 1383 1296 non
1397 1237 1471 1296 sunt
1483 1233 1603 1296 fruetus
1617 1233 1781 1313 beneficii,
1798 1235 1857 1296 sed
1871 1253 1947 1314 pro-

291 1320 413 1398 neficia‚
443 1320 552 1384 addila
575 1315 725 1398 clausula,
751 1325 786 1383 ut
808 1321 853 1382 sic
876 1322 1031 1401 provisus,
1062 1323 1088 1386 si
1143 1323 1204 1405 prii
1230 1324 1357 1400 laboris,
1384 1326 1517 1399 666666,
1549 1325 1653 1401 Gara,
1680 1325 1792 1400 66661,
1818 1344 1849 1386 6.
1873 1327 1947 1396 166;

290 1408 409 1472 fructus
422 1409 569 1473 Beneficii
583 1411 724 1471 valorem
738 1427 877 1472 aunuum
897 1415 936 1472 sl
959 1412 1089 1474 ducato·
1144 1412 1238 1475 debet
1247 1413 1368 1475 detrahi
1382 1413 1477 1474 ctiam
1488 1411 1597 1491 pensio
1607 1411 1758 1490 imposita
1767 1412 1946 1489 06666616,

291 1515 362 1560 rum
376 1498 539 1574 excedant,
565 1497 647 1559 16166
670 1501 689 1560 8
710 1517 834 1560 menses
857 1518 971 1561 noram
986 1499 1088 1580 provi·
1144 1502 1218 1582 quia
1234 1503 1426 1564 Beneficium
1452 1505 1599 1563 censetur
1619 1501 1727 1563 valera
1755 1501 1829 1580 hoc,
1857 1501 1949 1582 quod

291 1577 445 1648 sionema
473 1588 538 1649 Sua
551 1585 724 1648 Sanctitate
749 1586 906 1665 impetret,
924 1592 955 1650 ct
969 1589 1089 1650 litteras
1143 1589 1329 1652 beneficiato
1340 1593 1481 1652 remanet
1497 1588 1646 1650 detractis
1660 1588 1823 1667 oneribus,
1836 1589 1946 1669 Gigas,

290 1679 398 1761 petere
412 1692 449 1736 ac
460 1673 535 1756 jura
553 1676 691 1736 Gamerae
705 1675 894 1754 Apostolicae
908 1677 1088 1756 persolvere
1143 1683 1298 1758 Gasbrop.,
1316 1683 1426 1740 contra
1439 1676 1532 1749 alios;
1550 1680 1718 1738 excusatur
1731 1683 1841 1739 autam
1856 1676 1947 1738 mala

291 1768 447 1840 teneatur,
464 1761 648 1824 dubitarunt
660 1762 769 1842 aliqui,
794 1781 834 1824 66
850 1763 946 1826 etiam
961 1764 992 1824 iu
1015 1767 1090 1826 Ger·
1144 1767 1301 1848 expressio
1326 1764 1453 1842 valoris,
1482 1764 1508 1825 si
1535 1763 1576 1825 sit
1602 1763 1762 1825 excessive
1785 1764 1946 1841 medicus,
2047 1773 2048 1798 ³

290 1850 1086 1931 maniasicprovisusnonteueatur‚lstapraestare:
1144 1857 1235 1933 idest,
1266 1873 1329 1917 666
1357 1855 1440 1916 61666
1465 1857 1588 1915 sextam
1613 1857 1748 1932 partem,
1779 1854 1943 1932 blandos,

291 1958 350 2024 pro
364 1943 453 2020 parte
478 1940 655 2002 affirmante
670 1943 740 2013 est;
760 1939 845 2020 quod
869 1940 1025 2003 indultum
1050 1936 1090 2003 sil
1143 1947 1249 2022 1666,
1260 1964 1293 2026 p.
1312 1948 1341 2022 2,
1356 1964 1387 2025 q.
1404 1945 1474 2019 659,
1490 1961 1521 2003 a.
1537 1944 1567 2004 8.

292 2028 540 2094 extraordinaria
561 2029 674 2109 gretie,
703 2028 839 2109 ideoque
854 2030 990 2109 potuerit
1004 2034 1101 2111 Papa¹
1183 2035 1201 2113 ἓ
1214 2037 1244 2096 3.
1260 2036 1339 2095 llum
1349 2030 1422 2094 anni
1437 2031 1560 2093 varient
1574 2031 1605 2091 iu
1620 2030 1840 2110 proventibus,
1855 2031 1947 2093 66166
1969 2045 2004 2092 erc

292 2116 572 2180 extraordinariam
604 2118 777 2178 clausulam
814 2117 933 2180 addere
976 2123 1090 2197 praeter
1143 2122 1243 2184 taxari
1265 2122 1359 2183 debet
1381 2139 1420 2181 ex
1442 2120 1533 2182 annis
1555 2119 1710 2199 pluribus.
1734 2121 1775 2182 llt
1796 2120 1945 2182 sufficere

291 2204 497 2281 concordata,
514 2204 610 2286 idque
620 2205 875 2283 praesumendum
885 2204 935 2275 sit,
954 2223 993 2267 ue
1005 2207 1089 2267 clau·
1144 2209 1262 2272 attendi
1290 2208 1428 2289 quinqua
1461 2205 1688 2286 praecedentes,
1718 2206 1831 2269 dieunt
1855 2207 1946 2268 Man.

291 2291 887 2372 661616666161666666666.’066[.6666
916 2294 1090 2355 Germanus
1144 2298 1234 2374 dos,
1269 2302 1300 2358 cl
1327 2295 1503 2371 llascard.,
1534 2293 1590 2356 sed
1615 2293 1737 2356 attendi
1760 2295 1879 2356 debere
1908 2297 1946 2357 10

290 2384 398 2446 Rcmae
421 2382 600 2461 supplicans
614 2399 671 2461 pro
685 2380 850 2455 beneficia
877 2382 951 2444 lieet
969 2383 1090 2444 scriba·
1144 2387 1356 2468 praecedentes
1385 2385 1500 2447 docent
1529 2386 1634 2460 aare,
1663 2387 1696 2445 66
1723 2385 1868 2464 Castrop.
1903 2385 1941 2445 V.

290 2475 342 2534 lur
363 2471 440 2533 illud
466 2489 528 2532 666
557 2470 709 2532 excedere
734 2473 773 2532 bl
800 2472 950 2550 ducatos,
981 2475 1090 2534 tamen
1144 2479 1252 2553 Lena,
1277 2495 1307 2557 q.
1331 2477 1400 2536 660.
2047 2543 2048 2546 ,

290 2563 380 2640 putat
412 2559 655 2638 Plettembergh.
686 2558 717 2619 16
749 2559 839 2621 notit.
869 2559 1014 2622 tribunal.
1051 2561 1093 2622 od
1184 2563 1293 2640 (luccat.
1310 2562 1504 2638 aa-Qaid
1515 2562 1680 2626 notandum
1693 2563 1731 2623 alt
1744 2563 1827 2623 cirre
1835 2580 1944 2643 posses
1965 2581 1999 2628 u

292 2649 363 2732 nep.
379 2652 430 2727 55,
448 2648 536 2712 Cone.
549 2667 622 2728 pag.
640 2651 711 2724 l'll,
726 2647 827 2709 teneri
843 2649 1019 2727 exprimere
1034 2668 1090 2710 vc·
1143 2657 1254 2714 sionem
1269 2651 1430 2713 annalem?
1445 2655 1480 2713 ll.
1499 2669 1587 2732 seqq.
1603 2652 1665 2731 §b
1683 2653 1728 2713 De
1744 2648 1807 2713 hac
1830 2650 1874 2714 166
1888 2649 1945 2710 ba·
2047 2683 2048 2686 =

288 2743 362 2804 'rum
375 2738 536 2798 valorem:
554 2753 630 2816 ergo
641 2736 666 2796 si
684 2753 795 2797 revera
805 2737 948 2814 excedat,
963 2736 1091 2803 debebit
1144 2740 1198 2802 bet
1215 2741 1333 2820 Regula
1346 2739 1481 2802 Cancell.
1504 2738 1684 2801 «Dominus
1698 2741 1821 2815 noster,
1841 2741 1876 2799 ut
1888 2736 1943 2798 im·

290 2825 324 2889 id
338 2825 683 2913 manifestaressomae,
702 2828 733 2887 01
747 2825 821 2904 quia
835 2825 879 2887 116
892 2825 1022 2887 mandat
1044 2825 1089 2886 in·
1144 2859 1158 2895 p
1177 2835 1284 2916 probis
1306 2835 1376 2896 lites
1394 2833 1626 2914 exquirentium
1644 2852 1750 2895 mores
1770 2833 1942 2914 pepp-iman-
2047 2877 2048 2880 ,

291 2915 424 2992 dullum,
442 2931 557 2975 666666
571 2912 909 2992 petercprovisionem.
927 2911 1090 2974 Nihilomi-
1145 2948 1159 2983 „
1179 2930 1242 3002 tur,
1259 2923 1367 2986 statuit
1390 2928 1421 2985 et
1444 2923 1621 3000 ordinavit,
1651 2923 1737 3003 quod
1762 2923 1941 3003 quicunque

289 3000 1089 3082 nuspraseindendoaprustdequemihinoncous·
1144 3034 1158 3072 6
1177 3010 1368 3073 Beneficium
1383 3009 1638 3072 Ecclesiasticum
1658 3015 1733 3072 tunc
1747 3026 1940 3090 perannum

290 3095 347 3168 tat,
364 3088 648 3168 sententianegans
664 3087 787 3150 videtur
800 3087 1003 3168 probabilior,
1016 3087 1090 3168 quia
1144 3123 1158 3159 o
1176 3099 1355 3160 immediate
1382 3100 1615 3179 praecedentem
1640 3097 1774 3178 pacifice
1804 3115 1942 3179 possscs·

292 3179 376 3280 diota
390 3176 532 3240 clausula
545 3195 608 3278 non
624 3181 671 3239 est
694 3177 871 3256 specialiter
894 3177 945 3278 isti
969 3177 1089 3277 indulto
1144 3215 1158 3252 „
1177 3190 1264 3273 sumq,
1288 3189 1413 3282 etquod
1436 3188 1631 3280 oenomao
1646 3205 1761 3249 papam
1770 3185 1943 3328 §mendic

290 3269 421 3343 ·ncerta,
438 3264 494 3327 sed
509 3282 626 3344 passrm
639 3264 678 3326 de
692 3265 773 3343 stylo
788 3283 945 3326 commum
961 3269 1088 3328 666661-
1144 3295 1158 3332 o
1178 3272 1325 3350 deinceps
1334 3272 1558 3348 1mpetraver1t‚
1572 3286 1700 3346 nomen,
1710 3286 1769 3348 gra
1796 3271 1941 3328 6666666

291 3372 353 3435 quc
368 3353 513 3416 omnibus
523 3351 677 3434 ejusmodi
688 3352 816 3415 indultis
826 3353 923 3415 etiam
938 3353 1090 3416 Cardine·
1144 3384 1159 3420 6
1178 3360 1330 3422 bilitatem
1345 3357 1532 3437 possessoris
1546 3357 1700 3437 ejusdem,
1718 3359 1749 3418 66
1761 3360 1843 3437 quot
1857 3353 1942 3418 anuis

290 3443 367 3506 lium
382 3447 414 3505 et
426 3444 618 3521 [legatorum
646 3442 898 3521 Apostolicorum
927 3442 1087 3519 inseritur,
1143 3471 1157 3508 6
1179 3447 1254 3509 11166
1264 3446 1448 3527 possederit,
1462 3451 1493 3508 ct
1502 3445 1682 3524 specificam
1698 3449 1729 3506 et
1748 3442 1942 3506 determina·

290 3537 326 3596 ut
347 3530 454 3594 videre
478 3534 525 3602 666
548 3530 633 3609 apud
656 3531 764 3608 Barb,
789 3530 825 3593 dc
848 3538 955 3610 potest.
980 3529 1086 3613 Epicu.
1143 3559 1157 3597 6
1177 3542 1241 3599 tam
1261 3553 1388 3597 causam
1404 3535 1453 3614 (ex
1468 3553 1531 3616 qua
1552 3539 1695 3596 constare
1715 3533 1801 3595 61666
1817 3533 1940 3614 poterit,

290 3621 382 3702 cllaq.
399 3623 450 3682 57.
465 3639 547 3680 aum.
562 3622 612 3696 50,
630 3623 662 3681 66
675 3619 790 3696 Γ1666,
807 3638 838 3700 p.
853 3623 883 3697 6,
899 3638 962 3700 cop.
979 3621 1009 3696 3,
1025 3619 1086 3697 55,
1143 3648 1158 3683 6
1175 3623 1259 3706 quod
1275 3625 1394 3684 nullum
1409 3622 1466 3702 ipsi
1482 3620 1832 3704 possesessoriindicto
1847 3621 1941 3682 Bene·

289 3729 371 3772 aum.
388 3711 439 3785 22,
466 3708 561 3788 idque
576 3707 679 3785 unice,
706 3725 746 3767 ne
761 3707 892 3770 Camers
909 3705 1090 3785 apostolica
1143 3713 1245 3774 611616
1265 3711 1317 3794 jus
1339 3711 1507 3791 competat)
1525 3711 1558 3771 in
1589 3708 1771 3791 hujusmodi
1795 3708 1942 3789 impetra·

289 3797 455 3864 fraudetur
475 3795 608 3872 6666616,
626 3795 711 3876 quod
736 3799 842 3856 autem
869 3794 929 3856 ista
950 3794 1089 3856 clausula
1143 3825 1157 3861 6
1174 3802 1259 3865 61666
1280 3801 1474 3879 exprimere,
1491 3806 1523 3860 et
1543 3799 1627 3861 iutra
1651 3802 1671 3861 6
1692 3817 1820 3860 menses
1841 3797 1941 3880 ipsum

291 3905 353 3950 666
369 3885 485 3948 haheat
498 3885 656 3961 effectum,
674 3882 727 3944 ubi
737 3883 826 3944 valer
836 3882 976 3944 omnium
990 3883 1088 3944 bens-
1143 3913 1157 3948 a
1176 3907 1388 3970 possessorem
1414 3887 1454 3950 ad
1475 3886 1630 3968 judicium
1654 3903 1788 3947 6666666
1816 3885 1939 3961 facere,

289 3976 433 4040 floiorum
459 3991 521 4035 666
536 3977 682 4034 censetur
709 3970 859 4033 excedere
873 3974 912 4032 64
932 3971 1085 4050 ducatos,
1143 3999 1157 4036 6
1177 3995 1368 4056 causamque
1395 3994 1433 4037 ex
1458 3979 1535 4037 tunc
1560 3975 1697 4053 desuper
1718 3971 1801 4034 iutra
1825 3989 1940 4034 annum

290 4064 323 4126 id
346 4083 403 4143 per
416 4063 562 4126 accidens
576 4064 635 4137 cst,
652 4079 726 4122 nam
746 4059 867 4122 obtinet
888 4061 1033 4122 effectum
1056 4059 1088 4120 16
1143 4086 1157 4123 a
1175 4083 1274 4144 usque
1298 4062 1340 4123 ad
1361 4061 1552 4125 sententiam
1573 4060 1769 4123 definitivam
1790 4058 1940 4123 inclusive

290 4152 419 4214 indultis
433 4152 473 4214 ad
494 4151 573 4213 alias
588 4148 778 4226 Provincias,
795 4147 848 4209 ubi
862 4149 1019 4211 Bauelicia
1040 4152 1089 4211 66-
1142 4173 1156 4210 6
1177 4149 1322 4230 prosequi
1348 4148 1462 4211 debeat
1480 4153 1511 4211 et
1525 4153 1669 4210 teneatur
1693 4148 1861 4229 :alioquin
1885 4149 1941 4210 im·

290 4236 740 4308 xanturadverumvalorcm
758 4257 764 4298 :
783 4235 856 4297 hinc
871 4237 1011 4298 clausula
1028 4237 1088 4299 ista
1142 4262 1157 4298 6
1176 4239 1308 4319 petratio
1354 4238 1529 4316 66661666,
1569 4241 1600 4300 66
1636 4255 1837 4318 quacunque
1870 4237 1939 4298 1666

292 4327 408 4409 ubique
430 4327 628 4407 relinquitur,
655 4343 695 4386 ne
720 4329 860 4387 mutetur
887 4326 986 4402 stylus
1011 4324 1089 4386 sori·
1142 4349 1156 4388 6
1174 4331 1280 4389 secuta
1302 4326 1416 4387 nullius
1442 4325 1576 4386 existant
1595 4325 1770 4398 firmiana
1798 4329 1831 4387 et
1858 4324 1939 4386 idem

290 4416 396 4494 bandi,
413 4415 497 4478 unde
520 4415 604 4492 dato,
621 4414 706 4497 quod
730 4432 809 4493 opus
825 4414 866 4476 sit
887 4414 920 4475 in
946 4414 1089 4494 supplica
1142 4417 1347 4496 »impetrans
1369 4413 1407 4477 66
1431 4413 1555 4475 damnis
1570 4417 1601 4475 et
1615 4413 1765 4476 interesse
1781 4431 1939 4494 possesso-

290 4506 331 4572 ad
345 4508 465 4588 Pupam
480 4504 656 4583 exprimere
666 4521 777 4565 verum
791 4503 944 4580 valorem,
961 4501 1012 4563 hic
1025 4519 1087 4564 666
1141 4527 1156 4564 n
1173 4523 1240 4566 rcm
1260 4505 1363 4583 ipsum
1383 4508 1552 4582 propterea
1576 4501 1834 4581 contingentibus
1849 4502 1878 4562 ei
1894 4519 1938 4564 sa·
2047 4499 2048 4512 ¹

290 4599 338 4658 cst
355 4611 433 4674 opus
447 4593 512 4654 ulls
533 4593 678 4672 supplica
697 4592 739 4654 ad
766 4594 908 4672 Papam:
925 4609 1000 4670 ergo
1029 4607 1088 4653 neo
1142 4614 1156 4652 6
1175 4592 1330 4668 lislacere,
1348 4599 1379 4652 66
1393 4590 1417 4651 61
1433 4603 1648 4669 possessorem
1659 4589 1762 4668 ipsum
1777 4588 1891 4653 frivola
1904 4607 1938 4652 66
2046 4613 2048 4676 3

290 4700 369 4762 opus
383 4679 443 4743 hoc
457 4678 644 4760 exprimere.
1141 4703 1156 4741 6
1173 4679 1310 4744 indebite
1326 4679 1507 4740 molestasse
1526 4682 1670 4758 repertus
1691 4677 1798 4756 luerit,
1823 4679 1865 4740 50
1887 4680 1938 4740 116
2046 4709 2048 4758 p

221 4797 263 4844 m
331 4765 1088 4848 06666600.06161616111961666666616666621
1141 4792 1156 4830 6
1175 4789 1267 4831 66666
1293 4767 1362 4830 6661
1384 4767 1563 4848 persolvere
1587 4767 1726 4828 tamara·
1750 4767 1938 4845 Apostoliea
2046 4759 2048 4838 1

288 4859 461 4922 ducatorem
471 4855 506 4918 dc
520 4857 643 4919 Comere
656 4855 672 4918 1
686 4860 722 4919 ll.
740 4855 758 4934 ἓ
772 4860 802 4919 1.
820 4858 958 4918 Ducatus
973 4873 1087 4916 aureus
1141 4880 1155 4917 6
1174 4857 1214 4919 616
1227 4855 1405 4932 6666616666,
1424 4872 1481 4916 666
1496 4855 1573 4915 61166
1588 4871 1684 4934 quem
1699 4853 1872 4933 praemissas
1885 4871 1938 4917 va·

288 4949 328 5013 66
343 4949 475 5028 Camere
497 4949 544 5009 est
565 4947 696 5008 Scotum
718 4963 862 5022 aureum,
879 4947 912 5005 et
932 4963 1013 5004 unus
1037 4962 1089 5005 ar·
1141 4969 1156 5007 6
1176 4945 1309 5008 66616616
1323 4943 1436 5005 modus
1451 4943 1545 5004 etiam
1560 4960 1618 5021 per
1637 4941 1771 5019 litteras,
1787 4941 1814 5003 si
1829 4947 1938 5004 neuter
2047 4967 2048 4994 l

288 5042 421 5122 genteus
432 5034 618 5108 seululius;
636 5033 767 5095 Scotum
777 5038 884 5094 autem
892 5050 1024 5096 aureum
1038 5051 1088 5094 se-
1141 5060 1156 5096 »
1175 5039 1230 5098 aut
1244 5031 1488 5114 subrogationis,
1505 5031 1556 5093 vel
1569 5031 1646 5093 alias
1661 5031 1722 5092 sibi
1734 5031 1842 5111 quoad
1866 5032 1935 5107 boc,
2047 5049 2048 5078 1

288 5127 428 5191 eundum
450 5129 610 5187 monetam
632 5125 771 5184 nostram
786 5126 834 5184 est
847 5120 991 5196 ducatus,
1022 5119 1087 5182 sivo
1141 5147 1156 5186 6
1173 5131 1209 5187 ut
1222 5121 1402 5185 hu'uemodi
1427 5119 1621 5182 Beneficium
1643 5137 1682 5180 ea
1695 5118 1764 5179 vice
1788 5115 1937 5198 consequi

289 5216 351 5280 duo
365 5213 546 5294 imperiales
559 5211 589 5274 in
599 5210 715 5292 specie.
733 5210 823 5283 Quod
834 5210 859 5272 si
870 5201 1017 5272 dicantur
1029 5208 1087 5271 du·
1141 5227 1155 5264 6
1175 5205 1225 5266 661
1243 5143 1512 5277 616616666661666,
1536 5198 1775 5300 quomodolibet
1789 5199 1937 5278 suffrage-
2046 5208 2048 5229 ¹

289 5307 389 5381 catus,
405 5307 507 5365 etnou
517 5298 714 5363 addatur:de
726 5296 863 5377 Camere,
876 5296 1087 5360 attendendus
1141 5315 1156 5353 6
1173 5297 1240 5370 tur,
1256 5291 1395 5372 illudque
1410 5290 1586 5351 nullatenus
1608 5293 1749 5352 inantea
1767 5289 1938 5370 litigiosum

290 5395 338 5453 est
363 5391 452 5453 valor
477 5389 582 5452 ducali
612 5406 742 5450 currens
770 5387 802 5449 in
830 5387 899 5449 leco
927 5383 1085 5470 Beneficii,
1142 5385 1350 5443 6666666666.

155 5506 164 5532 a
291 5479 395 5556 Gan„
405 5497 436 5564 p,
449 5481 480 5556 5,
498 5499 524 5542 c,
541 5481 570 5556 3,
587 5497 616 5541 η,
636 5480 703 5544 156,
1182 5469 1244 5552 56.
1262 5465 1428 5552 1166666616
1451 5465 1634 5544 multorum,
1656 5483 1728 5551 quac
1749 5467 1874 5550 Regula
1890 5485 1938 5530 re·
1955 5509 1982 5558 α
