4120 6348
597 547 648 608 DE
670 549 893 648 obscurans·
910 553 1233 620 ECCLESIASTICIS.
1680 561 1737 632 581

84 728 209 814 joribus
229 730 403 792 Ordinibus
424 732 518 794 etiam
540 736 779 814 Presbytcratus
799 758 891 800 cons·
946 737 1029 802 circo
1044 743 1186 806 ordinem
1209 744 1444 826 suscipiendum
1458 748 1517 810 sibi
1540 749 1571 811 in
1596 750 1739 816 examine

86 820 207 897 titutos,
231 839 333 900 quam
356 823 460 901 quoad
485 841 549 901 ecc,
573 825 627 906 qui
640 827 689 887 vel
704 828 771 888 sola
786 827 889 908 prima
944 830 1125 909 propositis.
1144 833 1201 906 Oui
1218 852 1293 896 vero
1313 836 1354 897 ad
1370 837 1626 917 Presbyteratum
1648 843 1741 906 erunt

85 911 244 984 Tonsura,
262 908 316 968 vel
330 909 501 972 Minoribus
512 912 683 974 Ordinibus
694 913 818 992 initiati,
834 917 891 976 Be·
944 919 1136 998 assumendi,
1153 921 1257 983 idonei
1272 923 1359 1003 prius
1374 943 1431 1004 per
1445 931 1629 990 accuratum
1651 928 1739 991 simi-

87 995 238 1056 ueficium
254 1001 364 1057 tamen
378 999 631 1062 Ecclesiasticam
654 1003 826 1080 possident.
846 1006 890 1065 Ex
943 1005 1014 1066 liter
1037 1026 1168 1070 examen
1191 1014 1437 1090 comprobentur
1459 1015 1500 1076 ad
1529 1016 1740 1082 ministranda

87 1083 218 1164 reliquis
234 1089 357 1161 autem,
376 1092 409 1147 ut
423 1087 601 1167 praefertur,
629 1091 678 1151 vel
706 1093 773 1153 sola
787 1093 890 1172 prima
944 1095 1164 1171 Sacramenta;
1191 1103 1222 1161 et
1244 1100 1286 1161 od
1308 1101 1462 1180 populum
1485 1104 1664 1167 docendum
1685 1125 1735 1186 ea,

87 1174 232 1234 Tonsura
248 1173 418 1253 insignitis
429 1175 519 1237 velin
535 1177 708 1240 Minoribus
721 1181 890 1242 Ordinibus
944 1201 1014 1262 quaa
1028 1184 1108 1246 scire
1122 1187 1267 1249 omnibus
1282 1191 1496 1253 necessarium
1521 1197 1569 1256 cst
1589 1195 1630 1256 ad
1653 1195 1738 1258 solu-

87 1260 282 1338 constitutis‚
299 1262 355 1325 sed
369 1265 524 1326 Beneficio
540 1268 728 1345 carentibus
763 1269 888 1332 nonnisi
943 1274 1021 1344 tem;
1039 1273 1265 1354 quodquidam
1292 1281 1326 1340 ut
1348 1283 1433 1340 recte
1455 1281 1598 1360 praestari
1621 1284 1732 1362 possit,

88 1368 140 1412 eos
154 1350 355 1428 adscribant,
381 1371 459 1432 quos
474 1355 620 1416 Ecclesiis
635 1357 699 1418 suis
716 1359 819 1436 utiles,
838 1360 888 1420 rel
945 1360 1073 1420 eosdem
1095 1363 1265 1442 Episcopos
1287 1365 1319 1426 in
1342 1367 1475 1431 Domino
1498 1368 1676 1448 hortamur,
1702 1375 1737 1436 ut

87 1436 287 1502 necessarios
298 1459 365 1502 esse
375 1441 598 1521 judicaverint.
622 1448 769 1508 Ceterum
800 1452 888 1510 ante-

89 1527 179 1590 dictae
194 1527 423 1606 adscriptionis
443 1534 661 1594 executionem
671 1534 772 1596 dilleri
796 1555 887 1616 posse

87 1633 143 1694 per
169 1615 306 1696 aliquod
333 1619 484 1697 temporis
513 1621 660 1700 spatium,
695 1623 779 1702 quod
813 1624 887 1704 ipsis

87 1704 252 1784 Episcopis
269 1705 460 1768 conveniens
475 1708 650 1788 videbitur,
676 1713 886 1790 permittimus

89 1794 191 1872 quoad
206 1812 277 1872 eos,
296 1795 348 1876 qui
364 1815 384 1856 a
397 1796 540 1874 Dioecesi‚
558 1798 587 1857 in
605 1818 668 1879 qua
693 1802 884 1878 Tonsuram,

88 1882 134 1942 vel
146 1883 286 1946 Ordines
301 1891 516 1965 susceperunt,
532 1907 627 1949 causa
635 1889 794 1952 ediscendi
805 1889 887 1952 litte-

87 1991 192 2034 rarum
208 1974 361 2036 scientias
374 1975 406 2035 in
419 1975 525 2054 aliqua
540 1977 884 2056 publicaUniversitate

88 2061 135 2122 rel
149 2062 338 2140 Gymnasio,
355 2062 419 2124 sive
435 2083 474 2124 ex
488 2064 550 2126 alia
564 2066 740 2128 rationabili
756 2087 852 2129 eausa
866 2087 885 2130 a

88 2166 141 2210 suo
156 2150 318 2230 Episcopo
333 2152 518 2231 approbata,
535 2153 584 2212 vel
597 2154 814 2234 approbanda,
831 2157 884 2218 ab·

88 2243 189 2300 sentes
204 2242 419 2320 reperiantur.

125 2349 139 2386 o
157 2329 210 2390 lll.
221 2331 305 2390 Cum
318 2333 423 2390 autem
436 2330 557 2407 Clerici,
581 2330 634 2410 qui
660 2332 691 2392 in
713 2333 884 2412 Episcopa-

88 2416 166 2478 libus
182 2416 371 2479 seminariis
386 2418 569 2495 educantur,
585 2425 619 2481 ut
633 2421 828 2482 commodius
843 2421 883 2481 ad

90 2507 276 2583 litterarum,
295 2524 518 2588 sacrarumque
534 2529 640 2571 rerum
655 2509 794 2570 studium
808 2528 883 2587 ope-

90 2613 154 2656 ram
167 2595 328 2673 conferre,
346 2597 476 2678 aliisque
499 2616 519 2658 a
538 2598 675 2660 Concilio
700 2599 882 2660 Tridentino

90 2686 280 2766 praeseriptis
295 2687 494 2748 addiscendis
507 2687 608 2766 magis
623 2687 748 2748 assidue
764 2688 882 2748 incum-

90 2774 160 2836 bere
183 2776 320 2855 possint,
345 2780 512 2838 teneantur
531 2776 621 2856 juxta
643 2775 786 2855 ejusdem
800 2777 882 2836 Con-

91 2859 149 2920 cilii
162 2864 334 2926 Decretum
349 2862 458 2925 diebus
470 2867 592 2925 tanturn
607 2864 882 2925 EcstisCatbedra-

91 2948 121 3024 li,
136 2949 245 3012 aliisve
258 2951 321 3014 loci
336 2953 483 3016 Ecclesiis
506 2952 659 3013 inservire
677 2973 684 3013 :
708 2953 790 3014 banc
815 2951 882 3032 qui·

93 3038 159 3098 dem
177 3040 298 3105 servitii
323 3060 379 3121 per
400 3061 453 3103 eos
477 3041 615 3102 obeundi
637 3041 791 3102 rationem
815 3059 881 3101 ser·

90 3127 189 3192 variin
199 3130 573 3210 omnibusHispaniarum
584 3129 789 3207 Dioecesibus,
805 3148 880 3190 neo-

92 3233 151 3277 non
172 3218 259 3298 ipsos
284 3221 485 3300 generalibus
509 3220 660 3280 duntaxat
682 3218 778 3280 totius
798 3217 878 3279 Cleri

91 3305 377 3386 supplicationibus,
391 3309 456 3370 sive
466 3307 719 3370 Processionibus
730 3307 878 3368 interesse

92 3395 242 3474 volumus,
269 3403 301 3458 et
323 3397 520 3473 mandamus,
546 3398 669 3458 sublata
692 3414 878 3476 quacunque

92 3483 214 3562 majoris
229 3487 349 3548 servitii
363 3485 598 3562 consuetudine,
612 3485 707 3547 etiam
717 3485 878 3544 immemo-

93 3571 187 3651 rabili,
204 3575 440 3655 postpcsitaque
455 3573 550 3635 etiam
565 3591 751 3654 quacunque
764 3572 878 3651 Appel-

93 3658 476 3739 latione,et1nbibitione.
494 3663 526 3725 Si
542 3663 626 3742 quod
650 3667 756 3724 autem
778 3659 878 3722 Semi-

94 3749 209 3810 narium
237 3752 425 3830 reperiatur,
454 3751 543 3831 cujus
577 3751 759 3812 fundatione
787 3748 878 3810 aliter

94 3843 213 3902 cautum
234 3846 319 3902 essct
342 3841 381 3902 cb
404 3840 561 3920 adjectam
584 3839 738 3919 gravioris
757 3836 875 3898 servitii

94 3925 189 4006 legem
202 3930 323 4007 abillo,
340 3930 393 4010 qui
409 3927 618 3993 Seminarium
636 3927 738 4005 ipsum
763 3926 876 3986 lunda-

94 4015 177 4092 verit,
192 4037 247 4080 seu
263 4019 428 4095 dotaverit,
445 4019 493 4079 vel
509 4018 536 4078 ci
552 4017 636 4096 piam
646 4017 784 4096 aliquam
792 4014 875 4094 lega-

94 4102 203 4166 donem
228 4108 412 4181 contulerit;
441 4105 586 4186 Episcopi
608 4106 648 4166 ad
669 4107 732 4166 Nos
760 4109 792 4167 et
818 4123 874 4182 pro

95 4195 226 4274 tempore
265 4196 451 4258 existentem
478 4198 657 4258 Romanum
689 4195 873 4257 Pontificem

95 4278 123 4340 id
137 4283 281 4362 referant,
309 4288 344 4347 ut
367 4286 504 4365 desuper
524 4287 699 4363 opportune
715 4283 875 4363 provideri

94 4369 198 4435 valeat.

129 4481 142 4518 n
160 4463 209 4525 IV.
227 4465 383 4526 Praeterea
404 4481 475 4524 curn
499 4460 633 4524 maxime
658 4460 778 4536 doceat,
807 4478 872 4537 eoS,

96 4548 141 4625 qui
156 4553 281 4634 propius
295 4551 335 4613 ad
360 4551 577 4614 Sacratissime
600 4549 749 4627 Mysteria
769 4566 875 4610 acces-

95 4637 246 4718 surisunt,
272 4641 353 4702 ultra
378 4646 483 4702 cetera
506 4639 666 4720 requisita,
689 4636 873 4719 congruenti

96 4723 180 4787 etiam
193 4731 309 4808 pollere
334 4727 473 4805 scientia,
491 4746 554 4809 qua
576 4725 698 4806 praediti
725 4726 808 4788 viam
823 4743 874 4786 sa-

95 4809 160 4874 lutis
185 4817 322 4880 indicare
346 4819 414 4881 aliis
439 4817 699 4880 Christisrdelibus
722 4815 871 4894 possint:

96 4897 228 4985 Episcopi
243 4907 365 4968 nonnisi
381 4925 434 4968 eos
449 4927 486 4967 ex
507 4907 595 4968 Clero
621 4911 688 4966 tam
711 4903 871 4979 Saeculari,

97 5004 181 5065 quom
195 4995 340 5076 Regulari
354 4997 395 5057 ad
410 4999 522 5060 Sacros
536 4995 667 5057 Ordines
692 4993 870 5068 admittant,

98 5090 167 5152 quos
199 5085 237 5145 ob
271 5085 444 5160 scientiam,
474 5084 613 5162 aliasque
641 5081 807 5162 qualitates
836 5097 872 5140 co

97 5165 187 5238 gradu
206 5191 278 5233 vere
293 5173 405 5251 dignos
418 5191 476 5250 per
489 5171 671 5251 diligentem
699 5168 873 5250 inquisitio-

947 1453 1099 1526 quantum
1113 1451 1180 1512 sieri
1195 1457 1307 1532 potest,
1326 1473 1379 1516 eos
1393 1459 1516 1518 tantum
1529 1457 1570 1519 ad
1585 1459 1736 1522 Sacerdo-

943 1536 1022 1598 tium
1037 1545 1206 1618 assumant,
1224 1542 1276 1624 qui
1290 1543 1402 1605 saltem
1416 1545 1594 1626 rneclogie
1608 1547 1736 1612 Heredis

942 1632 1156 1704 competenter
1167 1627 1259 1708 periti
1274 1631 1346 1695 sint.

982 1735 996 1772 o
1015 1718 1052 1778 V.
1078 1718 1214 1790 Quodsi
1237 1719 1435 1782 Domicilium
1460 1719 1492 1783 in
1515 1741 1580 1785 una
1599 1723 1733 1788 Dioecesi

941 1801 1104 1881 habentes,
1120 1806 1312 1869 Beneficium
1322 1827 1397 1871 vcro
1412 1810 1444 1870 in
1460 1811 1569 1891 altera,
1592 1813 1731 1876 ordinari

941 1892 981 1952 ad
1003 1892 1144 1972 ejusdem
1170 1897 1317 1959 Beneficii
1341 1898 1471 1960 titulum
1492 1901 1669 1979 optaverint
1690 1902 1732 1965 ab

939 1980 1104 2062 Episcopo,
1122 1983 1153 2043 in
1167 1985 1255 2065 eujus
1268 1986 1401 2048 Dioeccsi
1416 1988 1609 2052 Beneficium
1623 1989 1733 2070 hujus-

940 2069 1026 2129 modi
1050 2071 1144 2132 situm
1167 2076 1237 2134 est:
1262 2073 1435 2154 Episcopus
1449 2075 1603 2139 Domicilii
1618 2077 1733 2142 debeat

939 2175 1003 2235 eos,
1020 2159 1044 2218 si
1060 2159 1091 2218 in
1107 2179 1197 2221 suam
1212 2161 1377 2224 Dioecesim
1391 2165 1548 2226 reversuri
1575 2170 1659 2244 sunt,
1674 2186 1731 2228 su-

938 2264 995 2325 per
1020 2247 1158 2326 scientia,
1184 2251 1233 2311 vel
1257 2251 1428 2314 idoneitate
1455 2253 1635 2317 examinare
1657 2259 1730 2319 anto

938 2337 1171 2397 concessionem
1184 2338 1374 2401 Litterarum
1388 2341 1657 2405 'testimonialium
1677 2363 1730 2406 so-

937 2441 995 2502 per
1009 2443 1118 2485 eorum
1132 2425 1298 2505 natalibus,
1315 2432 1417 2507 aetate,
1434 2430 1585 2509 moribus,
1614 2436 1646 2495 et
1665 2434 1730 2496 vita

934 2511 1024 2592 juxta
1036 2513 1295 2575 constitutionem
1309 2515 1361 2578 fel.
1378 2535 1443 2578 ree.
1469 2519 1642 2582 innocentii
1671 2523 1728 2582 Pa-

937 2619 986 2678 pec
1015 2603 1082 2662 ΧΠ.
1113 2604 1355 2666 Praedecesscris
1383 2606 1492 2683 nostri,
1522 2625 1592 2687 quae
1620 2607 1730 2689 incipit

936 2689 1147 2768 Speculatores,
1175 2690 1437 2767 obtinendarum
1463 2693 1571 2757 addito
1601 2713 1728 2778 quoque

937 2781 1105 2855 comperta
1129 2778 1308 2842 idoneitatis
1340 2781 1519 2843 testimonio
1547 2782 1580 2842 in
1614 2783 1727 2846 iisdem

936 2865 1077 2940 Litteris,
1103 2866 1215 2947 basque
1239 2868 1367 2929 concedi
1388 2869 1565 2932 nullatenus
1579 2869 1726 2951 debeant,

937 2953 961 3014 si
977 2955 1133 3018 antedicto
1149 2955 1291 3018 examine
1305 2962 1456 3039 tanquam
1469 2957 1590 3021 habiles
1612 2978 1727 3041 appro-

935 3042 1000 3104 bati
1016 3061 1079 3105 non
1093 3045 1220 3123 fuerint,
1237 3045 1337 3127 iisque
1347 3046 1438 3126 juxta
1449 3047 1643 3126 praemissam
1666 3049 1727 3112 for·

935 3149 1020 3192 marn
1035 3150 1096 3193 non
1110 3132 1295 3212 impetratis,
1313 3133 1441 3195 minime
1462 3134 1583 3214 possint
1600 3137 1641 3198 ab
1663 3137 1726 3200 alio

934 3220 1100 3299 Episcopo,
1118 3222 1167 3282 eui
1183 3222 1279 3283 etiam
1293 3223 1415 3284 ratione
1435 3223 1553 3286 obtenti
1578 3225 1725 3290 Beneilcii

934 3309 1065 3389 subjecti
1085 3309 1146 3370 sint
1160 3309 1200 3370 ad
1214 3311 1346 3372 Ordines
1361 3312 1554 3390 promoveri;
1571 3311 1660 3394 sique
1678 3333 1724 3376 sa-

933 3399 1066 3474 cusfiat,
1084 3396 1239 3459 Ordinans
1254 3397 1381 3479 quidem
1408 3417 1427 3460 a
1448 3399 1614 3461 collatione
1635 3401 1724 3464 Ordi-

933 3505 1009 3548 num
1023 3503 1222 3564 perannum,
1239 3486 1408 3549 Ordinatus
1430 3505 1541 3549 veroa
1561 3493 1723 3569 suscepto-

933 3593 1003 3636 rum
1023 3575 1176 3636 Ordinum
1202 3576 1394 3653 executione,
1423 3575 1565 3656 quandiu
1593 3577 1721 3658 proprio

932 3663 1097 3726 Ordinaric
1110 3663 1268 3726 videbitur
1277 3663 1437 3743 expedire,
1453 3682 1490 3726 eo
1506 3663 1573 3743 ipsc
1588 3682 1721 3743 suspen-

932 3771 985 3812 sus
999 3752 1049 3829 sit,
1066 3751 1197 3831 aliisque
1207 3751 1540 3832 insupergrarioribus
1550 3750 1652 3831 poenis
1663 3768 1721 3832 pro

932 3840 1025 3902 modo
1038 3841 1136 3919 culpae
1150 3843 1273 3918 Nostro,
1291 3845 1323 3902 et
1334 3860 1390 3921 pro
1404 3845 1546 3920 tempore
1561 3839 1721 3902 existentis

931 3929 1063 3989 Romani
1078 3927 1376 3990 Pontificisarbitrio
1392 3927 1569 4008 infligendis
1585 3931 1717 4008 uterque

931 4016 1101 4096 subjaceat.
1110 4017 1249 4096 Cumque
1260 4015 1716 4096 etiamjuxtamemoratamln-

931 4103 1067 4165 nocentii
1080 4104 1322 4167 praedecessoris
1337 4103 1608 4180 Constitutionem,
1622 4102 1718 4166 ratio·

931 4211 980 4270 ne,
998 4211 1035 4254 ac
1057 4193 1149 4254 titulo
1173 4193 1320 4255 Beneficii
1346 4193 1378 4254 in
1401 4194 1504 4255 aliena
1518 4194 1650 4256 Dioeeesi
1666 4193 1719 4257 cb

930 4282 1006 4344 tenti
1030 4300 1092 4344 non
1120 4281 1210 4344 aliter
1230 4283 1324 4345 liceat
1347 4283 1481 4346 Ordines
1500 4283 1540 4346 ab
1564 4283 1719 4364 Episcopo

930 4371 1071 4452 ejusdem
1085 4372 1234 4433 Dioecesis
1246 4371 1415 4452 suscipere,
1432 4391 1528 4452 quam
1546 4373 1571 4434 si
1598 4374 1718 4435 Bened-

931 4458 1206 4538 eiumpraedictum
1216 4459 1256 4521 sit
1265 4459 1293 4520 ei
1303 4459 1719 4540 redditus,utadcongruam

932 4549 1003 4610 vitae
1028 4549 1296 4626 sustentationem,
1320 4547 1468 4611 detractis
1492 4547 1641 4610 oneribus
1660 4565 1720 4628 per

931 4657 964 4700 se
977 4635 1120 4714 sufficiat,
1137 4637 1344 4714 declaramus,
1368 4635 1587 4698 sufficientiam
1609 4635 1719 4717 hujus·

928 4727 1013 4788 modi
1036 4725 1273 4804 prefiniendam
1299 4743 1378 4801 esse,
1404 4742 1467 4786 non
1485 4722 1576 4805 juxta
1598 4725 1718 4786 'laram

929 4814 1130 4894 synodalem,
1146 4813 1211 4874 sive
1225 4831 1347 4877 morem
1360 4831 1417 4892 pro
1431 4810 1653 4891 promovendis
1676 4812 1717 4873 ad

929 4907 1041 4967 Sacros
1056 4903 1187 4966 Ordines
1201 4901 1359 4982 vigentem
1374 4901 1405 4961 in
1417 4902 1486 4963 loco
1502 4899 1643 4980 predicti
1657 4901 1717 4962 Be·

928 4993 1030 5054 neficii
1046 4991 1115 5072 (nisi
1128 4996 1234 5053 tamen
1248 4991 1324 5052 illud
1344 4989 1537 5068 continuam,
1561 4994 1592 5050 et
1605 4987 1716 5070 precel-

927 5100 995 5142 sam
1009 5081 1210 5142 residentiam
1225 5079 1374 5160 requirat)
1395 5079 1451 5140 sed
1471 5077 1561 5160 juxta
1583 5080 1714 5154 Taxam,

927 5171 977 5230 vel
992 5188 1030 5230 ea
1043 5169 1218 5245 deficiente,
1231 5167 1322 5248 juxta
1330 5185 1451 5229 morem
1463 5167 1494 5227 in
1507 5165 1568 5229 alic
1577 5166 1646 5228 loco
1656 5167 1715 5226 Eo·

100 5265 163 5314 nem
176 5261 399 5340 compererint3
416 5260 495 5321 adeo
511 5265 545 5321 ut
559 5259 634 5320 satis
650 5277 711 5320 non
736 5258 775 5319 sit
789 5255 870 5332 illos,
927 5258 1032 5321 micilii
1048 5259 1217 5338 vigentem.

99 5337 145 5413 qui
158 5347 329 5420 promoveri
344 5349 384 5410 ed
403 5348 534 5410 Ordines
561 5347 727 5427 praediotos
751 5347 870 5424 optant,

99 5419 224 5505 linguam
244 5437 373 5498 latinam
388 5435 572 5517 intelligere,
595 5434 789 5498 catechismo
811 5433 872 5494 ins·

100 5512 289 5609 tructosessa,
305 5529 399 5606 atque
424 5529 496 5606 apte
516 5524 706 5606 respondere
733 5521 871 5607 quaesitis

966 5369 981 5405 n
1000 5347 1052 5408 VI.
1069 5349 1166 5408 Porro
1181 5344 1363 5422 adsertam,
1390 5347 1567 5426 tectamque
1586 5361 1715 5406 servan-

928 5435 1001 5497 dam
1028 5434 1278 5498 Ecclesiasticam
1299 5432 1496 5512 disciplinam
1523 5449 1586 5496 ncn
1611 5431 1715 5494 minus

928 5525 1078 5588 momenti
1090 5524 1195 5602 babet,
1213 5521 1297 5604 quod
1311 5519 1452 5588 Olericali
1467 5519 1584 5584 militie
1597 5537 1712 5584 nomeu
