4056 6344
549 525 553 533 ⁵
609 576 662 642 66
682 563 900 640 66666666
920 559 1245 632 6666666666.

1705 553 1763 616 ddi

113 781 255 867 plerique
267 777 334 842 11.
351 771 515 854 utriusque
528 762 692 832 sententie
710 777 783 826 oum
803 761 910 836 Leur.,
968 750 1097 836 (alioqui
1107 743 1262 831 appositio
1269 739 1514 826 mannsPapalis
1521 741 1765 806 caumataffse·

112 894 142 957 q.
160 873 219 936 136
232 877 262 932 61
277 869 343 932 131.
360 866 430 926 Non
442 864 549 924 tamen
563 854 734 938 potuerunt
747 846 840 911 simui
855 845 914 907 ha·
967 838 1097 922 tionem)
1112 837 1225 915 Paria,
1239 834 1340 914 Pirh,
1355 835 1451 911 Luca,
1467 831 1498 895 (1.
1513 836 1546 910 1,
1562 850 1596 895 a.
1609 833 1640 910 a,
1654 833 1763 910 Leur.,

113 959 193 1039 beri,
209 962 265 1023 ant
284 953 387 1020 valide
405 946 540 1014 conferri
558 943 761 1026 pluraquam
775 937 850 1013 duo,
867 931 912 996 611
968 954 998 1017 q.
1016 934 1084 1008 151,
1105 931 1215 992 contra
1229 925 1364 1003 aehuff,
1384 921 1518 985 6161166.
1541 921 1691 984 Similiter
1703 939 1766 982 666

115 1049 212 1112 hahet
230 1041 405 1110 communis
419 1042 529 1102 contra
543 1031 620 1096 Ναυ.
636 1029 795 1103 serrem,
811 1031 838 1086 et
857 1019 917 1082 Ze·
970 1026 1019 1085 est
1038 1020 1123 1083 idem
1143 1017 1184 1080 de
1200 1015 1346 1098 promoto
1361 1013 1402 1075 ad
1424 1010 1669 1088 cardinalatum,
1693 1027 1768 1072 nam

115 1136 175 1200 roi.
191 1135 271 1199 vide
283 1135 375 1196 Leur.
391 1150 422 1212 q.
440 1124 619 1188 13661116.

47 1281 88 1328 m
156 1227 176 1307 6
199 1226 250 1288 28.
275 1217 435 1285 66666616
458 1211 572 1277 611616
595 1205 733 1287 Capella,
758 1200 913 1275 Claustra,

115 1310 320 1388 canceris,
349 1310 406 1370 aut
429 1301 549 1368 ambitu
576 1295 724 1376 contiguo
749 1287 915 1362 Ecclesiae,

117 1404 288 1470 censentur
297 1394 432 1460 essesub
442 1389 555 1454 eodem
567 1388 663 1462 tecto,
679 1379 754 1463 quia
768 1379 916 1440 1616666-

117 1498 229 1558 sentur
242 1505 309 1551 asse
322 1503 394 1567 pars
408 1478 570 1554 Ecclesiae,
584 1492 647 1556 qua
660 1470 791 1553 polluta,
805 1465 854 1528 vel
869 1463 917 1524 in·

117 1581 263 1656 terdicta,
285 1576 380 1638 etiam
399 1573 468 1651 ipsa
485 1568 653 1630 censentur
669 1557 757 1636 talia,
777 1573 842 1636 666.
864 1570 917 1618 an,

116 1672 163 1736 De
175 1685 301 1732 eamear.
317 1662 428 1726 Erotes.
444 1659 477 1720 in
491 1661 510 1720 6
523 1674 587 1736 666.
606 1651 646 1714 Si
658 1649 776 1723 ciuitas,
791 1643 827 1706 de
844 1646 918 1703 sent.

117 1778 261 1824 6666661.
277 1754 309 1816 in
322 1757 352 1816 6.
368 1751 407 1816 11.
423 1751 516 1812 Leur.
533 1763 563 1827 q.
580 1745 630 1805 16.

50 1911 77 1957 m
129 1885 131 1890 .
159 1849 248 1930 529.
272 1846 346 1918 Quae
371 1839 547 1902 dictasunt
567 1832 606 1895 ds
628 1819 920 1906 incompatibilitate

80 1912 92 1956 ⁸
117 1934 346 2000 beneficiorum
360 1926 577 2006 intelliguntur
590 1915 789 1999 potissimum
804 1908 843 1971 de
861 1922 921 1968 saa·

119 2022 282 2088 sularibus
296 2011 320 2096 ¹,
335 2015 487 2096 pleraque
500 2013 606 2072 161666
622 2003 717 2067 etiam
731 1993 922 2062 conveniunt

121 2107 333 2193 regularibus,
349 2103 389 2165 de
403 2100 518 2182 quihus
532 2091 694 2178 speciatim
707 2087 808 2152 muita
825 2081 922 2145 hahet

120 2205 217 2267 Leur.
233 2218 252 2259 o
265 2215 295 2279 q.
311 2195 381 2272 113,
396 2207 486 2273 usqae
498 2186 538 2248 ad
551 2187 619 2248 116.

162 2289 244 2370 530.
257 2282 415 2346 66661616
429 2275 534 2341 omnia
544 2267 679 2352 promoti
690 2265 722 2327 in
731 2263 923 2344 Episcopum

50 2371 93 2416 ⁹³⁵
120 2379 240 2442 vacant
252 2373 320 2455 ipso
331 2370 415 2451 jure,
430 2383 495 2448 666.
516 2359 639 2424 Cumis
654 2353 773 2430 6666116,
789 2348 825 2410 (16
837 2346 920 2408 elect.

121 2465 226 2546 Trio,
241 2481 309 2526 sess.
321 2465 352 2536 1,
369 2476 435 2540 rap.
449 2459 480 2532 9,
500 2470 565 2514 sess.
581 2451 631 2524 63,
645 2463 710 2528 666.
727 2445 756 2504 i.
778 2435 868 2512 Quod
882 2431 924 2495 ad

122 2553 293 2638 pensiones
310 2545 482 2609 extendunt
498 2536 607 2614 Barb.,
630 2536 786 2608 6661166,
808 2521 921 2597 Paria,

124 2647 232 2718 Gara,
246 2640 284 2703 V.
304 2640 410 2713 Leur.,
430 2653 460 2716 q.
482 2631 549 2692 119.
574 2626 614 2687 61
631 2621 716 2683 idem
734 2619 781 2678 est
797 2613 837 2674 (16
851 2626 926 2690 pro-

123 2737 213 2795 moto
223 2727 264 2791 ad
273 2729 439 2807 Papatum,
450 2719 563 2794 Paris,
578 2717 682 2788 Gara,
692 2710 800 2782 Leur.,
809 2721 839 2784 q.
853 2699 923 2761 150.

123 2822 214 2884 ldem
226 2817 265 2879 de
282 2816 425 2897 promoto
443 2808 481 2871 ad
498 2802 678 2877 Abbatiam,
697 2793 809 2869 Paris,
828 2785 926 2851 etalii

126 2926 202 2973 cum
217 2909 323 2982 Leur.,
341 2922 372 2985 q.
393 2901 463 2962 158.
484 2894 572 2960 Idem
586 2894 693 2953 teman
712 2899 775 2944 non
794 2873 928 2953 (16661-

126 3013 225 3077 scopo
238 2991 356 3058 titulari
371 2989 404 3052 in
421 2985 562 3068 partibus
581 2974 767 3048 infidelium,
787 2965 863 3049 quia
876 2961 927 3023 hic

126 3099 292 3166 nunquam
310 3075 444 3160 acquirit
461 3067 703 3156 possessionem,
727 3057 926 3128 autlmctus,

126 3179 162 3241 61
182 3168 375 3238 consuetudo
398 3183 461 3228 non
489 3164 537 3226 est
561 3157 625 3241 peti
649 3145 927 3234 dispensationem,

163 3470 197 3532 (1)
215 3465 270 3516 666
279 3458 360 3512 ediec
373 3444 591 3522 qnereadc'sant:
606 3441 625 3492 1.
640 3437 681 3491 16
695 3435 788 3504 uaeque
797 3433 931 3499 dispenan-

130 3540 200 3590 tione
213 3529 356 3600 sportulae
372 3520 508 3576 6666611116(
526 3511 677 3577 Beneficium
697 3507 729 3557 de
747 3504 931 3568 Imaona.

130 3615 174 3664 tus
189 3609 322 3660 inicorum
336 3595 442 3648 retineri
455 3589 546 3658 possit,
560 3585 585 3635 si
593 3584 706 3648 primum
719 3578 771 3628 siue
785 3575 870 3626 116666
883 3571 932 3622 661-

130 3681 244 3742 micent,
258 3677 311 3726 rius
327 3671 359 3722 dc
374 3660 588 3730 lneepatronatns
606 3654 640 3704 sit
656 3651 802 3716 sufficerem
816 3647 875 3695 item
898 3657 932 3694 on

130 3757 247 3813 tertiam,
261 3751 285 3798 61
301 3744 420 3812 quartam
434 3731 587 3798 Beneficium
600 3725 632 3775 de
644 3718 857 3787 derepente-cnutus
871 3713 931 3766 tai-

130 3841 222 3882 ecrom
238 3814 344 3872 retineri
358 3807 457 3862 6616661
473 3803 528 3852 sine
543 3793 687 3862 1666161166
700 3786 893 3854 dispensatione,
907 3797 934 3847 s,-

172 3906 177 3918 ·
234 3893 284 3946 duo
298 3900 347 3939 non
361 3883 412 3933 sint
424 3867 595 3941 suffimenta?
610 3866 642 3917 11.
658 3863 698 3913 16
711 3853 932 3922 incomputitititcn

132 3968 318 4036 Beneficiorum
336 3969 389 4008 rese
403 3944 522 3999 extendet
538 3938 575 3990 nd
595 3936 689 4001 tepula
709 3930 764 3996 pia,
784 3931 808 3978 61
825 3925 861 3976 ad
881 3925 933 3976 cc·

130 4043 257 4116 pelluntur
270 4019 519 4091 dsinrepeironctns
532 4012 674 4063 1616661161.
691 3999 763 4065 Quod
774 3997 810 4050 ad
819 3996 931 4062 primam

132 4101 365 4175 asumqasfinnct
382 4085 549 4147 1166666616
572 4077 650 4146 praxi
674 4069 794 4126 habendi
816 4079 932 4119 coneur-

134 4202 197 4246 sum
212 4175 344 4246 requisito
359 4169 398 4229 11,
412 4161 476 4214 dub.
493 4158 532 4218 16,
548 4151 590 4203 odi
600 4148 669 4209 dieii,
681 4146 718 4196 sie
732 4155 760 4191 ss
772 4137 863 4191 habere
877 4151 932 4186 ana

132 4256 258 4314 waetem
277 4236 469 4298 obrepentium,
487 4233 512 4279 et
532 4219 654 4276 Ponimoi.
675 4217 738 4268 666.
753 4214 793 4272 61,
808 4223 834 4259 n.
854 4208 897 4268 2⁰,
908 4207 933 4255 et

132 4345 204 4397 ,eqq
219 4321 262 4375 nti
275 4310 412 4386 pendeat.
424 4297 548 4364 66666616
563 4293 595 4344 de
610 4283 822 4352 lmepotronotns
844 4277 931 4328 16166·

132 4401 258 4462 66666666
274 4375 451 4451 comprehendi
466 4369 511 4422 661
528 4363 623 4430 requiri
641 4355 813 4414 6666611616,
827 4351 853 4400 61
875 4347 933 4399 61116

239 4503 246 4530 ,
264 4475 321 4530 qutoe
338 4449 474 4520 loquum
491 4441 524 4491 de
544 4432 682 4499 Beneficiis.
702 4426 785 4491 Nepai
808 4422 884 4473 Gara,
899 4417 932 4468 de

632 4497 740 4581 166611
760 4509 782 4545 6.
802 4493 840 4553 11,
855 4491 931 4540 conr.

970 1112 1074 1194 potest
1087 1105 1227 1184 retineri,
1243 1102 1406 1166 autetiam
1420 1099 1556 1164 conferri
1571 1099 1656 1163 aliud
1670 1099 1770 1162 beno·

971 1199 1090 1276 licium,
1114 1195 1212 1273 Abu,
1236 1195 1361 1272 leym,
1387 1190 1487 1268 Piri,
1512 1192 1619 1268 Leur.,
1635 1209 1665 1272 q.
1690 1191 1767 1262 1593

973 1287 1068 1352 debet
1086 1289 1192 1349 tamen
1212 1301 1280 1344 essa
1299 1278 1510 1362 competibite,
1531 1281 1563 1340 61
1581 1277 1771 1340 conveniens

973 1375 1118 1458 dignitati
1142 1372 1370 1448 cardinalatus,
1402 1369 1446 1432 uti
1469 1367 1579 1432 statuit
1602 1367 1707 1430 Sirius
1730 1367 1769 1445 V,

974 1480 1069 1546 quem
1091 1458 1310 1535 1616116166,
1330 1475 1402 1539 por.
1426 1458 1457 1534 5,
1484 1461 1554 1519 tom.
1579 1451 1769 1534 2,ῗ1166.11.

974 1547 1335 1616 lisseiacensem.
1631 1530 1634 1535 ’

1014 1640 1096 1720 §3¹-
1117 1635 1257 1701 conferri
1276 1636 1379 1716 661661
1398 1631 1774 1713 66616666661661661-

976 1746 1092 1811 scopo:
1115 1724 1513 1802 1666161666611161616,
1537 1724 1642 1801 Gara,
1664 1740 1699 1803 6.
1723 1723 1772 1800 11,
1800 1685 1843 1733 ⁹²⁰

977 1837 1042 1902 666.
1058 1821 1088 1896 6,
1099 1835 1182 1879 anm.
1193 1821 1244 1878 17.
1256 1819 1286 1878 6.
1301 1815 1502 1890 Confirmata,
1515 1812 1541 1875 si
1553 1815 1640 1896 Papa
1651 1813 1775 1897 dispen-

977 1911 1036 1986 set,
1065 1907 1116 1970 val
1144 1907 1171 1968 si
1198 1904 1368 1966 necessitas
1395 1901 1630 1966 sustentationis
1658 1903 1774 1986 exigat,

978 1994 1213 2074 1666666,
1230 1991 1373 2073 liodriq.,
1388 1992 1487 2070 lesa,
1507 1992 1610 2070 (iarn,
1625 1994 1722 2053 611.
1738 1991 1779 2053 Iit

979 2083 1183 2166 6666661166]
1202 2081 1270 2143 sina
1289 2078 1532 2160 dispensatione,
1539 2078 1674 2142 conferri
1692 2077 1779 2141 aliud

980 2173 1113 2254 simplex
1127 2171 1166 2234 de
1179 2189 1213 2232 se
1228 2167 1439 2249 compatibile,
1451 2167 1496 2230 uti
1512 2165 1776 2249 etiaijarocho,

980 2256 1695 2340 1666611166,16616.,1.666.,Ρί611.,6666,6.
1708 2259 1777 2333 iss,

981 2362 1082 2416 aenne
1109 2352 1208 2414 castr.
1235 2351 1266 2413 3.
1295 2346 1327 2411 Si
1354 2346 1556 2428 66166666161
1579 2345 1778 2423 renuntiarit,

982 2445 1074 2518 Nan,
1089 2441 1194 2518 Gara,
1208 2457 1289 2499 nam.
1307 2439 1359 2516 15,
1378 2435 1625 2499 6661ναῦ61116.
1645 2438 1675 2498 1.
1695 2435 1728 2500 Si
1741 2434 1783 2497 sit

981 2531 1105 2593 tantum
1122 2525 1267 2604 titularis,
1286 2527 1378 2603 Nan,
1398 2526 1504 2602 Gara,
1522 2531 1624 2585 eontra
1641 2525 1781 2602 661661,

983 2624 1092 2700 estque
1107 2617 1202 2681 etiam
1217 2616 1284 2679 sine
1297 2613 1530 2696 dispensatione
1545 2631 1646 2695 capax
1659 2611 1783 2694 pensio·

984 2711 1042 2811 nis:
1069 2709 1105 2771 V.
1132 2708 1238 2784 Leur.,
1258 2723 1294 2788 6.
1320 2709 1350 2775 6,
1373 2725 1405 2788 q.
1431 2707 1502 2766 165.
1529 2702 1666 2778 Quodsi
1689 2719 1783 2765 verus

984 2800 1158 2879 66666666
1173 2794 1354 2859 admitteret
1372 2792 1558 2874 dignitatem
1578 2791 1672 2854 aliam
1684 2811 1715 2854 u.
1732 2809 1781 2872 gr.

984 2887 1166 2962 Abbatiam,
1183 2903 1246 2946 666
1258 2883 1330 2945 1166
1343 2886 1472 2945 vacaret
1481 2881 1700 2962 Episcopatus,
1716 2886 1786 2944 tum

986 2975 1061 3077 quia
1087 2974 1293 3055 Episcopatus
1318 2971 1350 3033 in
1374 2968 1555 3034 canonibus
1577 2968 1694 3031 odiosis
1721 2982 1786 3030 666

985 3067 1072 3167 venit
1098 3061 1225 3125 nomine
1253 3060 1439 3142 dignitatis,
1455 3059 1506 3122 vel
1533 3056 1689 3135 beneficii,
1720 3059 1788 3119 tum

986 3156 1082 3216 etiam
1096 3152 1172 3235 quia
1191 3169 1255 3214 non
1275 3154 1380 3231 potest
1400 3147 1590 3230 (1666116166
1611 3142 1740 3228 speciali
1753 3144 1788 3206 li-

986 3445 1119 3500 Obtineus
1135 3441 1301 3496 Beneficium
1313 3439 1534 3495 Ecclesiasticum
1543 3437 1681 3493 661161666
1691 3439 1727 3492 ad
1740 3439 1791 3491 ho-

985 3521 1061 3599 neste
1076 3514 1297 3577 sustentandum,
1316 3513 1369 3564 luit
1386 3511 1528 3564 institutus
1545 3512 1581 3563 ab
1600 3511 1731 3576 Episcopo
1753 3512 1788 3564 ud

985 3587 1060 3648 allud
1073 3584 1237 3668 6666661616
1251 3585 1486 3647 turispatronatua
1499 3580 1533 3632 ad
1549 3582 1789 3646 praesentationem

986 3661 1096 3712 eauom
1113 3656 1199 3718 Laiei,
1213 3658 1242 3706 et
1254 3659 1401 3718 utrumque
1415 3651 1582 3704 6666161616
1599 3651 1725 3714 retinuit,
1745 3665 1790 3703 eo·

986 3742 1101 3794 rumque
1116 3727 1223 3780 tructus
1238 3726 1358 3791 percepit
1372 3737 1421 3788 per
1433 3724 1502 3774 duos
1517 3737 1605 3774 annos
1618 3724 1791 3790 6666661111-

985 3797 1325 3867 66616116661666161166.
1341 3794 1485 3856 Quaeritur,
1501 3793 1640 3859 quodnam
1659 3808 1693 3845 ex
1708 3795 1776 3845 (11611

988 3869 1128 3924 666666116
1155 3868 1313 3919 1666661111
1338 3864 1475 3932 Respondit
1501 3865 1580 3917 66666
1608 3866 1789 3932 donnapetra,
1867 3899 1873 3908 ,

986 3949 1133 4006 utrumque
1148 3941 1207 4020 ipso
1221 3940 1282 4002 iure
1296 3950 1414 3989 6666666.
1429 3937 1510 3987 Porro
1531 3938 1559 3987 ia
1578 3937 1723 3989 Biteetansi
1743 3937 1790 3988 de·

986 4013 1138 4096 6666666661
1146 4012 1199 4076 sict
1207 4009 1294 4060 Sacra
1303 4007 1507 4073 Ccnqreqotioni.
1521 4009 1539 4058 Ι.
1550 4009 1591 4058 16
1601 4007 1729 4059 66116666
1739 4009 1788 4062 Ba·

986 4086 1114 4138 nederum
1126 4083 1182 4133 sive
1194 4080 1286 4131 liberae
1300 4077 1463 4138 collationis,
1477 4077 1534 4126 siva
1548 4075 1583 4127 de
1614 4077 1798 4144 inrepatrona

986 4163 1031 4210 tus
1041 4155 1182 4208 laicorum
1191 4151 1226 4203 ad
1236 4151 1279 4202 661
1289 4148 1515 4202 sustentationem
1524 4145 1673 4208 sufficiens,
1686 4151 1785 4214 possit,

986 4229 1088 4292 absque
1105 4223 1307 4290 dispensatione
1324 4219 1478 4286 1666161166
1494 4219 1611 4270 retinere
1630 4221 1783 4272 secundum

987 4302 1021 4352 (16
1040 4298 1265 4362 Jurepstronatus
1288 4293 1448 4344 laicoruml
1468 4290 1502 4341 11.
1521 4293 1561 4340 16
1579 4289 1708 4344 obtinens
1726 4292 1784 4344 (166

988 4368 1120 4423 Beneficia
1142 4366 1199 4417 sive
1218 4364 1311 4416 iibere
1326 4360 1488 4423 collationis,
1503 4360 1560 4411 siva
1580 4359 1615 4412 (16
1628 4361 1786 4427 iurepatro·

987 4447 1069 4494 natus
1092 4439 1234 4491 Laieorum
1257 4435 1372 4486 minima
1394 4431 1557 4484 sufficientia
1579 4432 1614 4484 ad
1638 4447 1789 4498 congruam

988 4511 1225 4569 sustentationem,
1241 4506 1326 4572 possit
1339 4505 1456 4555 retinere
1475 4505 1594 4565 tertium,
1615 4508 1643 4554 et
1661 4510 1789 4568 quartum

878 4559 933 4616 ¹2²·
988 4583 1022 4634 (16
1041 4581 1266 4646 inrepatronatus
1287 4576 1439 4637 Laieoram,
1457 4573 1561 4639 absque
1584 4574 1790 4639 dispensatione

154 4722 163 4736 .
196 4651 203 4675 ²
288 4635 359 4733 661
385 4662 456 4712 hanc
476 4647 638 4706 sententiam
659 4639 758 4704 sapius
778 4633 871 4685 secuta
894 4628 935 4677 est

135 4757 218 4809 Sacra
232 4749 360 4806 Congreg.
377 4737 408 4784 ut
420 4727 512 4779 videre
526 4722 567 4770 est
579 4718 608 4768 T.
624 4716 650 4765 1.
663 4713 740 4788 Thes.
752 4701 839 4782 116661.
853 4715 879 4765 6.
894 4698 933 4748 99.

135 4827 208 4878 Dum
225 4829 282 4885 666
302 4805 390 4861 celerat
407 4799 447 4850 hic
459 4794 525 4858 elipe
534 4783 711 4841 lisaotationes,
722 4791 749 4827 an
760 4770 894 4852 Aquilaria
904 4766 934 4817 11

134 4893 246 4960 1666611
257 4883 327 4943 1666,
341 4879 365 4927 61
379 4875 406 4924 in
420 4861 564 4922 Bitectensi
578 4861 602 4909 6.
618 4848 760 4930 6666616616
773 4839 935 4922 1111161166

136 4959 312 5026 1616611666
330 4949 410 5001 saon
430 4931 598 5002 Conprspotio
610 4921 740 4990 respondet
759 4915 935 4998 adprimam,

137 5037 302 5103 Episcopum
319 5015 432 5074 habenti
450 5019 537 5062 unum
554 4999 669 5065 simplex
693 4987 935 5069 6666116166666

137 5105 277 5162 sufficiens
290 5095 325 5149 ad
339 5090 414 5142 illius
426 5077 663 5136 sustentationem,
675 5075 752 5130 posse
762 5055 836 5112 aliud
847 5049 936 5102 616616

137 5177 270 5234 comere,
281 5165 328 5221 sed
339 5172 394 5214 non
406 5165 482 5222 posse
497 5147 585 5215 plura,
595 5136 719 5206 quamvis
732 5123 878 5210 simplicia,
889 5133 937 5169 ur-

179 5263 195 5299 e
210 5245 243 5297 ad
260 5242 317 5304 ejus
331 5227 508 5284 sufficientem
524 5208 748 5268 sustentationem
763 5197 853 5249 erdem
868 5203 935 5242 con-

988 4652 1159 4720 16661611661
1175 4648 1218 4700 Ad
1229 4650 1364 4713 utramque
1375 4647 1461 4696 cutem
1472 4645 1596 4709 negative
1606 4647 1739 4712 rsepondit
1748 4661 1791 4700 eu·

989 4725 1048 4778 dem
1062 4723 1142 4774 66666
1156 4719 1334 4786 concrepatio.
1837 4757 1841 4764 .

1020 4794 1064 4846 Ad
1086 4795 1101 4843 2
1124 4792 1288 4858 questionem
1312 4789 1386 4852 11666.
1410 4787 1533 4852 nequitae.
1556 4786 1624 4838 Nam
1649 4789 1788 4840 Concilium

990 4864 1109 4945 spectavit
1113 4861 1289 4930 pluralitatem
1298 4858 1428 4908 titulorum
1436 4859 1635 4924 Beneficiatium‚
1644 4861 1683 4910 nti
1691 4861 1789 4927 exejus

989 4934 1071 4986 cerba
1083 4933 1221 5014 mttipiiar,
1234 4929 1346 4995 quando
1366 4941 1437 4980 6666
1456 4928 1577 4994 plurium
1598 4931 1687 4982 ollicia
1706 4944 1787 4983 oceu-

990 5008 1038 5072 pat
1051 5000 1660 5064 61666666666666666661661666611616
1674 5001 1704 5051 16
1717 5001 1787 5054 dua·

991 5077 1042 5128 bus
1057 5074 1185 5127 Ecclesiis
1199 5071 1344 5124 conscribi.
1365 5072 1411 5121 Pie
1424 5073 1509 5122 661616
1522 5071 1617 5136 Lepcis
1633 5073 1710 5122 etrum
1727 5087 1785 5124 enm

992 5159 1066 5228 onere
1082 5147 1219 5196 literarum
1232 5157 1282 5193 non
1303 5141 1421 5192 uidentur
1434 5155 1489 5191 esse
1501 5141 1626 5208 Beneficio
1645 5143 1787 5194 secenn-

993 5221 1050 5267 nea.
1066 5215 1119 5266 Sed
1130 5229 1185 5265 rena
1198 5216 1225 5264 in
1240 5213 1359 5264 laminis
1372 5213 1475 5264 resolvit
1488 5213 1568 5263 86666
1582 5215 1750 5280 Conprepntio
1764 5216 1791 5267 in
