<?xml version="1.0" encoding="UTF-8"?>
<!DOCTYPE html PUBLIC "-//W3C//DTD XHTML 1.0 Transitional//EN"
    "http://www.w3.org/TR/xhtml1/DTD/xhtml1-transitional.dtd">
<html xmlns="http://www.w3.org/1999/xhtml" xml:lang="en" lang="en">
 <head>
  <title>
</title>
<meta http-equiv="Content-Type" content="text/html;charset=utf-8" />
  <meta name='ocr-system' content='tesseract 3.04.00' />
  <meta name='ocr-capabilities' content='ocr_page ocr_carea ocr_par ocr_line ocrx_word'/>
</head>
<body>
  <div class='ocr_page' id='page_1' title='image "./theologiamorali01busegoog/theologiamorali01busegoog_0411.png"; bbox 0 0 4166 6346; ppageno 0'>
   <div class='ocr_carea' id='block_1_1' title="bbox 630 585 1164 654">
    <p class='ocr_par' dir='ltr' id='par_1_1' title="bbox 630 585 1164 654">
     <span class='ocr_line' id='line_1_1' title="bbox 630 585 1164 654; baseline -0.006 -2"><span class='ocrx_word' id='word_1_1' title='bbox 630 589 683 654; x_wconf 79' lang='lat' dir='ltr'>aa</span> <span class='ocrx_word' id='word_1_2' title='bbox 704 585 930 652; x_wconf 66' lang='lat' dir='ltr'>Panchrus</span> <span class='ocrx_word' id='word_1_3' title='bbox 951 585 1164 654; x_wconf 78' lang='lat' dir='ltr'>ECCLESIAE.</span> 
     </span>
    </p>
   </div>
   <div class='ocr_carea' id='block_1_2' title="bbox 64 773 868 3685">
    <p class='ocr_par' dir='ltr' id='par_1_2' title="bbox 97 773 865 944">
     <span class='ocr_line' id='line_1_2' title="bbox 126 773 865 856; baseline 0.001 -21"><span class='ocrx_word' id='word_1_4' title='bbox 126 795 140 835; x_wconf 82' lang='lat' dir='ltr'>a</span> <span class='ocrx_word' id='word_1_5' title='bbox 157 773 216 840; x_wconf 83' lang='lat' dir='ltr'>vn.</span> <span class='ocrx_word' id='word_1_6' title='bbox 235 773 347 838; x_wconf 88' lang='lat' dir='ltr'>Utrum</span> <span class='ocrx_word' id='word_1_7' title='bbox 361 777 537 838; x_wconf 90' lang='lat' dir='ltr'>memorata</span> <span class='ocrx_word' id='word_1_8' title='bbox 558 775 621 838; x_wconf 91' lang='lat' dir='ltr'>dua</span> <span class='ocrx_word' id='word_1_9' title='bbox 636 779 795 856; x_wconf 75' lang='lat' dir='ltr'>precepta</span> <span class='ocrx_word' id='word_1_10' title='bbox 813 794 865 837; x_wconf 90' lang='lat' dir='ltr'>ur·</span> 
     </span>
     <span class='ocr_line' id='line_1_3' title="bbox 97 861 610 944; baseline 0.004 -22"><span class='ocrx_word' id='word_1_11' title='bbox 97 885 108 922; x_wconf 81' lang='lat' dir='ltr'>r</span> <span class='ocrx_word' id='word_1_12' title='bbox 122 867 205 943; x_wconf 76' lang='lat' dir='ltr'>peant</span> <span class='ocrx_word' id='word_1_13' title='bbox 217 868 302 925; x_wconf 84' lang='lat' dir='ltr'>extra</span> <span class='ocrx_word' id='word_1_14' title='bbox 317 861 610 944; x_wconf 82' lang='lat' dir='ltr'>Quadragesimam.</span> 
     </span>
    </p>

    <p class='ocr_par' dir='ltr' id='par_1_3' title="bbox 95 951 868 1210">
     <span class='ocr_line' id='line_1_4' title="bbox 125 951 868 1034; baseline 0.007 -24"><span class='ocrx_word' id='word_1_15' title='bbox 125 973 138 1010; x_wconf 81' lang='lat' dir='ltr'>a</span> <span class='ocrx_word' id='word_1_16' title='bbox 159 951 381 1034; x_wconf 77' lang='lat' dir='ltr'>despondetur:</span> <span class='ocrx_word' id='word_1_17' title='bbox 405 955 526 1032; x_wconf 83' lang='lat' dir='ltr'>Urgere</span> <span class='ocrx_word' id='word_1_18' title='bbox 549 956 639 1014; x_wconf 85' lang='lat' dir='ltr'>extra</span> <span class='ocrx_word' id='word_1_19' title='bbox 659 953 868 1033; x_wconf 82' lang='lat' dir='ltr'>Ouedragesi·</span> 
     </span>
     <span class='ocr_line' id='line_1_5' title="bbox 96 1041 867 1121; baseline 0.004 -20"><span class='ocrx_word' id='word_1_20' title='bbox 96 1058 193 1102; x_wconf 79' lang='lat' dir='ltr'>rmum</span> <span class='ocrx_word' id='word_1_21' title='bbox 218 1045 386 1121; x_wconf 88' lang='lat' dir='ltr'>utrumque</span> <span class='ocrx_word' id='word_1_22' title='bbox 409 1042 617 1120; x_wconf 66' lang='lat' dir='ltr'>praeceptum</span> <span class='ocrx_word' id='word_1_23' title='bbox 645 1041 721 1102; x_wconf 93' lang='lat' dir='ltr'>illud</span> <span class='ocrx_word' id='word_1_24' title='bbox 750 1043 867 1105; x_wconf 89' lang='lat' dir='ltr'>scilicet</span> 
     </span>
     <span class='ocr_line' id='line_1_6' title="bbox 95 1128 866 1210; baseline 0.005 -22"><span class='ocrx_word' id='word_1_25' title='bbox 95 1129 208 1190; x_wconf 80' lang='lat' dir='ltr'>runica</span> <span class='ocrx_word' id='word_1_26' title='bbox 230 1128 431 1190; x_wconf 76' lang='lat' dir='ltr'><strong>comestionis</strong></span> <span class='ocrx_word' id='word_1_27' title='bbox 445 1147 518 1190; x_wconf 90' lang='lat' dir='ltr'>cum</span> <span class='ocrx_word' id='word_1_28' title='bbox 540 1129 668 1210; x_wconf 91' lang='lat' dir='ltr'>reliquis</span> <span class='ocrx_word' id='word_1_29' title='bbox 684 1130 819 1210; x_wconf 82' lang='lat' dir='ltr'>Legibus</span> <span class='ocrx_word' id='word_1_30' title='bbox 832 1131 866 1192; x_wconf 92' lang='lat' dir='ltr'>ia</span> 
     </span>
    </p>

    <p class='ocr_par' dir='ltr' id='par_1_4' title="bbox 64 1216 865 3685">
     <span class='ocr_line' id='line_1_7' title="bbox 64 1216 864 1299; baseline 0.003 -21"><span class='ocrx_word' id='word_1_31' title='bbox 64 1249 65 1298; x_wconf 85' lang='lat'>1</span> <span class='ocrx_word' id='word_1_32' title='bbox 93 1217 239 1280; x_wconf 80' lang='lat' dir='ltr'>esecoado</span> <span class='ocrx_word' id='word_1_33' title='bbox 254 1221 286 1280; x_wconf 90' lang='lat' dir='ltr'>et</span> <span class='ocrx_word' id='word_1_34' title='bbox 297 1217 391 1280; x_wconf 88' lang='lat' dir='ltr'>tertia</span> <span class='ocrx_word' id='word_1_35' title='bbox 402 1216 443 1278; x_wconf 88' lang='lat' dir='ltr'>ad</span> <span class='ocrx_word' id='word_1_36' title='bbox 458 1217 525 1280; x_wconf 86' lang='lat' dir='ltr'>haec</span> <span class='ocrx_word' id='word_1_37' title='bbox 540 1219 699 1297; x_wconf 87' lang='lat' dir='ltr'>postulata</span> <span class='ocrx_word' id='word_1_38' title='bbox 712 1237 864 1299; x_wconf 88' lang='lat' dir='ltr'>responso</span> 
     </span>
     <span class='ocr_line' id='line_1_8' title="bbox 93 1305 865 1388; baseline 0.009 -23"><span class='ocrx_word' id='word_1_39' title='bbox 93 1327 105 1364; x_wconf 81' lang='lat' dir='ltr'>a</span> <span class='ocrx_word' id='word_1_40' title='bbox 119 1306 267 1386; x_wconf 79' lang='lat' dir='ltr'>expressis,</span> <span class='ocrx_word' id='word_1_41' title='bbox 277 1311 309 1367; x_wconf 87' lang='lat' dir='ltr'>et</span> <span class='ocrx_word' id='word_1_42' title='bbox 319 1305 454 1367; x_wconf 90' lang='lat' dir='ltr'>alterum</span> <span class='ocrx_word' id='word_1_43' title='bbox 465 1324 527 1368; x_wconf 94' lang='lat' dir='ltr'>non</span> <span class='ocrx_word' id='word_1_44' title='bbox 538 1307 865 1388; x_wconf 90' lang='lat' dir='ltr'>permiscendiepulas</span> 
     </span>
     <span class='ocr_line' id='line_1_9' title="bbox 64 1393 865 1478; baseline 0.005 -22"><span class='ocrx_word' id='word_1_45' title='bbox 64 1451 65 1456; x_wconf 73' lang='grc'>,</span> <span class='ocrx_word' id='word_1_46' title='bbox 93 1395 203 1456; x_wconf 80' lang='lat' dir='ltr'>elicitas</span> <span class='ocrx_word' id='word_1_47' title='bbox 220 1413 291 1456; x_wconf 91' lang='lat' dir='ltr'>cum</span> <span class='ocrx_word' id='word_1_48' title='bbox 313 1393 497 1474; x_wconf 74' lang='lat' dir='ltr'>interdictis,</span> <span class='ocrx_word' id='word_1_49' title='bbox 515 1399 550 1457; x_wconf 92' lang='lat' dir='ltr'>ut</span> <span class='ocrx_word' id='word_1_50' title='bbox 570 1395 602 1456; x_wconf 93' lang='lat' dir='ltr'>in</span> <span class='ocrx_word' id='word_1_51' title='bbox 624 1401 735 1477; x_wconf 86' lang='lat' dir='ltr'>quarto</span> <span class='ocrx_word' id='word_1_52' title='bbox 755 1402 865 1478; x_wconf 90' lang='lat' dir='ltr'>postu-</span> 
     </span>
     <span class='ocr_line' id='line_1_10' title="bbox 93 1481 416 1545; baseline 0.011 -4.67"><span class='ocrx_word' id='word_1_53' title='bbox 93 1481 170 1544; x_wconf 78' lang='lat' dir='ltr'>rlata</span> <span class='ocrx_word' id='word_1_54' title='bbox 182 1481 345 1545; x_wconf 88' lang='lat' dir='ltr'>delinitum</span> <span class='ocrx_word' id='word_1_55' title='bbox 359 1485 416 1544; x_wconf 89' lang='lat' dir='ltr'>est.</span> 
     </span>
     <span class='ocr_line' id='line_1_11' title="bbox 64 1571 865 1653; baseline 0.006 -24"><span class='ocrx_word' id='word_1_56' title='bbox 64 1641 65 1650; x_wconf 9' lang='grc' dir='ltr'>χ</span> <span class='ocrx_word' id='word_1_57' title='bbox 122 1571 271 1650; x_wconf 86' lang='lat' dir='ltr'>rilabeas,</span> <span class='ocrx_word' id='word_1_58' title='bbox 289 1571 486 1633; x_wconf 85' lang='lat' dir='ltr'>Venerabilis</span> <span class='ocrx_word' id='word_1_59' title='bbox 499 1574 619 1650; x_wconf 79' lang='lat' dir='ltr'>Frater,</span> <span class='ocrx_word' id='word_1_60' title='bbox 630 1573 759 1653; x_wconf 88' lang='lat' dir='ltr'>penitus</span> <span class='ocrx_word' id='word_1_61' title='bbox 769 1573 865 1653; x_wconf 81' lang='lat' dir='ltr'>expli·</span> 
     </span>
     <span class='ocr_line' id='line_1_12' title="bbox 64 1659 864 1743; baseline 0.009 -25"><span class='ocrx_word' id='word_1_62' title='bbox 64 1665 66 1736; x_wconf 62' lang='lat' dir='ltr'><strong><em>g</em></strong></span> <span class='ocrx_word' id='word_1_63' title='bbox 92 1661 205 1720; x_wconf 81' lang='lat' dir='ltr'>reatum</span> <span class='ocrx_word' id='word_1_64' title='bbox 220 1659 374 1740; x_wconf 82' lang='lat' dir='ltr'>quidquid</span> <span class='ocrx_word' id='word_1_65' title='bbox 389 1661 474 1739; x_wconf 89' lang='lat' dir='ltr'>apud</span> <span class='ocrx_word' id='word_1_66' title='bbox 488 1663 552 1724; x_wconf 83' lang='lat' dir='ltr'>Vas</span> <span class='ocrx_word' id='word_1_67' title='bbox 567 1680 605 1722; x_wconf 83' lang='lat' dir='ltr'>ex</span> <span class='ocrx_word' id='word_1_68' title='bbox 621 1663 735 1724; x_wconf 88' lang='lat' dir='ltr'>nostris</span> <span class='ocrx_word' id='word_1_69' title='bbox 749 1664 864 1743; x_wconf 76' lang='lat' dir='ltr'>sepius</span> 
     </span>
     <span class='ocr_line' id='line_1_13' title="bbox 92 1747 864 1828; baseline 0.006 -20.825"><span class='ocrx_word' id='word_1_70' title='bbox 92 1749 287 1826; x_wconf 77' lang='lat' dir='ltr'>rnuncupatis</span> <span class='ocrx_word' id='word_1_71' title='bbox 297 1747 486 1828; x_wconf 80' lang='lat' dir='ltr'>Apostolicis</span> <span class='ocrx_word' id='word_1_72' title='bbox 496 1748 622 1811; x_wconf 86' lang='lat' dir='ltr'>Litteris</span> <span class='ocrx_word' id='word_1_73' title='bbox 637 1749 864 1812; x_wconf 78' lang='lat' dir='ltr'>dubitationem</span> 
     </span>
     <span class='ocr_line' id='line_1_14' title="bbox 64 1831 864 1916; baseline 0.005 -22"><span class='ocrx_word' id='word_1_74' title='bbox 64 1831 65 1912; x_wconf 84' lang='lat' dir='ltr'>j</span> <span class='ocrx_word' id='word_1_75' title='bbox 92 1835 238 1898; x_wconf 71' lang='lat' dir='ltr'>enituisse</span> <span class='ocrx_word' id='word_1_76' title='bbox 253 1835 377 1897; x_wconf 90' lang='lat' dir='ltr'>scribis.</span> <span class='ocrx_word' id='word_1_77' title='bbox 395 1837 463 1909; x_wconf 84' lang='lat' dir='ltr'>Oua</span> <span class='ocrx_word' id='word_1_78' title='bbox 476 1835 605 1916; x_wconf 88' lang='lat' dir='ltr'>quidem</span> <span class='ocrx_word' id='word_1_79' title='bbox 619 1837 651 1897; x_wconf 95' lang='lat' dir='ltr'>in</span> <span class='ocrx_word' id='word_1_80' title='bbox 667 1855 700 1900; x_wconf 91' lang='lat' dir='ltr'>re</span> <span class='ocrx_word' id='word_1_81' title='bbox 724 1837 864 1900; x_wconf 88' lang='lat' dir='ltr'>laudavi·</span> 
     </span>
     <span class='ocr_line' id='line_1_15' title="bbox 64 1923 864 2007; baseline 0.009 -25"><span class='ocrx_word' id='word_1_82' title='bbox 64 1973 66 1996; x_wconf 30' lang='grc' dir='ltr'>ἶ</span> <span class='ocrx_word' id='word_1_83' title='bbox 92 1939 175 1985; x_wconf 83' lang='lat' dir='ltr'>rmus</span> <span class='ocrx_word' id='word_1_84' title='bbox 186 1923 349 1986; x_wconf 83' lang='lat' dir='ltr'>consilium</span> <span class='ocrx_word' id='word_1_85' title='bbox 365 1927 455 1986; x_wconf 90' lang='lat' dir='ltr'>tuum</span> <span class='ocrx_word' id='word_1_86' title='bbox 469 1924 864 2007; x_wconf 84' lang='lat' dir='ltr'>interrogandaesupremae</span> 
     </span>
     <span class='ocr_line' id='line_1_16' title="bbox 64 2005 863 2090; baseline 0.008 -20"><span class='ocrx_word' id='word_1_87' title='bbox 64 2005 66 2084; x_wconf 51' lang='lat' dir='ltr'>p</span> <span class='ocrx_word' id='word_1_88' title='bbox 93 2011 250 2074; x_wconf 77' lang='lat' dir='ltr'>rhemense</span> <span class='ocrx_word' id='word_1_89' title='bbox 266 2012 371 2090; x_wconf 87' lang='lat' dir='ltr'>Sedis,</span> <span class='ocrx_word' id='word_1_90' title='bbox 387 2017 422 2074; x_wconf 88' lang='lat' dir='ltr'>ut</span> <span class='ocrx_word' id='word_1_91' title='bbox 440 2013 539 2075; x_wconf 91' lang='lat' dir='ltr'>libero</span> <span class='ocrx_word' id='word_1_92' title='bbox 563 2017 595 2075; x_wconf 90' lang='lat' dir='ltr'>et</span> <span class='ocrx_word' id='word_1_93' title='bbox 619 2032 682 2075; x_wconf 91' lang='lat' dir='ltr'>non</span> <span class='ocrx_word' id='word_1_94' title='bbox 706 2015 863 2078; x_wconf 83' lang='lat' dir='ltr'>vacillanti</span> 
     </span>
     <span class='ocr_line' id='line_1_17' title="bbox 64 2095 865 2180; baseline 0.005 -20"><span class='ocrx_word' id='word_1_95' title='bbox 64 2095 66 2170; x_wconf 58' lang='grc' dir='ltr'>ξ</span> <span class='ocrx_word' id='word_1_96' title='bbox 92 2119 103 2160; x_wconf 84' lang='lat' dir='ltr'>r</span> <span class='ocrx_word' id='word_1_97' title='bbox 116 2116 210 2180; x_wconf 74' lang='lat' dir='ltr'>gressu</span> <span class='ocrx_word' id='word_1_98' title='bbox 224 2102 263 2163; x_wconf 88' lang='lat' dir='ltr'>ad</span> <span class='ocrx_word' id='word_1_99' title='bbox 280 2119 358 2163; x_wconf 91' lang='lat' dir='ltr'>oves</span> <span class='ocrx_word' id='word_1_100' title='bbox 372 2119 449 2162; x_wconf 87' lang='lat' dir='ltr'>sana</span> <span class='ocrx_word' id='word_1_101' title='bbox 463 2101 605 2164; x_wconf 89' lang='lat' dir='ltr'>doctrina</span> <span class='ocrx_word' id='word_1_102' title='bbox 619 2101 805 2166; x_wconf 87' lang='lat' dir='ltr'>imbuendas</span> <span class='ocrx_word' id='word_1_103' title='bbox 818 2104 865 2165; x_wconf 95' lang='lat' dir='ltr'>in-</span> 
     </span>
     <span class='ocr_line' id='line_1_18' title="bbox 64 2175 864 2271; baseline 0.008 -25"><span class='ocrx_word' id='word_1_104' title='bbox 64 2175 67 2268; x_wconf 77' lang='lat' dir='ltr'>l</span> <span class='ocrx_word' id='word_1_105' title='bbox 92 2189 211 2250; x_wconf 79' lang='lat' dir='ltr'>eredere</span> <span class='ocrx_word' id='word_1_106' title='bbox 226 2192 375 2251; x_wconf 87' lang='lat' dir='ltr'>Pastores</span> <span class='ocrx_word' id='word_1_107' title='bbox 389 2193 521 2270; x_wconf 87' lang='lat' dir='ltr'>queant;</span> <span class='ocrx_word' id='word_1_108' title='bbox 538 2189 568 2250; x_wconf 92' lang='lat' dir='ltr'>in</span> <span class='ocrx_word' id='word_1_109' title='bbox 586 2189 708 2271; x_wconf 87' lang='lat' dir='ltr'>istoque</span> <span class='ocrx_word' id='word_1_110' title='bbox 721 2195 776 2254; x_wconf 92' lang='lat' dir='ltr'>tuo</span> <span class='ocrx_word' id='word_1_111' title='bbox 796 2210 864 2254; x_wconf 92' lang='lat' dir='ltr'>sus-</span> 
     </span>
     <span class='ocr_line' id='line_1_19' title="bbox 64 2273 865 2360; baseline 0.004 -23"><span class='ocrx_word' id='word_1_112' title='bbox 64 2273 66 2358; x_wconf 76' lang='grc' dir='ltr'>Ι</span> <span class='ocrx_word' id='word_1_113' title='bbox 92 2282 193 2358; x_wconf 80' lang='lat' dir='ltr'>acepta</span> <span class='ocrx_word' id='word_1_114' title='bbox 224 2278 358 2341; x_wconf 88' lang='lat' dir='ltr'>consilio</span> <span class='ocrx_word' id='word_1_115' title='bbox 386 2279 573 2358; x_wconf 76' lang='lat' dir='ltr'>agnovimus</span> <span class='ocrx_word' id='word_1_116' title='bbox 598 2279 771 2360; x_wconf 86' lang='lat' dir='ltr'>Hispanam</span> <span class='ocrx_word' id='word_1_117' title='bbox 794 2280 865 2342; x_wconf 90' lang='lat' dir='ltr'>reli-</span> 
     </span>
     <span class='ocr_line' id='line_1_20' title="bbox 92 2365 862 2444; baseline 0.009 -19.754"><span class='ocrx_word' id='word_1_118' title='bbox 92 2385 102 2424; x_wconf 84' lang='grc' dir='ltr'>ι</span> <span class='ocrx_word' id='word_1_119' title='bbox 115 2365 234 2444; x_wconf 59' lang='lat' dir='ltr'>ponem,</span> <span class='ocrx_word' id='word_1_120' title='bbox 257 2365 338 2427; x_wconf 91' lang='lat' dir='ltr'>nihil</span> <span class='ocrx_word' id='word_1_121' title='bbox 359 2365 417 2428; x_wconf 88' lang='lat' dir='ltr'>sibi</span> <span class='ocrx_word' id='word_1_122' title='bbox 441 2369 544 2428; x_wconf 91' lang='lat' dir='ltr'>tutum</span> <span class='ocrx_word' id='word_1_123' title='bbox 566 2367 625 2428; x_wconf 90' lang='lat' dir='ltr'>nisi</span> <span class='ocrx_word' id='word_1_124' title='bbox 648 2368 753 2431; x_wconf 83' lang='lat' dir='ltr'>eliivi</span> <span class='ocrx_word' id='word_1_125' title='bbox 777 2368 862 2432; x_wconf 84' lang='lat' dir='ltr'>Petri</span> 
     </span>
     <span class='ocr_line' id='line_1_21' title="bbox 91 2453 864 2538; baseline 0.013 -27.663"><span class='ocrx_word' id='word_1_126' title='bbox 91 2453 255 2516; x_wconf 86' lang='lat' dir='ltr'>rCathedra</span> <span class='ocrx_word' id='word_1_127' title='bbox 268 2459 436 2535; x_wconf 88' lang='lat' dir='ltr'>acceptum</span> <span class='ocrx_word' id='word_1_128' title='bbox 451 2460 665 2536; x_wconf 81' lang='lat' dir='ltr'>reputantem3</span> <span class='ocrx_word' id='word_1_129' title='bbox 680 2475 743 2538; x_wconf 86' lang='lat' dir='ltr'>qua</span> <span class='ocrx_word' id='word_1_130' title='bbox 757 2458 864 2537; x_wconf 90' lang='lat' dir='ltr'>splen-</span> 
     </span>
     <span class='ocr_line' id='line_1_22' title="bbox 64 2535 863 2626; baseline 0.013 -27"><span class='ocrx_word' id='word_1_131' title='bbox 64 2535 66 2582; x_wconf 75' lang='lat' dir='ltr'>t</span> <span class='ocrx_word' id='word_1_132' title='bbox 91 2539 259 2603; x_wconf 76' lang='lat' dir='ltr'>editissima</span> <span class='ocrx_word' id='word_1_133' title='bbox 273 2544 377 2624; x_wconf 86' lang='lat' dir='ltr'>gloria</span> <span class='ocrx_word' id='word_1_134' title='bbox 390 2546 512 2606; x_wconf 74' lang='lat' dir='ltr'>tantm</span> <span class='ocrx_word' id='word_1_135' title='bbox 527 2563 641 2606; x_wconf 92' lang='lat' dir='ltr'>nomen</span> <span class='ocrx_word' id='word_1_136' title='bbox 656 2551 688 2608; x_wconf 90' lang='lat' dir='ltr'>et</span> <span class='ocrx_word' id='word_1_137' title='bbox 701 2546 863 2626; x_wconf 88' lang='lat' dir='ltr'>incorrup-</span> 
     </span>
     <span class='ocr_line' id='line_1_23' title="bbox 64 2629 863 2714; baseline 0.014 -28"><span class='ocrx_word' id='word_1_138' title='bbox 64 2693 66 2712; x_wconf 21' lang='grc' dir='ltr'><strong>ξ</strong></span> <span class='ocrx_word' id='word_1_139' title='bbox 91 2631 147 2689; x_wconf 82' lang='lat' dir='ltr'>rte</span> <span class='ocrx_word' id='word_1_140' title='bbox 160 2629 240 2691; x_wconf 80' lang='lat' dir='ltr'>videi</span> <span class='ocrx_word' id='word_1_141' title='bbox 254 2629 395 2694; x_wconf 80' lang='lat' dir='ltr'>tructam</span> <span class='ocrx_word' id='word_1_142' title='bbox 409 2633 560 2710; x_wconf 86' lang='lat' dir='ltr'>Hispania</span> <span class='ocrx_word' id='word_1_143' title='bbox 579 2633 638 2695; x_wconf 92' lang='lat' dir='ltr'>sibi</span> <span class='ocrx_word' id='word_1_144' title='bbox 654 2633 786 2714; x_wconf 89' lang='lat' dir='ltr'>peperit.</span> <span class='ocrx_word' id='word_1_145' title='bbox 805 2635 863 2697; x_wconf 91' lang='lat' dir='ltr'>Ca·</span> 
     </span>
     <span class='ocr_line' id='line_1_24' title="bbox 64 2713 862 2804; baseline 0.019 -34"><span class='ocrx_word' id='word_1_146' title='bbox 64 2713 66 2804; x_wconf 64' lang='lat' dir='ltr'>p</span> <span class='ocrx_word' id='word_1_147' title='bbox 91 2715 235 2778; x_wconf 73' lang='lat' dir='ltr'>eventium</span> <span class='ocrx_word' id='word_1_148' title='bbox 258 2724 367 2780; x_wconf 88' lang='lat' dir='ltr'>autem</span> <span class='ocrx_word' id='word_1_149' title='bbox 385 2718 482 2782; x_wconf 82' lang='lat' dir='ltr'>vobis</span> <span class='ocrx_word' id='word_1_150' title='bbox 501 2723 549 2781; x_wconf 90' lang='lat' dir='ltr'>est</span> <span class='ocrx_word' id='word_1_151' title='bbox 564 2718 670 2801; x_wconf 84' lang='lat' dir='ltr'>(idque</span> <span class='ocrx_word' id='word_1_152' title='bbox 690 2721 862 2801; x_wconf 90' lang='lat' dir='ltr'>plurimum</span> 
     </span>
     <span class='ocr_line' id='line_1_25' title="bbox 64 2802 863 2890; baseline 0.016 -32"><span class='ocrx_word' id='word_1_153' title='bbox 64 2805 66 2890; x_wconf 58' lang='grc' dir='ltr'>ξ</span> <span class='ocrx_word' id='word_1_154' title='bbox 91 2802 186 2864; x_wconf 84' lang='lat' dir='ltr'>redte</span> <span class='ocrx_word' id='word_1_155' title='bbox 199 2805 346 2883; x_wconf 83' lang='lat' dir='ltr'>pertinet,</span> <span class='ocrx_word' id='word_1_156' title='bbox 364 2804 416 2885; x_wconf 92' lang='lat' dir='ltr'>qui</span> <span class='ocrx_word' id='word_1_157' title='bbox 430 2805 558 2869; x_wconf 89' lang='lat' dir='ltr'>illustris</span> <span class='ocrx_word' id='word_1_158' title='bbox 581 2807 815 2889; x_wconf 67' lang='lat' dir='ltr'>archiepiscopi</span> <span class='ocrx_word' id='word_1_159' title='bbox 830 2816 863 2871; x_wconf 89' lang='lat' dir='ltr'>et</span> 
     </span>
     <span class='ocr_line' id='line_1_26' title="bbox 91 2891 861 2978; baseline 0.018 -31.526"><span class='ocrx_word' id='word_1_160' title='bbox 91 2891 289 2971; x_wconf 80' lang='lat' dir='ltr'>aloquisiroris</span> <span class='ocrx_word' id='word_1_161' title='bbox 304 2894 389 2974; x_wconf 86' lang='lat' dir='ltr'>geris</span> <span class='ocrx_word' id='word_1_162' title='bbox 412 2895 606 2975; x_wconf 88' lang='lat' dir='ltr'>praecipuum</span> <span class='ocrx_word' id='word_1_163' title='bbox 620 2897 759 2978; x_wconf 89' lang='lat' dir='ltr'>munus),</span> <span class='ocrx_word' id='word_1_164' title='bbox 775 2917 815 2960; x_wconf 91' lang='lat' dir='ltr'>ne</span> <span class='ocrx_word' id='word_1_165' title='bbox 829 2899 861 2960; x_wconf 91' lang='lat' dir='ltr'>in</span> 
     </span>
     <span class='ocr_line' id='line_1_27' title="bbox 64 2979 862 3062; baseline 0.016 -28"><span class='ocrx_word' id='word_1_166' title='bbox 64 2979 66 3062; x_wconf 62' lang='grc' dir='ltr'><strong>ᾗ</strong></span> <span class='ocrx_word' id='word_1_167' title='bbox 91 2979 314 3058; x_wconf 74' lang='lat' dir='ltr'>respondendis</span> <span class='ocrx_word' id='word_1_168' title='bbox 328 2982 517 3060; x_wconf 81' lang='lat' dir='ltr'>Apostolicae</span> <span class='ocrx_word' id='word_1_169' title='bbox 528 2983 618 3045; x_wconf 91' lang='lat' dir='ltr'>Sedis</span> <span class='ocrx_word' id='word_1_170' title='bbox 629 2985 862 3049; x_wconf 83' lang='lat' dir='ltr'>constitutioni-</span> 
     </span>
     <span class='ocr_line' id='line_1_28' title="bbox 64 3065 863 3154; baseline 0.013 -29"><span class='ocrx_word' id='word_1_171' title='bbox 64 3069 68 3150; x_wconf 68' lang='lat'>}</span> <span class='ocrx_word' id='word_1_172' title='bbox 90 3065 225 3150; x_wconf 76' lang='lat' dir='ltr'>»haspro</span> <span class='ocrx_word' id='word_1_173' title='bbox 244 3069 345 3130; x_wconf 91' lang='lat' dir='ltr'>nimia</span> <span class='ocrx_word' id='word_1_174' title='bbox 359 3069 568 3134; x_wconf 88' lang='lat' dir='ltr'>exhauriendi</span> <span class='ocrx_word' id='word_1_175' title='bbox 589 3076 766 3154; x_wconf 83' lang='lat' dir='ltr'>argumenti</span> <span class='ocrx_word' id='word_1_176' title='bbox 781 3075 863 3137; x_wconf 92' lang='lat' dir='ltr'>solli-</span> 
     </span>
     <span class='ocr_line' id='line_1_29' title="bbox 90 3155 860 3244; baseline 0.016 -31.575"><span class='ocrx_word' id='word_1_177' title='bbox 90 3155 234 3217; x_wconf 85' lang='lat' dir='ltr'>rcitodiae</span> <span class='ocrx_word' id='word_1_178' title='bbox 245 3157 353 3219; x_wconf 90' lang='lat' dir='ltr'>nullus</span> <span class='ocrx_word' id='word_1_179' title='bbox 362 3158 417 3220; x_wconf 87' lang='lat' dir='ltr'>fiat</span> <span class='ocrx_word' id='word_1_180' title='bbox 430 3160 603 3222; x_wconf 89' lang='lat' dir='ltr'>disserendi</span> <span class='ocrx_word' id='word_1_181' title='bbox 614 3163 860 3244; x_wconf 82' lang='lat' dir='ltr'>ambigendique</span> 
     </span>
     <span class='ocr_line' id='line_1_30' title="bbox 64 3225 862 3366; baseline 0.019 -68"><span class='ocrx_word' id='word_1_182' title='bbox 64 3225 70 3366; x_wconf 62' lang='lat' dir='ltr'>p</span> <span class='ocrx_word' id='word_1_183' title='bbox 90 3241 219 3307; x_wconf 72' lang='lat' dir='ltr'>amadus.</span> <span class='ocrx_word' id='word_1_184' title='bbox 237 3243 357 3308; x_wconf 86' lang='lat' dir='ltr'>Sedula</span> <span class='ocrx_word' id='word_1_185' title='bbox 370 3247 484 3310; x_wconf 90' lang='lat' dir='ltr'>deinde</span> <span class='ocrx_word' id='word_1_186' title='bbox 507 3267 604 3329; x_wconf 90' lang='lat' dir='ltr'>opera</span> <span class='ocrx_word' id='word_1_187' title='bbox 621 3250 812 3313; x_wconf 84' lang='lat' dir='ltr'>conferenda</span> <span class='ocrx_word' id='word_1_188' title='bbox 827 3254 862 3314; x_wconf 91' lang='lat' dir='ltr'>ut</span> 
     </span>
     <span class='ocr_line' id='line_1_31' title="bbox 64 3327 861 3430; baseline 0.019 -42"><span class='ocrx_word' id='word_1_189' title='bbox 64 3373 67 3430; x_wconf 56' lang='grc' dir='ltr'>Ι</span> <span class='ocrx_word' id='word_1_190' title='bbox 90 3327 271 3395; x_wconf 80' lang='lat' dir='ltr'>virtiusmodi</span> <span class='ocrx_word' id='word_1_191' title='bbox 296 3334 406 3411; x_wconf 89' lang='lat' dir='ltr'>dubia,</span> <span class='ocrx_word' id='word_1_192' title='bbox 428 3354 497 3416; x_wconf 82' lang='lat' dir='ltr'>quea</span> <span class='ocrx_word' id='word_1_193' title='bbox 518 3337 620 3415; x_wconf 87' lang='lat' dir='ltr'>facile,</span> <span class='ocrx_word' id='word_1_194' title='bbox 641 3358 699 3418; x_wconf 92' lang='lat' dir='ltr'>pro</span> <span class='ocrx_word' id='word_1_195' title='bbox 720 3340 861 3422; x_wconf 82' lang='lat' dir='ltr'>ingenio·</span> 
     </span>
     <span class='ocr_line' id='line_1_32' title="bbox 64 3421 860 3520; baseline 0.016 -43"><span class='ocrx_word' id='word_1_196' title='bbox 64 3431 68 3520; x_wconf 74' lang='lat' dir='ltr'><strong>j</strong></span> <span class='ocrx_word' id='word_1_197' title='bbox 90 3437 172 3480; x_wconf 75' lang='lat' dir='ltr'>eram</span> <span class='ocrx_word' id='word_1_198' title='bbox 182 3421 353 3500; x_wconf 74' lang='lat' dir='ltr'>venante,</span> <span class='ocrx_word' id='word_1_199' title='bbox 370 3423 558 3504; x_wconf 91' lang='lat' dir='ltr'>disputando</span> <span class='ocrx_word' id='word_1_200' title='bbox 573 3433 756 3508; x_wconf 85' lang='lat' dir='ltr'>emergunt,</span> <span class='ocrx_word' id='word_1_201' title='bbox 773 3430 860 3509; x_wconf 90' lang='lat' dir='ltr'>peni-</span> 
     </span>
     <span class='ocr_line' id='line_1_33' title="bbox 64 3509 862 3593; baseline 0.024 -31"><span class='ocrx_word' id='word_1_202' title='bbox 64 3521 70 3579; x_wconf 60' lang='grc' dir='ltr'>ι</span> <span class='ocrx_word' id='word_1_203' title='bbox 90 3509 154 3568; x_wconf 78' lang='lat' dir='ltr'>stus</span> <span class='ocrx_word' id='word_1_204' title='bbox 171 3509 248 3572; x_wconf 89' lang='lat' dir='ltr'>inter</span> <span class='ocrx_word' id='word_1_205' title='bbox 269 3529 328 3574; x_wconf 86' lang='lat' dir='ltr'>vos</span> <span class='ocrx_word' id='word_1_206' title='bbox 347 3512 546 3593; x_wconf 88' lang='lat' dir='ltr'>dirimantur,</span> <span class='ocrx_word' id='word_1_207' title='bbox 573 3534 612 3577; x_wconf 92' lang='lat' dir='ltr'>ne</span> <span class='ocrx_word' id='word_1_208' title='bbox 634 3516 782 3579; x_wconf 88' lang='lat' dir='ltr'>diuturna</span> <span class='ocrx_word' id='word_1_209' title='bbox 801 3539 862 3581; x_wconf 92' lang='lat' dir='ltr'>un-</span> 
     </span>
     <span class='ocr_line' id='line_1_34' title="bbox 89 3599 859 3685; baseline 0.021 -33"><span class='ocrx_word' id='word_1_210' title='bbox 89 3612 194 3676; x_wconf 82' lang='lat' dir='ltr'>rquam</span> <span class='ocrx_word' id='word_1_211' title='bbox 206 3599 433 3680; x_wconf 81' lang='lat' dir='ltr'>disceptatione</span> <span class='ocrx_word' id='word_1_212' title='bbox 447 3603 599 3665; x_wconf 88' lang='lat' dir='ltr'>fluctuent</span> <span class='ocrx_word' id='word_1_213' title='bbox 609 3605 716 3683; x_wconf 91' lang='lat' dir='ltr'>animi,</span> <span class='ocrx_word' id='word_1_214' title='bbox 729 3624 859 3685; x_wconf 76' lang='lat' dir='ltr'>praeser-</span> 
     </span>
    </p>
   </div>
   <div class='ocr_carea' id='block_1_3' title="bbox 1524 592 1716 684">
    <p class='ocr_par' dir='ltr' id='par_1_5' title="bbox 1524 592 1716 684">
     <span class='ocr_line' id='line_1_35' title="bbox 1524 592 1716 684; baseline -0.016 0"><span class='ocrx_word' id='word_1_215' title='bbox 1524 657 1538 684; x_wconf 91' lang='lat'><strong>.</strong></span> <span class='ocrx_word' id='word_1_216' title='bbox 1655 592 1716 680; x_wconf 68' lang='lat' dir='ltr'>aa</span> 
     </span>
    </p>
   </div>
   <div class='ocr_carea' id='block_1_4' title="bbox 914 773 1754 3678">
    <p class='ocr_par' dir='ltr' id='par_1_6' title="bbox 919 773 1717 1207">
     <span class='ocr_line' id='line_1_36' title="bbox 925 773 1717 856; baseline 0.005 -22"><span class='ocrx_word' id='word_1_217' title='bbox 925 797 939 834; x_wconf 86' lang='lat' dir='ltr'>n</span> <span class='ocrx_word' id='word_1_218' title='bbox 958 793 1084 854; x_wconf 86' lang='lat' dir='ltr'>gressus</span> <span class='ocrx_word' id='word_1_219' title='bbox 1108 776 1227 836; x_wconf 88' lang='lat' dir='ltr'>vestros</span> <span class='ocrx_word' id='word_1_220' title='bbox 1250 773 1281 834; x_wconf 90' lang='lat' dir='ltr'>in</span> <span class='ocrx_word' id='word_1_221' title='bbox 1304 776 1451 854; x_wconf 86' lang='lat' dir='ltr'>promptu</span> <span class='ocrx_word' id='word_1_222' title='bbox 1475 774 1525 837; x_wconf 90' lang='lat' dir='ltr'>sit.</span> <span class='ocrx_word' id='word_1_223' title='bbox 1552 775 1717 856; x_wconf 82' lang='lat' dir='ltr'>Reliquum</span> 
     </span>
     <span class='ocr_line' id='line_1_37' title="bbox 921 862 1717 944; baseline 0.005 -23"><span class='ocrx_word' id='word_1_224' title='bbox 921 885 936 922; x_wconf 85' lang='lat' dir='ltr'>a</span> <span class='ocrx_word' id='word_1_225' title='bbox 957 867 1021 941; x_wconf 87' lang='lat' dir='ltr'>est,</span> <span class='ocrx_word' id='word_1_226' title='bbox 1038 863 1233 926; x_wconf 82' lang='lat' dir='ltr'>Venerabilis</span> <span class='ocrx_word' id='word_1_227' title='bbox 1252 865 1371 941; x_wconf 86' lang='lat' dir='ltr'>Frater,</span> <span class='ocrx_word' id='word_1_228' title='bbox 1389 867 1424 926; x_wconf 90' lang='lat' dir='ltr'>ut</span> <span class='ocrx_word' id='word_1_229' title='bbox 1441 862 1516 942; x_wconf 90' lang='lat' dir='ltr'>tibi,</span> <span class='ocrx_word' id='word_1_230' title='bbox 1537 863 1621 944; x_wconf 91' lang='lat' dir='ltr'>quod</span> <span class='ocrx_word' id='word_1_231' title='bbox 1642 863 1717 927; x_wconf 86' lang='lat' dir='ltr'>iaci·</span> 
     </span>
     <span class='ocr_line' id='line_1_38' title="bbox 921 952 1716 1031; baseline 0.008 -21"><span class='ocrx_word' id='word_1_232' title='bbox 921 975 935 1012; x_wconf 87' lang='lat' dir='ltr'>a</span> <span class='ocrx_word' id='word_1_233' title='bbox 954 971 1024 1013; x_wconf 91' lang='lat' dir='ltr'>mus</span> <span class='ocrx_word' id='word_1_234' title='bbox 1039 971 1077 1014; x_wconf 89' lang='lat' dir='ltr'>ex</span> <span class='ocrx_word' id='word_1_235' title='bbox 1091 952 1208 1030; x_wconf 88' lang='lat' dir='ltr'>animo,</span> <span class='ocrx_word' id='word_1_236' title='bbox 1226 952 1392 1031; x_wconf 82' lang='lat' dir='ltr'>praecipuae</span> <span class='ocrx_word' id='word_1_237' title='bbox 1407 953 1634 1018; x_wconf 79' lang='lat' dir='ltr'>benevolentia</span> <span class='ocrx_word' id='word_1_238' title='bbox 1646 972 1716 1016; x_wconf 88' lang='lat' dir='ltr'>nos·</span> 
     </span>
     <span class='ocr_line' id='line_1_39' title="bbox 920 1040 1717 1123; baseline 0.008 -25"><span class='ocrx_word' id='word_1_239' title='bbox 920 1063 935 1100; x_wconf 90' lang='lat' dir='ltr'>n</span> <span class='ocrx_word' id='word_1_240' title='bbox 954 1046 1009 1103; x_wconf 87' lang='lat' dir='ltr'>trae</span> <span class='ocrx_word' id='word_1_241' title='bbox 1024 1041 1137 1120; x_wconf 84' lang='lat' dir='ltr'>pignus</span> <span class='ocrx_word' id='word_1_242' title='bbox 1151 1040 1363 1120; x_wconf 84' lang='lat' dir='ltr'>Apostolicam</span> <span class='ocrx_word' id='word_1_243' title='bbox 1377 1041 1633 1104; x_wconf 77' lang='lat' dir='ltr'>benedictionem</span> <span class='ocrx_word' id='word_1_244' title='bbox 1644 1061 1717 1123; x_wconf 89' lang='lat' dir='ltr'>per-</span> 
     </span>
     <span class='ocr_line' id='line_1_40' title="bbox 919 1127 1339 1207; baseline 0.01 -23"><span class='ocrx_word' id='word_1_245' title='bbox 919 1149 934 1187; x_wconf 83' lang='lat'>»</span> <span class='ocrx_word' id='word_1_246' title='bbox 954 1133 1098 1190; x_wconf 90' lang='lat' dir='ltr'>amanter</span> <span class='ocrx_word' id='word_1_247' title='bbox 1111 1127 1339 1207; x_wconf 82' lang='lat' dir='ltr'>impertiamur.</span> 
     </span>
    </p>

    <p class='ocr_par' dir='ltr' id='par_1_7' title="bbox 959 1216 1447 1292">
     <span class='ocr_line' id='line_1_41' title="bbox 959 1216 1447 1292; baseline 0.002 -17"><span class='ocrx_word' id='word_1_248' title='bbox 959 1239 973 1275; x_wconf 87' lang='lat' dir='ltr'>a</span> <span class='ocrx_word' id='word_1_249' title='bbox 992 1219 1117 1292; x_wconf 83' lang='lat' dir='ltr'>Datum,</span> <span class='ocrx_word' id='word_1_250' title='bbox 1134 1221 1194 1277; x_wconf 81' lang='lat' dir='ltr'>etc.</span> <span class='ocrx_word' id='word_1_251' title='bbox 1211 1216 1315 1279; x_wconf 83' lang='lat' dir='ltr'>8Julii</span> <span class='ocrx_word' id='word_1_252' title='bbox 1332 1219 1420 1279; x_wconf 73' lang='grc' dir='ltr'>ΠΗ.</span> <span class='ocrx_word' id='word_1_253' title='bbox 1433 1239 1447 1276; x_wconf 89' lang='lat' dir='ltr'>n</span> 
     </span>
    </p>

    <p class='ocr_par' dir='ltr' id='par_1_8' title="bbox 919 1303 1754 2179">
     <span class='ocr_line' id='line_1_42' title="bbox 964 1303 1715 1382; baseline 0.008 -20"><span class='ocrx_word' id='word_1_254' title='bbox 964 1326 978 1362; x_wconf 82' lang='lat' dir='ltr'>a</span> <span class='ocrx_word' id='word_1_255' title='bbox 992 1306 1069 1367; x_wconf 89' lang='lat' dir='ltr'>Cum</span> <span class='ocrx_word' id='word_1_256' title='bbox 1096 1303 1163 1366; x_wconf 80' lang='lat' dir='ltr'>haec</span> <span class='ocrx_word' id='word_1_257' title='bbox 1187 1304 1231 1365; x_wconf 87' lang='lat' dir='ltr'>ita</span> <span class='ocrx_word' id='word_1_258' title='bbox 1253 1322 1286 1365; x_wconf 91' lang='lat' dir='ltr'>se</span> <span class='ocrx_word' id='word_1_259' title='bbox 1310 1303 1465 1382; x_wconf 84' lang='lat' dir='ltr'>habeant,</span> <span class='ocrx_word' id='word_1_260' title='bbox 1492 1304 1567 1368; x_wconf 90' lang='lat' dir='ltr'>satis</span> <span class='ocrx_word' id='word_1_261' title='bbox 1590 1305 1715 1368; x_wconf 90' lang='lat' dir='ltr'>muneri</span> 
     </span>
     <span class='ocr_line' id='line_1_43' title="bbox 919 1391 1716 1474; baseline 0.001 -20"><span class='ocrx_word' id='word_1_262' title='bbox 919 1397 1024 1456; x_wconf 89' lang='lat' dir='ltr'>nostro</span> <span class='ocrx_word' id='word_1_263' title='bbox 1049 1391 1159 1454; x_wconf 85' lang='lat' dir='ltr'>iecisse</span> <span class='ocrx_word' id='word_1_264' title='bbox 1182 1391 1387 1454; x_wconf 91' lang='lat' dir='ltr'>videmurne</span> <span class='ocrx_word' id='word_1_265' title='bbox 1411 1393 1454 1454; x_wconf 92' lang='lat' dir='ltr'>illi</span> <span class='ocrx_word' id='word_1_266' title='bbox 1478 1393 1615 1474; x_wconf 83' lang='lat' dir='ltr'>(quibus</span> <span class='ocrx_word' id='word_1_267' title='bbox 1638 1393 1716 1456; x_wconf 90' lang='lat' dir='ltr'>licet</span> 
     </span>
     <span class='ocr_line' id='line_1_44' title="bbox 919 1480 1754 1561; baseline 0 -17"><span class='ocrx_word' id='word_1_268' title='bbox 919 1480 1439 1561; x_wconf 88' lang='lat' dir='ltr'>carnesedere),cu1nJejunium</span> <span class='ocrx_word' id='word_1_269' title='bbox 1463 1484 1604 1560; x_wconf 90' lang='lat' dir='ltr'>tempore</span> <span class='ocrx_word' id='word_1_270' title='bbox 1629 1485 1716 1555; x_wconf 80' lang='lat' dir='ltr'>Qua·</span> <span class='ocrx_word' id='word_1_271' title='bbox 1753 1501 1754 1504; x_wconf 45' lang='lat'>¹</span> 
     </span>
     <span class='ocr_line' id='line_1_45' title="bbox 919 1566 1715 1648; baseline 0.001 -19"><span class='ocrx_word' id='word_1_272' title='bbox 919 1569 1104 1648; x_wconf 82' lang='lat' dir='ltr'>dragesimae</span> <span class='ocrx_word' id='word_1_273' title='bbox 1123 1566 1172 1628; x_wconf 89' lang='lat' dir='ltr'>vel</span> <span class='ocrx_word' id='word_1_274' title='bbox 1195 1571 1283 1630; x_wconf 88' lang='lat' dir='ltr'>extra</span> <span class='ocrx_word' id='word_1_275' title='bbox 1302 1567 1581 1647; x_wconf 82' lang='lat' dir='ltr'>Quadragesimam</span> <span class='ocrx_word' id='word_1_276' title='bbox 1601 1569 1715 1630; x_wconf 83' lang='lat' dir='ltr'>Fideli-</span> 
     </span>
     <span class='ocr_line' id='line_1_46' title="bbox 919 1654 1717 1736; baseline 0 -18"><span class='ocrx_word' id='word_1_277' title='bbox 919 1654 977 1718; x_wconf 92' lang='lat' dir='ltr'>bus</span> <span class='ocrx_word' id='word_1_278' title='bbox 992 1655 1205 1736; x_wconf 85' lang='lat' dir='ltr'>perscribitur,</span> <span class='ocrx_word' id='word_1_279' title='bbox 1224 1655 1315 1718; x_wconf 92' lang='lat' dir='ltr'>unius</span> <span class='ocrx_word' id='word_1_280' title='bbox 1330 1657 1529 1719; x_wconf 82' lang='lat' dir='ltr'>comestionis</span> <span class='ocrx_word' id='word_1_281' title='bbox 1539 1657 1653 1718; x_wconf 90' lang='lat' dir='ltr'>limites</span> <span class='ocrx_word' id='word_1_282' title='bbox 1663 1677 1717 1718; x_wconf 87' lang='lat' dir='ltr'>ex·</span> 
     </span>
     <span class='ocr_line' id='line_1_47' title="bbox 919 1743 1716 1824; baseline 0 -18"><span class='ocrx_word' id='word_1_283' title='bbox 919 1745 1048 1822; x_wconf 90' lang='lat' dir='ltr'>cedant,</span> <span class='ocrx_word' id='word_1_284' title='bbox 1065 1763 1102 1806; x_wconf 85' lang='lat' dir='ltr'>aa</span> <span class='ocrx_word' id='word_1_285' title='bbox 1122 1763 1160 1806; x_wconf 90' lang='lat' dir='ltr'>ne</span> <span class='ocrx_word' id='word_1_286' title='bbox 1182 1743 1317 1824; x_wconf 87' lang='lat' dir='ltr'>piscibus</span> <span class='ocrx_word' id='word_1_287' title='bbox 1335 1744 1428 1805; x_wconf 90' lang='lat' dir='ltr'>simul</span> <span class='ocrx_word' id='word_1_288' title='bbox 1451 1749 1483 1808; x_wconf 88' lang='lat' dir='ltr'>et</span> <span class='ocrx_word' id='word_1_289' title='bbox 1501 1744 1647 1806; x_wconf 89' lang='lat' dir='ltr'>carnibus</span> <span class='ocrx_word' id='word_1_290' title='bbox 1662 1763 1716 1824; x_wconf 93' lang='lat' dir='ltr'>pa·</span> 
     </span>
     <span class='ocr_line' id='line_1_48' title="bbox 919 1833 1716 1913; baseline -0.001 -17"><span class='ocrx_word' id='word_1_291' title='bbox 919 1834 982 1896; x_wconf 88' lang='lat' dir='ltr'>rari</span> <span class='ocrx_word' id='word_1_292' title='bbox 996 1833 1054 1895; x_wconf 90' lang='lat' dir='ltr'>sibi</span> <span class='ocrx_word' id='word_1_293' title='bbox 1069 1851 1214 1896; x_wconf 85' lang='lat' dir='ltr'>mensam</span> <span class='ocrx_word' id='word_1_294' title='bbox 1227 1833 1401 1913; x_wconf 90' lang='lat' dir='ltr'>patiantur,</span> <span class='ocrx_word' id='word_1_295' title='bbox 1413 1853 1492 1896; x_wconf 89' lang='lat' dir='ltr'>neve</span> <span class='ocrx_word' id='word_1_296' title='bbox 1502 1834 1716 1896; x_wconf 87' lang='lat' dir='ltr'>cavillationes</span> 
     </span>
     <span class='ocr_line' id='line_1_49' title="bbox 919 1921 1716 2002; baseline 0.005 -20"><span class='ocrx_word' id='word_1_297' title='bbox 919 1927 1154 2001; x_wconf 85' lang='lat' dir='ltr'>perscrutentur</span> <span class='ocrx_word' id='word_1_298' title='bbox 1169 1930 1203 1984; x_wconf 87' lang='lat' dir='ltr'>ut</span> <span class='ocrx_word' id='word_1_299' title='bbox 1215 1921 1276 2002; x_wconf 81' lang='lat' dir='ltr'>legi</span> <span class='ocrx_word' id='word_1_300' title='bbox 1291 1923 1437 1985; x_wconf 89' lang='lat' dir='ltr'>tenebras</span> <span class='ocrx_word' id='word_1_301' title='bbox 1447 1924 1617 1986; x_wconf 82' lang='lat' dir='ltr'>offendant.</span> <span class='ocrx_word' id='word_1_302' title='bbox 1634 1927 1716 1986; x_wconf 88' lang='lat' dir='ltr'>Pau·</span> 
     </span>
     <span class='ocr_line' id='line_1_50' title="bbox 919 2011 1715 2094; baseline 0.005 -22"><span class='ocrx_word' id='word_1_303' title='bbox 919 2029 957 2072; x_wconf 88' lang='lat' dir='ltr'>aa</span> <span class='ocrx_word' id='word_1_304' title='bbox 978 2014 1085 2073; x_wconf 86' lang='lat' dir='ltr'>tamen</span> <span class='ocrx_word' id='word_1_305' title='bbox 1109 2011 1212 2074; x_wconf 84' lang='lat' dir='ltr'>adhuc</span> <span class='ocrx_word' id='word_1_306' title='bbox 1227 2017 1396 2092; x_wconf 87' lang='lat' dir='ltr'>supersunt</span> <span class='ocrx_word' id='word_1_307' title='bbox 1417 2031 1486 2094; x_wconf 76' lang='lat' dir='ltr'>quae</span> <span class='ocrx_word' id='word_1_308' title='bbox 1506 2013 1715 2076; x_wconf 89' lang='lat' dir='ltr'>remediuma</span> 
     </span>
     <span class='ocr_line' id='line_1_51' title="bbox 919 2099 1216 2179; baseline 0.007 -19"><span class='ocrx_word' id='word_1_309' title='bbox 919 2099 1015 2161; x_wconf 89' lang='lat' dir='ltr'>Nabis</span> <span class='ocrx_word' id='word_1_310' title='bbox 1029 2100 1216 2179; x_wconf 90' lang='lat' dir='ltr'>deposcunt.</span> 
     </span>
    </p>

    <p class='ocr_par' dir='ltr' id='par_1_9' title="bbox 914 2187 1714 3678">
     <span class='ocr_line' id='line_1_52' title="bbox 958 2187 1713 2270; baseline 0.013 -26"><span class='ocrx_word' id='word_1_311' title='bbox 958 2209 974 2246; x_wconf 84' lang='lat' dir='ltr'>a</span> <span class='ocrx_word' id='word_1_312' title='bbox 996 2188 1159 2269; x_wconf 87' lang='lat' dir='ltr'>Siquidem</span> <span class='ocrx_word' id='word_1_313' title='bbox 1179 2187 1372 2252; x_wconf 90' lang='lat' dir='ltr'>advertimus</span> <span class='ocrx_word' id='word_1_314' title='bbox 1382 2188 1449 2270; x_wconf 85' lang='lat' dir='ltr'>jam</span> <span class='ocrx_word' id='word_1_315' title='bbox 1464 2188 1570 2252; x_wconf 92' lang='lat' dir='ltr'>mullis</span> <span class='ocrx_word' id='word_1_316' title='bbox 1584 2190 1624 2254; x_wconf 92' lang='lat' dir='ltr'>ab</span> <span class='ocrx_word' id='word_1_317' title='bbox 1639 2190 1713 2254; x_wconf 90' lang='lat' dir='ltr'>hino</span> 
     </span>
     <span class='ocr_line' id='line_1_53' title="bbox 918 2274 1712 2356; baseline 0.009 -22"><span class='ocrx_word' id='word_1_318' title='bbox 918 2274 1009 2336; x_wconf 89' lang='lat' dir='ltr'>annis</span> <span class='ocrx_word' id='word_1_319' title='bbox 1024 2292 1085 2337; x_wconf 92' lang='lat' dir='ltr'>non</span> <span class='ocrx_word' id='word_1_320' title='bbox 1095 2276 1196 2338; x_wconf 90' lang='lat' dir='ltr'>solum</span> <span class='ocrx_word' id='word_1_321' title='bbox 1212 2276 1317 2355; x_wconf 90' lang='lat' dir='ltr'>plures</span> <span class='ocrx_word' id='word_1_322' title='bbox 1327 2276 1358 2337; x_wconf 92' lang='lat' dir='ltr'>ia</span> <span class='ocrx_word' id='word_1_323' title='bbox 1370 2276 1613 2356; x_wconf 85' lang='lat' dir='ltr'>qualibetltaliae</span> <span class='ocrx_word' id='word_1_324' title='bbox 1629 2279 1712 2342; x_wconf 91' lang='lat' dir='ltr'>Urbe</span> 
     </span>
     <span class='ocr_line' id='line_1_54' title="bbox 917 2363 1712 2446; baseline 0.005 -24"><span class='ocrx_word' id='word_1_325' title='bbox 917 2366 1023 2425; x_wconf 87' lang='lat' dir='ltr'>vestra</span> <span class='ocrx_word' id='word_1_326' title='bbox 1046 2364 1232 2426; x_wconf 88' lang='lat' dir='ltr'>auctoritate</span> <span class='ocrx_word' id='word_1_327' title='bbox 1250 2363 1377 2426; x_wconf 89' lang='lat' dir='ltr'>dissolvi</span> <span class='ocrx_word' id='word_1_328' title='bbox 1396 2382 1415 2424; x_wconf 90' lang='lat' dir='ltr'>a</span> <span class='ocrx_word' id='word_1_329' title='bbox 1443 2365 1712 2446; x_wconf 82' lang='lat' dir='ltr'>Quadragesimali</span> 
     </span>
     <span class='ocr_line' id='line_1_55' title="bbox 919 2451 1713 2532; baseline 0.005 -20"><span class='ocrx_word' id='word_1_330' title='bbox 919 2451 1119 2528; x_wconf 88' lang='lat' dir='ltr'>abstinentia,</span> <span class='ocrx_word' id='word_1_331' title='bbox 1134 2452 1191 2513; x_wconf 93' lang='lat' dir='ltr'>sed</span> <span class='ocrx_word' id='word_1_332' title='bbox 1215 2451 1309 2514; x_wconf 88' lang='lat' dir='ltr'>etiam</span> <span class='ocrx_word' id='word_1_333' title='bbox 1329 2471 1445 2532; x_wconf 78' lang='lat' dir='ltr'>magno</span> <span class='ocrx_word' id='word_1_334' title='bbox 1464 2453 1567 2516; x_wconf 91' lang='lat' dir='ltr'>studio</span> <span class='ocrx_word' id='word_1_335' title='bbox 1583 2457 1713 2516; x_wconf 87' lang='lat' dir='ltr'>conten-</span> 
     </span>
     <span class='ocr_line' id='line_1_56' title="bbox 917 2539 1713 2622; baseline 0.006 -22"><span class='ocrx_word' id='word_1_336' title='bbox 917 2539 1007 2618; x_wconf 89' lang='lat' dir='ltr'>ditis,</span> <span class='ocrx_word' id='word_1_337' title='bbox 1025 2545 1059 2602; x_wconf 93' lang='lat' dir='ltr'>ut</span> <span class='ocrx_word' id='word_1_338' title='bbox 1072 2541 1251 2603; x_wconf 88' lang='lat' dir='ltr'>universam</span> <span class='ocrx_word' id='word_1_339' title='bbox 1273 2541 1436 2604; x_wconf 85' lang='lat' dir='ltr'>Civitatem</span> <span class='ocrx_word' id='word_1_340' title='bbox 1455 2545 1615 2622; x_wconf 87' lang='lat' dir='ltr'>totamque</span> <span class='ocrx_word' id='word_1_341' title='bbox 1630 2545 1713 2606; x_wconf 88' lang='lat' dir='ltr'>Diae-</span> 
     </span>
     <span class='ocr_line' id='line_1_57' title="bbox 917 2628 1714 2696; baseline 0.008 -6"><span class='ocrx_word' id='word_1_342' title='bbox 917 2628 1014 2690; x_wconf 90' lang='lat' dir='ltr'>cesim</span> <span class='ocrx_word' id='word_1_343' title='bbox 1029 2629 1143 2691; x_wconf 90' lang='lat' dir='ltr'>eadem</span> <span class='ocrx_word' id='word_1_344' title='bbox 1156 2629 1345 2691; x_wconf 86' lang='lat' dir='ltr'>abstinentia</span> <span class='ocrx_word' id='word_1_345' title='bbox 1357 2629 1537 2692; x_wconf 90' lang='lat' dir='ltr'>liberemus.</span> <span class='ocrx_word' id='word_1_346' title='bbox 1555 2632 1633 2694; x_wconf 83' lang='lat' dir='ltr'>ilinc</span> <span class='ocrx_word' id='word_1_347' title='bbox 1648 2633 1714 2696; x_wconf 83' lang='lat' dir='ltr'>fae·</span> 
     </span>
     <span class='ocr_line' id='line_1_58' title="bbox 916 2718 1711 2799; baseline 0.006 -21"><span class='ocrx_word' id='word_1_348' title='bbox 916 2720 985 2778; x_wconf 88' lang='lat' dir='ltr'>tum</span> <span class='ocrx_word' id='word_1_349' title='bbox 1000 2719 1047 2780; x_wconf 90' lang='lat' dir='ltr'>est</span> <span class='ocrx_word' id='word_1_350' title='bbox 1061 2723 1095 2780; x_wconf 89' lang='lat' dir='ltr'>ut</span> <span class='ocrx_word' id='word_1_351' title='bbox 1109 2719 1141 2778; x_wconf 90' lang='lat' dir='ltr'>in</span> <span class='ocrx_word' id='word_1_352' title='bbox 1156 2718 1345 2799; x_wconf 90' lang='lat' dir='ltr'>quibusdam</span> <span class='ocrx_word' id='word_1_353' title='bbox 1354 2719 1538 2782; x_wconf 79' lang='lat' dir='ltr'>Civitatibus</span> <span class='ocrx_word' id='word_1_354' title='bbox 1548 2738 1585 2782; x_wconf 91' lang='lat' dir='ltr'>ac</span> <span class='ocrx_word' id='word_1_355' title='bbox 1595 2721 1711 2783; x_wconf 79' lang='lat' dir='ltr'>Ditece·</span> 
     </span>
     <span class='ocr_line' id='line_1_59' title="bbox 917 2804 1710 2886; baseline 0.006 -19"><span class='ocrx_word' id='word_1_356' title='bbox 917 2805 1003 2867; x_wconf 88' lang='lat' dir='ltr'>sibus</span> <span class='ocrx_word' id='word_1_357' title='bbox 1019 2804 1087 2886; x_wconf 89' lang='lat' dir='ltr'>jam</span> <span class='ocrx_word' id='word_1_358' title='bbox 1108 2808 1298 2886; x_wconf 89' lang='lat' dir='ltr'>permultos</span> <span class='ocrx_word' id='word_1_359' title='bbox 1317 2826 1416 2870; x_wconf 90' lang='lat' dir='ltr'>annos</span> <span class='ocrx_word' id='word_1_360' title='bbox 1437 2808 1560 2870; x_wconf 80' lang='lat' dir='ltr'>Fideles</span> <span class='ocrx_word' id='word_1_361' title='bbox 1574 2808 1710 2872; x_wconf 88' lang='lat' dir='ltr'>universi</span> 
     </span>
     <span class='ocr_line' id='line_1_60' title="bbox 916 2892 1712 2976; baseline 0.006 -21"><span class='ocrx_word' id='word_1_362' title='bbox 916 2892 1036 2972; x_wconf 86' lang='lat' dir='ltr'>absque</span> <span class='ocrx_word' id='word_1_363' title='bbox 1059 2893 1122 2956; x_wconf 94' lang='lat' dir='ltr'>ullo</span> <span class='ocrx_word' id='word_1_364' title='bbox 1137 2894 1316 2958; x_wconf 89' lang='lat' dir='ltr'>discrimine</span> <span class='ocrx_word' id='word_1_365' title='bbox 1332 2895 1479 2959; x_wconf 85' lang='lat' dir='ltr'>carnibus</span> <span class='ocrx_word' id='word_1_366' title='bbox 1493 2915 1550 2976; x_wconf 92' lang='lat' dir='ltr'>per</span> <span class='ocrx_word' id='word_1_367' title='bbox 1570 2898 1712 2970; x_wconf 81' lang='lat' dir='ltr'>Quadra-</span> 
     </span>
     <span class='ocr_line' id='line_1_61' title="bbox 916 2981 1711 3064; baseline 0.006 -23"><span class='ocrx_word' id='word_1_368' title='bbox 916 2981 1070 3062; x_wconf 81' lang='lat' dir='ltr'>gesimam</span> <span class='ocrx_word' id='word_1_369' title='bbox 1085 2987 1222 3045; x_wconf 89' lang='lat' dir='ltr'>utantur.</span> <span class='ocrx_word' id='word_1_370' title='bbox 1239 2983 1275 3045; x_wconf 92' lang='lat' dir='ltr'>ld</span> <span class='ocrx_word' id='word_1_371' title='bbox 1294 2983 1422 3064; x_wconf 88' lang='lat' dir='ltr'>quidam</span> <span class='ocrx_word' id='word_1_372' title='bbox 1436 2985 1607 3046; x_wconf 83' lang='lat' dir='ltr'>maximam</span> <span class='ocrx_word' id='word_1_373' title='bbox 1621 2983 1711 3046; x_wconf 90' lang='lat' dir='ltr'>nobis</span> 
     </span>
     <span class='ocr_line' id='line_1_62' title="bbox 916 3069 1711 3152; baseline 0.006 -23"><span class='ocrx_word' id='word_1_374' title='bbox 916 3071 1009 3131; x_wconf 80' lang='lat' dir='ltr'>affert</span> <span class='ocrx_word' id='word_1_375' title='bbox 1023 3069 1264 3133; x_wconf 88' lang='lat' dir='ltr'>sollicitudinem</span> <span class='ocrx_word' id='word_1_376' title='bbox 1283 3089 1321 3134; x_wconf 91' lang='lat' dir='ltr'>eo</span> <span class='ocrx_word' id='word_1_377' title='bbox 1340 3071 1425 3152; x_wconf 86' lang='lat' dir='ltr'>quod</span> <span class='ocrx_word' id='word_1_378' title='bbox 1447 3069 1711 3152; x_wconf 88' lang='lat' dir='ltr'>deprehendimus</span> 
     </span>
     <span class='ocr_line' id='line_1_63' title="bbox 916 3157 1711 3242; baseline 0.006 -24"><span class='ocrx_word' id='word_1_379' title='bbox 916 3157 1009 3218; x_wconf 89' lang='lat' dir='ltr'>certis</span> <span class='ocrx_word' id='word_1_380' title='bbox 1028 3157 1227 3220; x_wconf 81' lang='lat' dir='ltr'>Testimoniis</span> <span class='ocrx_word' id='word_1_381' title='bbox 1249 3158 1281 3220; x_wconf 95' lang='lat' dir='ltr'>in</span> <span class='ocrx_word' id='word_1_382' title='bbox 1301 3160 1490 3240; x_wconf 89' lang='lat' dir='ltr'>quibusdem</span> <span class='ocrx_word' id='word_1_383' title='bbox 1518 3161 1711 3242; x_wconf 73' lang='lat' dir='ltr'>Regionibus</span> 
     </span>
     <span class='ocr_line' id='line_1_64' title="bbox 916 3245 1710 3328; baseline 0.005 -20"><span class='ocrx_word' id='word_1_384' title='bbox 916 3245 1143 3325; x_wconf 87' lang='lat' dir='ltr'>Septentrionis</span> <span class='ocrx_word' id='word_1_385' title='bbox 1157 3251 1222 3310; x_wconf 90' lang='lat' dir='ltr'>tota</span> <span class='ocrx_word' id='word_1_386' title='bbox 1237 3247 1493 3328; x_wconf 80' lang='lat' dir='ltr'>Ouedragesimae</span> <span class='ocrx_word' id='word_1_387' title='bbox 1507 3267 1601 3311; x_wconf 90' lang='lat' dir='ltr'>cursu</span> <span class='ocrx_word' id='word_1_388' title='bbox 1621 3251 1710 3312; x_wconf 87' lang='lat' dir='ltr'>lactie&#39;</span> 
     </span>
     <span class='ocr_line' id='line_1_65' title="bbox 915 3335 1711 3418; baseline 0.005 -22"><span class='ocrx_word' id='word_1_389' title='bbox 915 3337 948 3396; x_wconf 88' lang='lat' dir='ltr'>et</span> <span class='ocrx_word' id='word_1_390' title='bbox 961 3351 1092 3395; x_wconf 89' lang='lat' dir='ltr'>ovorum</span> <span class='ocrx_word' id='word_1_391' title='bbox 1106 3353 1198 3396; x_wconf 90' lang='lat' dir='ltr'>usum</span> <span class='ocrx_word' id='word_1_392' title='bbox 1212 3335 1310 3396; x_wconf 90' lang='lat' dir='ltr'>libere</span> <span class='ocrx_word' id='word_1_393' title='bbox 1323 3336 1474 3414; x_wconf 88' lang='lat' dir='ltr'>permitti,</span> <span class='ocrx_word' id='word_1_394' title='bbox 1487 3338 1561 3418; x_wconf 89' lang='lat' dir='ltr'>quia</span> <span class='ocrx_word' id='word_1_395' title='bbox 1569 3356 1628 3418; x_wconf 92' lang='lat' dir='ltr'>per</span> <span class='ocrx_word' id='word_1_396' title='bbox 1640 3339 1711 3418; x_wconf 89' lang='lat' dir='ltr'>plu·</span> 
     </span>
     <span class='ocr_line' id='line_1_66' title="bbox 915 3423 1710 3505; baseline 0.011 -24"><span class='ocrx_word' id='word_1_397' title='bbox 915 3439 965 3482; x_wconf 90' lang='lat' dir='ltr'>res</span> <span class='ocrx_word' id='word_1_398' title='bbox 980 3439 1079 3483; x_wconf 90' lang='lat' dir='ltr'>annos</span> <span class='ocrx_word' id='word_1_399' title='bbox 1102 3423 1247 3486; x_wconf 88' lang='lat' dir='ltr'>eamdem</span> <span class='ocrx_word' id='word_1_400' title='bbox 1270 3423 1451 3489; x_wconf 84' lang='lat' dir='ltr'>facultatem</span> <span class='ocrx_word' id='word_1_401' title='bbox 1466 3426 1611 3505; x_wconf 88' lang='lat' dir='ltr'>petierint</span> <span class='ocrx_word' id='word_1_402' title='bbox 1625 3430 1657 3488; x_wconf 89' lang='lat' dir='ltr'>et</span> <span class='ocrx_word' id='word_1_403' title='bbox 1668 3428 1710 3490; x_wconf 90' lang='lat' dir='ltr'>ab</span> 
     </span>
     <span class='ocr_line' id='line_1_67' title="bbox 916 3510 1710 3596; baseline 0.006 -23"><span class='ocrx_word' id='word_1_404' title='bbox 916 3510 996 3573; x_wconf 89' lang='lat' dir='ltr'>Sede</span> <span class='ocrx_word' id='word_1_405' title='bbox 1018 3511 1199 3589; x_wconf 72' lang='lat' dir='ltr'>apostolica</span> <span class='ocrx_word' id='word_1_406' title='bbox 1217 3513 1376 3575; x_wconf 88' lang='lat' dir='ltr'>consecuti</span> <span class='ocrx_word' id='word_1_407' title='bbox 1400 3513 1530 3588; x_wconf 81' lang='lat' dir='ltr'>luerint3</span> <span class='ocrx_word' id='word_1_408' title='bbox 1556 3515 1710 3596; x_wconf 86' lang='lat' dir='ltr'>quamob-</span> 
     </span>
     <span class='ocr_line' id='line_1_68' title="bbox 914 3596 1708 3678; baseline 0.011 -21"><span class='ocrx_word' id='word_1_409' title='bbox 914 3615 983 3658; x_wconf 90' lang='lat' dir='ltr'>rem</span> <span class='ocrx_word' id='word_1_410' title='bbox 997 3596 1040 3658; x_wconf 95' lang='lat' dir='ltr'>illi</span> <span class='ocrx_word' id='word_1_411' title='bbox 1054 3599 1164 3678; x_wconf 86' lang='lat' dir='ltr'>Populi</span> <span class='ocrx_word' id='word_1_412' title='bbox 1179 3599 1238 3660; x_wconf 88' lang='lat' dir='ltr'>sibi</span> <span class='ocrx_word' id='word_1_413' title='bbox 1253 3599 1284 3660; x_wconf 89' lang='lat' dir='ltr'>in</span> <span class='ocrx_word' id='word_1_414' title='bbox 1295 3601 1435 3662; x_wconf 91' lang='lat' dir='ltr'>animum</span> <span class='ocrx_word' id='word_1_415' title='bbox 1445 3601 1708 3666; x_wconf 85' lang='lat' dir='ltr'>induxeruntncn</span> 
     </span>
    </p>
   </div>
   <div class='ocr_carea' id='block_1_5' title="bbox 88 3683 1709 4572">
    <p class='ocr_par' dir='ltr' id='par_1_10' title="bbox 88 3683 1709 4572">
     <span class='ocr_line' id='line_1_69' title="bbox 89 3683 1708 3773; baseline 0.021 -33"><span class='ocrx_word' id='word_1_416' title='bbox 89 3683 160 3746; x_wconf 76' lang='lat' dir='ltr'>stim</span> <span class='ocrx_word' id='word_1_417' title='bbox 187 3705 255 3749; x_wconf 91' lang='lat' dir='ltr'>cum</span> <span class='ocrx_word' id='word_1_418' title='bbox 283 3689 529 3753; x_wconf 89' lang='lat' dir='ltr'>Constitutiones</span> <span class='ocrx_word' id='word_1_419' title='bbox 566 3693 641 3772; x_wconf 77' lang='lat' dir='ltr'>ipsae</span> <span class='ocrx_word' id='word_1_420' title='bbox 670 3695 860 3773; x_wconf 78' lang='lat' dir='ltr'>Apostolicre</span> <span class='ocrx_word' id='word_1_421' title='bbox 915 3701 982 3746; x_wconf 60' lang='lat'>&amp;⁸⁸0</span> <span class='ocrx_word' id='word_1_422' title='bbox 1002 3703 1112 3748; x_wconf 88' lang='lat' dir='ltr'>rursus</span> <span class='ocrx_word' id='word_1_423' title='bbox 1133 3687 1708 3772; x_wconf 62' lang='lat' dir='ltr'>ad1³⁰¹1ili⁸¹⁰i³¹11⁰⁰¹¹f¹¹iiit¹¹d¹¹¹¹¹llf⁰</span> 
     </span>
     <span class='ocr_line' id='line_1_70' title="bbox 89 3771 1709 3860; baseline 0.017 -28"><span class='ocrx_word' id='word_1_424' title='bbox 89 3782 226 3852; x_wconf 69' lang='lat' dir='ltr'>aesopum</span> <span class='ocrx_word' id='word_1_425' title='bbox 241 3791 305 3855; x_wconf 89' lang='lat' dir='ltr'>quo</span> <span class='ocrx_word' id='word_1_426' title='bbox 317 3775 451 3838; x_wconf 85' lang='lat' dir='ltr'>tendunt</span> <span class='ocrx_word' id='word_1_427' title='bbox 463 3781 572 3858; x_wconf 89' lang='lat' dir='ltr'>aperte</span> <span class='ocrx_word' id='word_1_428' title='bbox 586 3779 811 3860; x_wconf 89' lang='lat' dir='ltr'>demonstrent,</span> <span class='ocrx_word' id='word_1_429' title='bbox 828 3789 860 3844; x_wconf 84' lang='lat' dir='ltr'>et</span> <span class='ocrx_word' id='word_1_430' title='bbox 913 3771 1093 3854; x_wconf 69' lang='lat' dir='ltr'>hill¹¹⁸ffl⁰di</span> <span class='ocrx_word' id='word_1_431' title='bbox 1117 3774 1265 3838; x_wconf 66' lang='lat' dir='ltr'>s³⁰¹¹ll²l0</span> <span class='ocrx_word' id='word_1_432' title='bbox 1279 3777 1489 3856; x_wconf 61' lang='lat' dir='ltr'>impelsflssdflr</span> <span class='ocrx_word' id='word_1_433' title='bbox 1512 3779 1569 3840; x_wconf 58' lang='lat'>⁸⁶41</span> <span class='ocrx_word' id='word_1_434' title='bbox 1587 3779 1709 3858; x_wconf 68' lang='grc' dir='ltr'>Ῑ)1“Ῑοῑ“θ8</span> 
     </span>
     <span class='ocr_line' id='line_1_71' title="bbox 89 3856 1707 3952; baseline 0.004 -30"><span class='ocrx_word' id='word_1_435' title='bbox 89 3856 173 3922; x_wconf 79' lang='lat' dir='ltr'>silue</span> <span class='ocrx_word' id='word_1_436' title='bbox 189 3867 334 3943; x_wconf 88' lang='lat' dir='ltr'>prompte</span> <span class='ocrx_word' id='word_1_437' title='bbox 356 3863 447 3946; x_wconf 77' lang='lat' dir='ltr'>dirigi</span> <span class='ocrx_word' id='word_1_438' title='bbox 472 3871 575 3946; x_wconf 91' lang='lat' dir='ltr'>potest</span> <span class='ocrx_word' id='word_1_439' title='bbox 595 3870 749 3952; x_wconf 86' lang='lat' dir='ltr'>quidquid</span> <span class='ocrx_word' id='word_1_440' title='bbox 768 3871 860 3934; x_wconf 75' lang='lat' dir='ltr'>dubi.</span> <span class='ocrx_word' id='word_1_441' title='bbox 913 3863 1130 3924; x_wconf 89' lang='lat' dir='ltr'>concessiones</span> <span class='ocrx_word' id='word_1_442' title='bbox 1152 3864 1282 3944; x_wconf 78' lang='lat' dir='ltr'>singulis</span> <span class='ocrx_word' id='word_1_443' title='bbox 1297 3867 1387 3928; x_wconf 90' lang='lat' dir='ltr'>annis</span> <span class='ocrx_word' id='word_1_444' title='bbox 1402 3869 1548 3947; x_wconf 86' lang='lat' dir='ltr'>acceptas</span> <span class='ocrx_word' id='word_1_445' title='bbox 1562 3867 1707 3930; x_wconf 83' lang='lat' dir='ltr'>sufficere</span> 
     </span>
     <span class='ocr_line' id='line_1_72' title="bbox 89 3947 1709 4036; baseline 0.012 -40"><span class='ocrx_word' id='word_1_446' title='bbox 89 3947 194 4012; x_wconf 62' lang='lat' dir='ltr'>»ando</span> <span class='ocrx_word' id='word_1_447' title='bbox 214 3951 426 4015; x_wconf 62' lang='lat' dir='ltr'>interturbare</span> <span class='ocrx_word' id='word_1_448' title='bbox 444 3955 598 4020; x_wconf 64' lang='lat' dir='ltr'>videatur,</span> <span class='ocrx_word' id='word_1_449' title='bbox 624 3958 659 4020; x_wconf 76' lang='lat' dir='ltr'>ld</span> <span class='ocrx_word' id='word_1_450' title='bbox 674 3958 700 4020; x_wconf 70' lang='lat' dir='ltr'>sp</span> <span class='ocrx_word' id='word_1_451' title='bbox 715 3958 859 4022; x_wconf 88' lang='lat' dir='ltr'>animad·</span> <span class='ocrx_word' id='word_1_452' title='bbox 913 3951 947 4010; x_wconf 91' lang='lat' dir='ltr'>ut</span> <span class='ocrx_word' id='word_1_453' title='bbox 959 3948 1049 4011; x_wconf 90' lang='lat' dir='ltr'>lactis</span> <span class='ocrx_word' id='word_1_454' title='bbox 1063 3955 1095 4012; x_wconf 89' lang='lat' dir='ltr'>et</span> <span class='ocrx_word' id='word_1_455' title='bbox 1108 3969 1239 4013; x_wconf 90' lang='lat' dir='ltr'>ovorum</span> <span class='ocrx_word' id='word_1_456' title='bbox 1252 3955 1445 4018; x_wconf 86' lang='lat' dir='ltr'>consuetudo</span> <span class='ocrx_word' id='word_1_457' title='bbox 1460 3973 1518 4034; x_wconf 90' lang='lat' dir='ltr'>par</span> <span class='ocrx_word' id='word_1_458' title='bbox 1528 3955 1709 4036; x_wconf 79' lang='lat' dir='ltr'>Quadrage·</span> 
     </span>
     <span class='ocr_line' id='line_1_73' title="bbox 90 4035 1707 4128; baseline 0.014 -44"><span class='ocrx_word' id='word_1_459' title='bbox 90 4035 261 4101; x_wconf 64' lang='lat' dir='ltr'>mptiggenp</span> <span class='ocrx_word' id='word_1_460' title='bbox 274 4040 330 4120; x_wconf 73' lang='lat' dir='ltr'>qui</span> <span class='ocrx_word' id='word_1_461' title='bbox 345 4041 383 4102; x_wconf 66' lang='lat' dir='ltr'>de</span> <span class='ocrx_word' id='word_1_462' title='bbox 399 4045 544 4122; x_wconf 67' lang='lat' dir='ltr'>praesenpj</span> <span class='ocrx_word' id='word_1_463' title='bbox 556 4045 682 4125; x_wconf 65' lang='lat'>1103050</span> <span class='ocrx_word' id='word_1_464' title='bbox 696 4047 787 4128; x_wconf 63' lang='lat' dir='ltr'>plura</span> <span class='ocrx_word' id='word_1_465' title='bbox 802 4049 858 4110; x_wconf 76' lang='lat' dir='ltr'>du.</span> <span class='ocrx_word' id='word_1_466' title='bbox 912 4037 1024 4100; x_wconf 90' lang='lat' dir='ltr'>simam</span> <span class='ocrx_word' id='word_1_467' title='bbox 1053 4040 1286 4119; x_wconf 85' lang='lat' dir='ltr'>comprobetur.</span> <span class='ocrx_word' id='word_1_468' title='bbox 1317 4045 1476 4107; x_wconf 79' lang='lat' dir='ltr'>Praeterea</span> <span class='ocrx_word' id='word_1_469' title='bbox 1502 4044 1629 4106; x_wconf 88' lang='lat' dir='ltr'>maximi</span> <span class='ocrx_word' id='word_1_470' title='bbox 1659 4045 1707 4106; x_wconf 88' lang='lat' dir='ltr'>fa-</span> 
     </span>
     <span class='ocr_line' id='line_1_74' title="bbox 89 4117 1704 4200; baseline 0.015 -28"><span class='ocrx_word' id='word_1_471' title='bbox 89 4117 236 4188; x_wconf 70' lang='lat' dir='ltr'>rtim-unt</span> <span class='ocrx_word' id='word_1_472' title='bbox 257 4127 377 4190; x_wconf 72' lang='lat' dir='ltr'>nodum</span> <span class='ocrx_word' id='word_1_473' title='bbox 403 4129 461 4192; x_wconf 68' lang='lat' dir='ltr'>giht</span> <span class='ocrx_word' id='word_1_474' title='bbox 482 4133 696 4198; x_wconf 63' lang='lat' dir='ltr'>exsolvissent,</span> <span class='ocrx_word' id='word_1_475' title='bbox 727 4137 859 4200; x_wconf 62' lang='lat' dir='ltr'>Patebat</span> <span class='ocrx_word' id='word_1_476' title='bbox 912 4125 1025 4188; x_wconf 87' lang='lat' dir='ltr'>cienda</span> <span class='ocrx_word' id='word_1_477' title='bbox 1039 4145 1107 4190; x_wconf 90' lang='lat' dir='ltr'>esse</span> <span class='ocrx_word' id='word_1_478' title='bbox 1122 4129 1266 4192; x_wconf 88' lang='lat' dir='ltr'>ducimus</span> <span class='ocrx_word' id='word_1_479' title='bbox 1285 4149 1322 4194; x_wconf 89' lang='lat' dir='ltr'>ea</span> <span class='ocrx_word' id='word_1_480' title='bbox 1336 4134 1434 4196; x_wconf 91' lang='lat' dir='ltr'>verba</span> <span class='ocrx_word' id='word_1_481' title='bbox 1454 4133 1593 4196; x_wconf 86' lang='lat' dir='ltr'>Trident.</span> <span class='ocrx_word' id='word_1_482' title='bbox 1611 4135 1704 4197; x_wconf 90' lang='lat' dir='ltr'>Couc.</span> 
     </span>
     <span class='ocr_line' id='line_1_75' title="bbox 90 4212 1707 4306; baseline 0.023 -36"><span class='ocrx_word' id='word_1_483' title='bbox 90 4212 183 4295; x_wconf 68' lang='lat' dir='ltr'>renim</span> <span class='ocrx_word' id='word_1_484' title='bbox 195 4215 269 4278; x_wconf 89' lang='lat' dir='ltr'>nihil</span> <span class='ocrx_word' id='word_1_485' title='bbox 285 4217 373 4280; x_wconf 86' lang='lat' dir='ltr'>aliud</span> <span class='ocrx_word' id='word_1_486' title='bbox 387 4219 518 4282; x_wconf 89' lang='lat' dir='ltr'>nohisin</span> <span class='ocrx_word' id='word_1_487' title='bbox 532 4221 637 4284; x_wconf 89' lang='lat' dir='ltr'>animo</span> <span class='ocrx_word' id='word_1_488' title='bbox 651 4225 747 4287; x_wconf 84' lang='lat' dir='ltr'>fuisse</span> <span class='ocrx_word' id='word_1_489' title='bbox 762 4243 857 4306; x_wconf 87' lang='lat' dir='ltr'>quam</span> <span class='ocrx_word' id='word_1_490' title='bbox 912 4213 989 4276; x_wconf 66' lang='lat'><strong><em>3³⁸⁸·</em></strong></span> <span class='ocrx_word' id='word_1_491' title='bbox 1005 4219 1056 4295; x_wconf 76' lang='lat'>25,</span> <span class='ocrx_word' id='word_1_492' title='bbox 1072 4236 1097 4278; x_wconf 68' lang='grc' dir='ltr'>θ·</span> <span class='ocrx_word' id='word_1_493' title='bbox 1115 4221 1164 4295; x_wconf 67' lang='lat'>¹8,</span> <span class='ocrx_word' id='word_1_494' title='bbox 1183 4216 1220 4280; x_wconf 67' lang='lat' dir='ltr'>de</span> <span class='ocrx_word' id='word_1_495' title='bbox 1240 4219 1374 4300; x_wconf 80' lang='lat' dir='ltr'>Reform.</span> <span class='ocrx_word' id='word_1_496' title='bbox 1393 4267 1401 4282; x_wconf 93' lang='lat'><strong>·</strong></span> <span class='ocrx_word' id='word_1_497' title='bbox 1418 4221 1517 4284; x_wconf 54' lang='lat' dir='ltr'>Sillii</span> <span class='ocrx_word' id='word_1_498' title='bbox 1525 4221 1646 4304; x_wconf 57' lang='lat' dir='ltr'>Pumice</span> <span class='ocrx_word' id='word_1_499' title='bbox 1657 4241 1707 4284; x_wconf 64' lang='lat'>⁸³·</span> 
     </span>
     <span class='ocr_line' id='line_1_76' title="bbox 88 4298 1708 4394; baseline 0.02 -37"><span class='ocrx_word' id='word_1_500' title='bbox 88 4298 242 4365; x_wconf 77' lang='lat' dir='ltr'>veohibere</span> <span class='ocrx_word' id='word_1_501' title='bbox 256 4305 364 4368; x_wconf 82' lang='lat' dir='ltr'>vivida</span> <span class='ocrx_word' id='word_1_502' title='bbox 384 4309 605 4372; x_wconf 90' lang='lat' dir='ltr'>nonnullorum</span> <span class='ocrx_word' id='word_1_503' title='bbox 625 4311 857 4394; x_wconf 73' lang='lat' dir='ltr'>‘theologorum</span> <span class='ocrx_word' id='word_1_504' title='bbox 908 4300 993 4383; x_wconf 64' lang='lat' dir='ltr'>Pedii</span> <span class='ocrx_word' id='word_1_505' title='bbox 1016 4301 1106 4385; x_wconf 60' lang='lat'>[⁰9²3</span> <span class='ocrx_word' id='word_1_506' title='bbox 1127 4304 1274 4368; x_wconf 59' lang='lat' dir='ltr'>”mlum</span> <span class='ocrx_word' id='word_1_507' title='bbox 1300 4307 1473 4392; x_wconf 57' lang='lat' dir='ltr'>quamque</span> <span class='ocrx_word' id='word_1_508' title='bbox 1495 4309 1648 4380; x_wconf 57' lang='lat' dir='ltr'>temate»</span> <span class='ocrx_word' id='word_1_509' title='bbox 1673 4317 1708 4372; x_wconf 58' lang='grc' dir='ltr'><em>Ἀ</em></span> 
     </span>
     <span class='ocr_line' id='line_1_77' title="bbox 90 4383 1708 4484; baseline 0.017 -47"><span class='ocrx_word' id='word_1_510' title='bbox 90 4383 232 4470; x_wconf 59' lang='lat' dir='ltr'>fflfflfifl,</span> <span class='ocrx_word' id='word_1_511' title='bbox 248 4394 303 4474; x_wconf 75' lang='lat' dir='ltr'>qui</span> <span class='ocrx_word' id='word_1_512' title='bbox 318 4393 450 4458; x_wconf 73' lang='lat' dir='ltr'>nimium</span> <span class='ocrx_word' id='word_1_513' title='bbox 464 4397 544 4459; x_wconf 61' lang='lat' dir='ltr'>saepi</span> <span class='ocrx_word' id='word_1_514' title='bbox 556 4398 667 4479; x_wconf 63' lang='lat' dir='ltr'>jejunii</span> <span class='ocrx_word' id='word_1_515' title='bbox 684 4403 762 4463; x_wconf 66' lang='lat' dir='ltr'>fines</span> <span class='ocrx_word' id='word_1_516' title='bbox 776 4421 858 4483; x_wconf 54' lang='grc' dir='ltr'>ΡΜ.</span> <span class='ocrx_word' id='word_1_517' title='bbox 907 4388 1041 4471; x_wconf 58' lang='lat' dir='ltr'>pimini,</span> <span class='ocrx_word' id='word_1_518' title='bbox 1057 4393 1249 4457; x_wconf 64' lang='lat' dir='ltr'>evenientibus</span> <span class='ocrx_word' id='word_1_519' title='bbox 1260 4398 1374 4460; x_wconf 64' lang='lat' dir='ltr'>Cssdiblti</span> <span class='ocrx_word' id='word_1_520' title='bbox 1386 4407 1415 4460; x_wconf 69' lang='lat' dir='ltr'>di</span> <span class='ocrx_word' id='word_1_521' title='bbox 1432 4399 1642 4462; x_wconf 51' lang='lat' dir='ltr'>neceffltssii&#39;bild</span> <span class='ocrx_word' id='word_1_522' title='bbox 1648 4417 1708 4484; x_wconf 64' lang='lat' dir='ltr'>pro</span> 
     </span>
     <span class='ocr_line' id='line_1_78' title="bbox 89 4475 1707 4572; baseline 0.014 -42"><span class='ocrx_word' id='word_1_523' title='bbox 89 4475 242 4558; x_wconf 69' lang='lat' dir='ltr'>nter-gressi</span> <span class='ocrx_word' id='word_1_524' title='bbox 261 4485 294 4545; x_wconf 71' lang='lat' dir='ltr'>et</span> <span class='ocrx_word' id='word_1_525' title='bbox 312 4499 374 4545; x_wconf 90' lang='lat' dir='ltr'>non</span> <span class='ocrx_word' id='word_1_526' title='bbox 397 4502 510 4564; x_wconf 61' lang='lat' dir='ltr'>pamm</span> <span class='ocrx_word' id='word_1_527' title='bbox 529 4487 614 4550; x_wconf 71' lang='lat' dir='ltr'>obliti</span> <span class='ocrx_word' id='word_1_528' title='bbox 635 4489 712 4551; x_wconf 75' lang='lat' dir='ltr'>illud</span> <span class='ocrx_word' id='word_1_529' title='bbox 728 4491 768 4552; x_wconf 65' lang='lat' dir='ltr'>ad</span> <span class='ocrx_word' id='word_1_530' title='bbox 783 4490 857 4552; x_wconf 69' lang='lat' dir='ltr'>peti.</span> <span class='ocrx_word' id='word_1_531' title='bbox 911 4481 1061 4543; x_wconf 81' lang='lat' dir='ltr'>communi</span> <span class='ocrx_word' id='word_1_532' title='bbox 1083 4483 1212 4545; x_wconf 81' lang='lat' dir='ltr'>utilitate</span> <span class='ocrx_word' id='word_1_533' title='bbox 1230 4485 1379 4569; x_wconf 60' lang='lat' dir='ltr'>satisfiat·</span> <span class='ocrx_word' id='word_1_534' title='bbox 1400 4489 1438 4550; x_wconf 81' lang='lat' dir='ltr'>sit</span> <span class='ocrx_word' id='word_1_535' title='bbox 1452 4487 1634 4572; x_wconf 72' lang='lat' dir='ltr'>frequentius</span> <span class='ocrx_word' id='word_1_536' title='bbox 1652 4488 1707 4552; x_wconf 86' lang='lat' dir='ltr'>Le·</span> 
     </span>
    </p>
   </div>
   <div class='ocr_carea' id='block_1_6' title="bbox 64 4565 1707 4751">
    <p class='ocr_par' dir='ltr' id='par_1_11' title="bbox 64 4565 1707 4751">
     <span class='ocr_line' id='line_1_79' title="bbox 88 4565 1707 4659; baseline 0.023 -33"><span class='ocrx_word' id='word_1_537' title='bbox 88 4565 235 4629; x_wconf 71' lang='lat' dir='ltr'>vandum</span> <span class='ocrx_word' id='word_1_538' title='bbox 255 4570 289 4631; x_wconf 91' lang='lat' dir='ltr'>in</span> <span class='ocrx_word' id='word_1_539' title='bbox 314 4571 415 4634; x_wconf 81' lang='lat' dir='ltr'>allicio</span> <span class='ocrx_word' id='word_1_540' title='bbox 430 4591 544 4654; x_wconf 89' lang='lat' dir='ltr'>corpus</span> <span class='ocrx_word' id='word_1_541' title='bbox 565 4575 713 4639; x_wconf 92' lang='lat' dir='ltr'>divinitus</span> <span class='ocrx_word' id='word_1_542' title='bbox 734 4577 857 4640; x_wconf 88' lang='lat' dir='ltr'>institu-</span> <span class='ocrx_word' id='word_1_543' title='bbox 909 4567 1101 4648; x_wconf 46' lang='lat' dir='ltr'>temam</span> <span class='ocrx_word' id='word_1_544' title='bbox 1114 4571 1410 4656; x_wconf 59' lang='lat' dir='ltr'>‘l&#39;elill’l‘lliiel²⁰¹f²¹i</span> <span class='ocrx_word' id='word_1_545' title='bbox 1423 4587 1707 4659; x_wconf 54' lang='lat' dir='ltr'>tummim</span> 
     </span>
     <span class='ocr_line' id='line_1_80' title="bbox 64 4643 1703 4751; baseline 0.016 -48"><span class='ocrx_word' id='word_1_546' title='bbox 64 4667 72 4751; x_wconf 78' lang='lat' dir='ltr'>p</span> <span class='ocrx_word' id='word_1_547' title='bbox 90 4643 169 4704; x_wconf 78' lang='lat' dir='ltr'>run</span> <span class='ocrx_word' id='word_1_548' title='bbox 181 4646 257 4710; x_wconf 88' lang='lat' dir='ltr'>hosti</span> <span class='ocrx_word' id='word_1_549' title='bbox 273 4651 348 4712; x_wconf 89' lang='lat' dir='ltr'>huic</span> <span class='ocrx_word' id='word_1_550' title='bbox 362 4652 488 4730; x_wconf 90' lang='lat' dir='ltr'>spiritus</span> <span class='ocrx_word' id='word_1_551' title='bbox 498 4655 706 4719; x_wconf 88' lang='lat' dir='ltr'>infensissima</span> <span class='ocrx_word' id='word_1_552' title='bbox 717 4659 857 4721; x_wconf 88' lang='lat' dir='ltr'>blandie-</span> <span class='ocrx_word' id='word_1_553' title='bbox 911 4675 1018 4719; x_wconf 82' lang='lat' dir='ltr'>aarum</span> <span class='ocrx_word' id='word_1_554' title='bbox 1038 4677 1193 4742; x_wconf 82' lang='lat' dir='ltr'>rerumque</span> <span class='ocrx_word' id='word_1_555' title='bbox 1209 4661 1338 4733; x_wconf 83' lang='lat' dir='ltr'>delecto,</span> <span class='ocrx_word' id='word_1_556' title='bbox 1365 4665 1524 4746; x_wconf 80' lang='lat' dir='ltr'>petentibus</span> <span class='ocrx_word' id='word_1_557' title='bbox 1541 4664 1703 4747; x_wconf 78' lang='lat' dir='ltr'>iadalpere,</span> 
     </span>
    </p>
   </div>
   <div class='ocr_carea' id='block_1_7' title="bbox 89 4725 1706 4922">
    <p class='ocr_par' dir='ltr' id='par_1_12' title="bbox 89 4725 1706 4922">
     <span class='ocr_line' id='line_1_81' title="bbox 89 4725 1706 4837; baseline 0.014 -42"><span class='ocrx_word' id='word_1_558' title='bbox 89 4725 221 4828; x_wconf 47' lang='lat' dir='ltr'>*boma</span> <span class='ocrx_word' id='word_1_559' title='bbox 237 4736 351 4800; x_wconf 84' lang='lat' dir='ltr'>Statim</span> <span class='ocrx_word' id='word_1_560' title='bbox 364 4738 518 4819; x_wconf 78' lang='lat' dir='ltr'>siqrridam</span> <span class='ocrx_word' id='word_1_561' title='bbox 534 4745 759 4823; x_wconf 88' lang='lat' dir='ltr'>comperissent</span> <span class='ocrx_word' id='word_1_562' title='bbox 781 4747 857 4827; x_wconf 89' lang='lat' dir='ltr'>quid</span> <span class='ocrx_word' id='word_1_563' title='bbox 910 4745 957 4807; x_wconf 84' lang='lat' dir='ltr'>nil</span> <span class='ocrx_word' id='word_1_564' title='bbox 966 4746 1054 4808; x_wconf 82' lang='lat' dir='ltr'>aliod</span> <span class='ocrx_word' id='word_1_565' title='bbox 1065 4757 1104 4810; x_wconf 84' lang='lat' dir='ltr'>eat</span> <span class='ocrx_word' id='word_1_566' title='bbox 1115 4769 1205 4832; x_wconf 83' lang='lat' dir='ltr'>qaam</span> <span class='ocrx_word' id='word_1_567' title='bbox 1219 4753 1378 4836; x_wconf 71' lang='lat' dir='ltr'>unicuiqae</span> <span class='ocrx_word' id='word_1_568' title='bbox 1391 4753 1433 4818; x_wconf 85' lang='lat' dir='ltr'>od</span> <span class='ocrx_word' id='word_1_569' title='bbox 1447 4753 1537 4836; x_wconf 77' lang='lat' dir='ltr'>Lepas</span> <span class='ocrx_word' id='word_1_570' title='bbox 1559 4763 1706 4837; x_wconf 72' lang='lat' dir='ltr'>transpec-</span> 
     </span>
     <span class='ocr_line' id='line_1_82' title="bbox 90 4825 1298 4922; baseline 0.026 -50"><span class='ocrx_word' id='word_1_571' title='bbox 90 4825 323 4902; x_wconf 78' lang='lat' dir='ltr'>suprapositis</span> <span class='ocrx_word' id='word_1_572' title='bbox 351 4828 576 4906; x_wconf 73' lang='lat' dir='ltr'>questionibus</span> <span class='ocrx_word' id='word_1_573' title='bbox 604 4832 856 4898; x_wconf 89' lang='lat' dir='ltr'>constituendum</span> <span class='ocrx_word' id='word_1_574' title='bbox 910 4834 1032 4896; x_wconf 82' lang='lat' dir='ltr'>dieadaa</span> <span class='ocrx_word' id='word_1_575' title='bbox 1046 4836 1159 4899; x_wconf 83' lang='lat' dir='ltr'>aditam</span> <span class='ocrx_word' id='word_1_576' title='bbox 1173 4841 1298 4922; x_wconf 83' lang='lat' dir='ltr'>aperire.</span> 
     </span>
    </p>
   </div>
   <div class='ocr_carea' id='block_1_8' title="bbox 90 4911 856 5002">
    <p class='ocr_par' dir='ltr' id='par_1_13' title="bbox 90 4911 856 5002">
     <span class='ocr_line' id='line_1_83' title="bbox 90 4911 856 5002; baseline 0.021 -31"><span class='ocrx_word' id='word_1_577' title='bbox 90 4911 195 4985; x_wconf 68' lang='lat' dir='ltr'>tuat,</span> <span class='ocrx_word' id='word_1_578' title='bbox 211 4929 268 4974; x_wconf 88' lang='lat' dir='ltr'>nec</span> <span class='ocrx_word' id='word_1_579' title='bbox 282 4913 341 4975; x_wconf 87' lang='lat' dir='ltr'>sibi</span> <span class='ocrx_word' id='word_1_580' title='bbox 356 4915 531 4979; x_wconf 89' lang='lat' dir='ltr'>molestiam</span> <span class='ocrx_word' id='word_1_581' title='bbox 552 4920 781 5002; x_wconf 86' lang='lat' dir='ltr'>exhibuissent,</span> <span class='ocrx_word' id='word_1_582' title='bbox 797 4943 856 4987; x_wconf 90' lang='lat' dir='ltr'>nec</span> 
     </span>
    </p>
   </div>
   <div class='ocr_carea' id='block_1_9' title="bbox 951 4921 1705 5013">
    <p class='ocr_par' dir='ltr' id='par_1_14' title="bbox 951 4921 1705 5013">
     <span class='ocr_line' id='line_1_84' title="bbox 951 4921 1705 5013; baseline 0.02 -32"><span class='ocrx_word' id='word_1_583' title='bbox 951 4945 965 4983; x_wconf 85' lang='lat' dir='ltr'>a</span> <span class='ocrx_word' id='word_1_584' title='bbox 987 4921 1020 4983; x_wconf 92' lang='lat' dir='ltr'>ln</span> <span class='ocrx_word' id='word_1_585' title='bbox 1035 4925 1159 4988; x_wconf 87' lang='lat' dir='ltr'>Litteris</span> <span class='ocrx_word' id='word_1_586' title='bbox 1174 4931 1294 4992; x_wconf 87' lang='lat' dir='ltr'>Nostris</span> <span class='ocrx_word' id='word_1_587' title='bbox 1313 4931 1517 5011; x_wconf 74' lang='lat' dir='ltr'>apostolicis,</span> <span class='ocrx_word' id='word_1_588' title='bbox 1535 4951 1612 5013; x_wconf 87' lang='lat' dir='ltr'>quas</span> <span class='ocrx_word' id='word_1_589' title='bbox 1627 4951 1705 4998; x_wconf 80' lang='lat' dir='ltr'>anco</span> 
     </span>
    </p>
   </div>
   <div class='ocr_carea' id='block_1_10' title="bbox 90 4991 1703 5538">
    <p class='ocr_par' dir='ltr' id='par_1_15' title="bbox 90 4991 1703 5538">
     <span class='ocr_line' id='line_1_85' title="bbox 90 4991 1701 5100; baseline 0.022 -51"><span class='ocrx_word' id='word_1_590' title='bbox 90 4991 214 5075; x_wconf 75' lang='lat' dir='ltr'>thebis,</span> <span class='ocrx_word' id='word_1_591' title='bbox 237 5019 318 5081; x_wconf 85' lang='lat' dir='ltr'>quos</span> <span class='ocrx_word' id='word_1_592' title='bbox 339 5003 532 5082; x_wconf 80' lang='lat' dir='ltr'>gravissimae</span> <span class='ocrx_word' id='word_1_593' title='bbox 554 5009 694 5091; x_wconf 87' lang='lat' dir='ltr'>undique</span> <span class='ocrx_word' id='word_1_594' title='bbox 722 5012 857 5076; x_wconf 88' lang='lat' dir='ltr'>circum·</span> <span class='ocrx_word' id='word_1_595' title='bbox 911 5015 984 5074; x_wconf 75' lang='lat' dir='ltr'>latr</span> <span class='ocrx_word' id='word_1_596' title='bbox 1003 5012 1162 5076; x_wconf 90' lang='lat' dir='ltr'>adomnes</span> <span class='ocrx_word' id='word_1_597' title='bbox 1176 5017 1352 5081; x_wconf 81' lang='lat' dir='ltr'>Catholicae</span> <span class='ocrx_word' id='word_1_598' title='bbox 1366 5020 1536 5100; x_wconf 83' lang='lat' dir='ltr'>Episcopos</span> <span class='ocrx_word' id='word_1_599' title='bbox 1546 5020 1701 5100; x_wconf 91' lang='lat' dir='ltr'>dedimus,</span> 
     </span>
     <span class='ocr_line' id='line_1_86' title="bbox 90 5074 1703 5190; baseline 0.023 -54"><span class='ocrx_word' id='word_1_600' title='bbox 90 5074 185 5138; x_wconf 67' lang='lat' dir='ltr'>eunt</span> <span class='ocrx_word' id='word_1_601' title='bbox 201 5095 302 5158; x_wconf 76' lang='lat' dir='ltr'>aare,</span> <span class='ocrx_word' id='word_1_602' title='bbox 327 5100 390 5145; x_wconf 89' lang='lat' dir='ltr'>non</span> <span class='ocrx_word' id='word_1_603' title='bbox 411 5102 523 5163; x_wconf 89' lang='lat' dir='ltr'>parum</span> <span class='ocrx_word' id='word_1_604' title='bbox 543 5090 693 5169; x_wconf 86' lang='lat' dir='ltr'>temporis</span> <span class='ocrx_word' id='word_1_605' title='bbox 707 5110 855 5174; x_wconf 88' lang='lat' dir='ltr'>occupas·</span> <span class='ocrx_word' id='word_1_606' title='bbox 909 5099 982 5161; x_wconf 89' lang='lat' dir='ltr'>huic</span> <span class='ocrx_word' id='word_1_607' title='bbox 1005 5104 1190 5182; x_wconf 76' lang='lat' dir='ltr'>corruptelae</span> <span class='ocrx_word' id='word_1_608' title='bbox 1211 5105 1308 5168; x_wconf 86' lang='lat' dir='ltr'>vitam</span> <span class='ocrx_word' id='word_1_609' title='bbox 1336 5109 1529 5188; x_wconf 83' lang='lat' dir='ltr'>praecludere</span> <span class='ocrx_word' id='word_1_610' title='bbox 1556 5111 1703 5190; x_wconf 85' lang='lat' dir='ltr'>cogitavi-</span> 
     </span>
     <span class='ocr_line' id='line_1_87' title="bbox 91 5167 1703 5278; baseline 0.024 -54"><span class='ocrx_word' id='word_1_611' title='bbox 91 5167 188 5242; x_wconf 64' lang='grc' dir='ltr'>Μή,</span> <span class='ocrx_word' id='word_1_612' title='bbox 208 5170 291 5247; x_wconf 77' lang='lat' dir='ltr'>quod</span> <span class='ocrx_word' id='word_1_613' title='bbox 314 5174 421 5233; x_wconf 80' lang='lat' dir='ltr'>tamen</span> <span class='ocrx_word' id='word_1_614' title='bbox 443 5191 501 5276; x_wconf 81' lang='lat' dir='ltr'>pro</span> <span class='ocrx_word' id='word_1_615' title='bbox 524 5175 673 5258; x_wconf 78' lang='lat' dir='ltr'>singnrlari</span> <span class='ocrx_word' id='word_1_616' title='bbox 698 5187 803 5245; x_wconf 89' lang='lat' dir='ltr'>nostro</span> <span class='ocrx_word' id='word_1_617' title='bbox 823 5183 855 5245; x_wconf 91' lang='lat' dir='ltr'>in</span> <span class='ocrx_word' id='word_1_618' title='bbox 909 5207 980 5250; x_wconf 91' lang='lat' dir='ltr'>mus</span> <span class='ocrx_word' id='word_1_619' title='bbox 995 5207 1033 5250; x_wconf 88' lang='lat' dir='ltr'>ea</span> <span class='ocrx_word' id='word_1_620' title='bbox 1046 5192 1167 5253; x_wconf 87' lang='lat' dir='ltr'>ratione</span> <span class='ocrx_word' id='word_1_621' title='bbox 1182 5193 1306 5276; x_wconf 89' lang='lat' dir='ltr'>illisque</span> <span class='ocrx_word' id='word_1_622' title='bbox 1321 5197 1637 5278; x_wconf 76' lang='lat' dir='ltr'>verbisquaerursum</span> <span class='ocrx_word' id='word_1_623' title='bbox 1652 5199 1703 5264; x_wconf 89' lang='lat' dir='ltr'>hic</span> 
     </span>
     <span class='ocr_line' id='line_1_88' title="bbox 92 5253 1703 5364; baseline 0.02 -47"><span class='ocrx_word' id='word_1_624' title='bbox 92 5253 233 5353; x_wconf 53' lang='lat' dir='ltr'>&#39;Cultam</span> <span class='ocrx_word' id='word_1_625' title='bbox 246 5261 374 5360; x_wconf 75' lang='lat' dir='ltr'>geptmn</span> <span class='ocrx_word' id='word_1_626' title='bbox 385 5262 503 5341; x_wconf 76' lang='lat' dir='ltr'>studio,</span> <span class='ocrx_word' id='word_1_627' title='bbox 520 5269 617 5347; x_wconf 82' lang='lat' dir='ltr'>atque</span> <span class='ocrx_word' id='word_1_628' title='bbox 635 5285 743 5332; x_wconf 90' lang='lat' dir='ltr'>amore</span> <span class='ocrx_word' id='word_1_629' title='bbox 758 5270 855 5333; x_wconf 90' lang='lat' dir='ltr'>liben-</span> <span class='ocrx_word' id='word_1_630' title='bbox 909 5275 1108 5357; x_wconf 86' lang='lat' dir='ltr'>subjicimus:</span> <span class='ocrx_word' id='word_1_631' title='bbox 1127 5281 1703 5364; x_wconf 76' lang='lat' dir='ltr'>‹thebitumigitorPaterneeuniuscu-</span> 
     </span>
     <span class='ocr_line' id='line_1_89' title="bbox 92 5333 1703 5450; baseline 0.027 -52"><span class='ocrx_word' id='word_1_632' title='bbox 92 5333 157 5398; x_wconf 56' lang='grc' dir='ltr'>νὴ</span> <span class='ocrx_word' id='word_1_633' title='bbox 167 5346 370 5450; x_wconf 75' lang='lat' dir='ltr'>mpendpmus</span> <span class='ocrx_word' id='word_1_634' title='bbox 384 5349 425 5409; x_wconf 91' lang='lat' dir='ltr'>ad</span> <span class='ocrx_word' id='word_1_635' title='bbox 439 5355 560 5416; x_wconf 85' lang='lat' dir='ltr'>rectum</span> <span class='ocrx_word' id='word_1_636' title='bbox 574 5355 734 5420; x_wconf 84' lang='lat' dir='ltr'>vobisiter</span> <span class='ocrx_word' id='word_1_637' title='bbox 747 5377 856 5423; x_wconf 82' lang='lat' dir='ltr'>mons·</span> <span class='ocrx_word' id='word_1_638' title='bbox 908 5387 923 5425; x_wconf 87' lang='lat' dir='ltr'>n</span> <span class='ocrx_word' id='word_1_639' title='bbox 938 5365 1053 5446; x_wconf 86' lang='lat' dir='ltr'>jusque</span> <span class='ocrx_word' id='word_1_640' title='bbox 1076 5372 1215 5431; x_wconf 89' lang='lat' dir='ltr'>vestrum</span> <span class='ocrx_word' id='word_1_641' title='bbox 1233 5373 1409 5436; x_wconf 85' lang='lat' dir='ltr'>sedulitatis</span> <span class='ocrx_word' id='word_1_642' title='bbox 1429 5378 1460 5437; x_wconf 89' lang='lat' dir='ltr'>et</span> <span class='ocrx_word' id='word_1_643' title='bbox 1482 5374 1620 5438; x_wconf 87' lang='lat' dir='ltr'>caritatis</span> <span class='ocrx_word' id='word_1_644' title='bbox 1635 5377 1703 5441; x_wconf 84' lang='lat' dir='ltr'>otil-</span> 
     </span>
     <span class='ocr_line' id='line_1_90' title="bbox 93 5421 1702 5538; baseline 0.024 -49"><span class='ocrx_word' id='word_1_645' title='bbox 93 5421 260 5512; x_wconf 68' lang='lat' dir='ltr'>smmum,</span> <span class='ocrx_word' id='word_1_646' title='bbox 286 5455 319 5498; x_wconf 89' lang='lat' dir='ltr'>m</span> <span class='ocrx_word' id='word_1_647' title='bbox 343 5440 503 5517; x_wconf 86' lang='lat' dir='ltr'>posterum</span> <span class='ocrx_word' id='word_1_648' title='bbox 525 5442 617 5506; x_wconf 87' lang='lat' dir='ltr'>simul</span> <span class='ocrx_word' id='word_1_649' title='bbox 640 5453 855 5526; x_wconf 73' lang='lat' dir='ltr'>precaventes</span> <span class='ocrx_word' id='word_1_650' title='bbox 908 5453 1109 5537; x_wconf 80' lang='lat' dir='ltr'>aciumjure</span> <span class='ocrx_word' id='word_1_651' title='bbox 1123 5460 1271 5538; x_wconf 87' lang='lat' dir='ltr'>postulat,</span> <span class='ocrx_word' id='word_1_652' title='bbox 1284 5465 1319 5524; x_wconf 91' lang='lat' dir='ltr'>ut</span> <span class='ocrx_word' id='word_1_653' title='bbox 1333 5463 1702 5534; x_wconf 85' lang='lat' dir='ltr'>omnibusnotumiacia-</span> 
     </span>
    </p>
   </div>
   <div class='ocr_carea' id='block_1_11' title="bbox 95 5519 1700 5632">
    <p class='ocr_par' dir='ltr' id='par_1_16' title="bbox 95 5519 1700 5632">
     <span class='ocr_line' id='line_1_91' title="bbox 95 5519 1700 5632; baseline 0.018 -43"><span class='ocrx_word' id='word_1_654' title='bbox 95 5519 292 5590; x_wconf 69' lang='lat' dir='ltr'>&#39;ltomodein</span> <span class='ocrx_word' id='word_1_655' title='bbox 304 5524 484 5610; x_wconf 81' lang='lat' dir='ltr'>hujusmodi</span> <span class='ocrx_word' id='word_1_656' title='bbox 494 5531 718 5612; x_wconf 81' lang='lat' dir='ltr'>questionibus</span> <span class='ocrx_word' id='word_1_657' title='bbox 727 5537 853 5602; x_wconf 83' lang='lat' dir='ltr'>firmare</span> <span class='ocrx_word' id='word_1_658' title='bbox 911 5561 926 5598; x_wconf 84' lang='lat' dir='ltr'>n</span> <span class='ocrx_word' id='word_1_659' title='bbox 945 5539 984 5604; x_wconf 89' lang='lat' dir='ltr'>tis</span> <span class='ocrx_word' id='word_1_660' title='bbox 999 5548 1031 5605; x_wconf 89' lang='lat' dir='ltr'>et</span> <span class='ocrx_word' id='word_1_661' title='bbox 1044 5545 1252 5626; x_wconf 88' lang='lat' dir='ltr'>annuntietis,</span> <span class='ocrx_word' id='word_1_662' title='bbox 1268 5549 1385 5614; x_wconf 90' lang='lat' dir='ltr'>nemini</span> <span class='ocrx_word' id='word_1_663' title='bbox 1405 5549 1532 5632; x_wconf 82' lang='lat' dir='ltr'>quidem</span> <span class='ocrx_word' id='word_1_664' title='bbox 1546 5551 1613 5613; x_wconf 87' lang='lat' dir='ltr'>sine</span> <span class='ocrx_word' id='word_1_665' title='bbox 1626 5550 1700 5631; x_wconf 66' lang='lat' dir='ltr'>legis</span> 
     </span>
    </p>
   </div>
   <div class='ocr_carea' id='block_1_12' title="bbox 64 5789 67 5982">
    <p class='ocr_par' dir='ltr' id='par_1_17' title="bbox 64 5789 67 5982">
     <span class='ocr_line' id='line_1_92' title="bbox 64 5789 67 5982; baseline 0 0"><span class='ocrx_word' id='word_1_666' title='bbox 64 5789 67 5982; x_wconf 84' lang='lat' dir='ltr'>l</span> 
     </span>
    </p>
   </div>
   <div class='ocr_carea' id='block_1_13' title="bbox 64 5987 98 6314">
    <p class='ocr_par' dir='ltr' id='par_1_18' title="bbox 64 5987 98 6314">
     <span class='ocr_line' id='line_1_93' title="bbox 64 5987 98 6314; baseline 0 0"><span class='ocrx_word' id='word_1_667' title='bbox 64 5987 98 6314; x_wconf 89' lang='lat' dir='ltr'>l</span> 
     </span>
    </p>
   </div>
   <div class='ocr_carea' id='block_1_14' title="bbox 0 0 2088 6342">
    <p class='ocr_par' dir='ltr' id='par_1_19' title="bbox 0 0 2088 6342">
     <span class='ocr_line' id='line_1_94' title="bbox 0 0 2088 6342; baseline 0 0"><span class='ocrx_word' id='word_1_668' title='bbox 0 0 2088 6342; x_wconf 95' lang='lat' dir='ltr'> </span> 
     </span>
    </p>
   </div>
  </div>
 </body>
</html>
