3998 6344
609 585 660 648 uu
683 578 900 648 PuAEcu'P'iss
922 585 1090 648 OCTAVO.
1610 583 1669 650 385

40 764 142 845 bium,
165 771 197 829 ει
219 785 280 847 ego
302 765 420 847 possim
443 767 511 830 aine
534 767 734 834 incommodo
758 773 817 834 sal·
910 771 977 850 §a
1003 769 1078 832 'fale
1101 768 1214 830 falsum
1238 767 1358 830 crimen
1382 769 1545 848 imponere
1565 770 1668 834 detra·
1698 789 1756 838 raia

42 875 102 918 aare
121 857 235 918 famam
261 856 341 933 Gaii,
365 855 596 921 manifestando
618 859 819 924 mendacium
880 860 978 937 henli,
996 862 1046 921 est
1058 858 1089 919 in
1104 857 1216 938 primis
1230 862 1341 920 contra
1350 857 1506 937 justitiam
1520 859 1673 940 legalem,

14 935 17 976 ³
41 943 110 1020 litii,
125 960 185 1003 non
199 941 345 1020 detraho,
362 943 388 1004 ai
401 943 612 1014 manifestem,
630 945 704 1026 quia
727 948 821 1010 Gaius
879 949 955 1032 quia
969 952 1017 1011 εει
1030 952 1140 1009 contra
1152 946 1216 1026 jus,
1234 965 1296 1026 quo
1312 946 1447 1026 Respub.
1479 945 1598 1027 obligat
1612 947 1675 1010 siu-

40 1031 137 1093 retiuet
145 1029 198 1110 jus
212 1029 255 1092 ad
268 1029 398 1108 famam,
415 1037 448 1094 et
461 1030 513 1094 isti
523 1030 587 1111 juri
603 1037 820 1100 conservando
877 1039 968 1118 gulos
983 1035 1042 1098 sibi
1058 1035 1211 1110 subditos,
1228 1053 1267 1095 ue
1283 1034 1428 1096 iudicem
1444 1054 1509 1096 ase
1525 1036 1676 1100 constitu·-

39 1119 109 1180 lieila
122 1135 275 1197 comparor
290 1137 297 1180 :
315 1117 378 1179 imo
391 1120 479 1198 Lugo
494 1117 524 1180 d.
541 1122 591 1197 lo,
614 1139 645 1183 n.
668 1124 740 1198 ιιι,
765 1121 822 1184 do·
877 1130 945 1188 tum
959 1123 1163 1202 decipientia
1180 1121 1228 1199 iis,
1245 1140 1314 1202 quae
1330 1122 1371 1184 ad
1387 1123 1547 1200 publicam
1562 1128 1594 1186 et
1607 1142 1676 1186 rec-

41 1213 83 1270 eet
101 1225 148 1268 me
171 1225 209 1268 ax
233 1207 364 1270 caritate
388 1207 428 1268 ad
453 1207 514 1270 hoc
537 1209 655 1286 teneri,
681 1209 772 1272 sicuti
796 1209 821 1272 si
876 1219 942 1276 tam
956 1211 1219 1293 gubernationem
1233 1213 1389 1290 spectant,
1406 1211 1684 1292 sicquciuducaut

40 1313 147 1376 possem
167 1295 240 1356 sine
259 1295 472 1373 incommodo,
493 1301 619 1360 tenerm·
641 1297 698 1361 tibi
720 1299 822 1361 maai·
877 1302 919 1363 ad
939 1298 1136 1381 puniendum
1163 1299 1300 1380 aliquem
1325 1300 1366 1362 ob
1396 1299 1515 1362 crimen
1547 1302 1672 1365 falsum.

41 1385 137 1446 feriare
161 1384 282 1462 furem,
308 1403 347 1446 nc
373 1404 441 1446 ram
463 1390 552 1448 tuam
574 1389 688 1467 pergat
709 1385 822 1468 injuste
877 1389 996 1452 Deinde
1012 1390 1109 1452 etiam
1124 1391 1172 1450 est
1185 1393 1295 1450 contra
1305 1387 1460 1467 justitiam
1475 1389 1676 1451 commutati·

41 1472 167 1534 nlicere.
185 1471 266 1535 Vide
280 1478 387 1534 tamen
401 1473 487 1536 diota
500 1475 521 1536 l.
538 1479 569 1552 ι,
584 1493 616 1538 n.
634 1478 703 1538 ιιι).
876 1495 962 1554 vam,
987 1477 1053 1540 sive
1078 1477 1135 1538 liat
1153 1476 1199 1553 in,
1222 1475 1288 1536 sive
1309 1480 1397 1536 extra
1420 1474 1574 1554 judicium
1592 1521 1600 1552 ,
1628 1476 1673 1540 ita

72 1559 152 1632 Quod
164 1560 314 1622 Busemb.
331 1561 362 1622 in
376 1562 441 1622 flue
455 1561 532 1625 dicit
555 1563 595 1624 de
616 1563 669 1624 illo
695 1563 748 1645 qui
763 1561 822 1625 sibi
878 1565 969 1628 Gard.
987 1569 1019 1628 ot
1033 1565 1085 1626 alii
1100 1567 1212 1626 eontra
1229 1566 1316 1642 Lugo
1341 1566 1373 1626 ει
1395 1563 1484 1626 alios.
1510 1564 1602 1626 Ratio
1626 1568 1675 1627 est

41 1647 270 1710 iabumcrimen
285 1649 429 1727 imponit,
449 1648 492 1712 ob
506 1650 591 1731 quod
616 1654 716 1714 morte
738 1651 824 1730 pleo·
878 1653 953 1734 quia
967 1653 1100 1732 quisque
1115 1651 1211 1714 habet
1225 1651 1278 1732 jus
1301 1670 1340 1712 ne
1362 1668 1382 1712 a
1401 1651 1525 1731 privato
1549 1652 1675 1714 occida-

42 1739 119 1813 tetur,
133 1736 218 1816 quod
234 1754 351 1816 nempe
373 1756 437 1800 non
456 1743 567 1817 peccet
588 1741 739 1819 graviter,
765 1758 824 1802 nec
877 1745 940 1808 tur,
967 1738 1052 1819 quod
1076 1744 1248 1817 utrumque
1270 1736 1323 1816 jus
1346 1756 1408 1798 non
1433 1737 1597 1815 amittitur,
1614 1738 1674 1798 uisi

43 1831 189 1886 amentur
203 1825 346 1903 seipsum
360 1824 516 1905 occidere,
539 1827 578 1890 de
600 1826 661 1890 hoo
682 1831 824 1890 recurret
878 1827 932 1889 ubi
948 1833 996 1890 est
1014 1824 1154 1888 defensio
1179 1842 1252 1885 cum
1270 1824 1486 1886 moderamine
1507 1827 1675 1904 inculpatae

14 1955 16 1980 .
43 1912 140 1974 mentio
156 1910 178 1973 l.
193 1916 225 1990 l,
243 1931 326 1976 nam.
342 1917 412 1976 523.
877 1913 994 1989 tutelae,
1024 1911 1126 1992 qualis
1153 1913 1221 1972 turn
1249 1913 1372 1973 tantum
1400 1917 1458 1988 est,
1486 1911 1511 1972 si
1535 1912 1676 1974 medium

14 1991 28 2086 't
74 1998 173 2073 Onesi.
189 2004 262 2064 220.
288 2037 329 2050 -
347 2001 394 2063 An
407 2003 447 2065 sil
462 2001 579 2066 licitum
593 2014 778 2086 repercutere
791 2003 824 2064 in
878 2002 963 2084 quod
981 2000 1112 2063 adhibes
1126 1998 1168 2060 ad
1181 2001 1212 2061 ιε
1227 1997 1461 2060 defendendum
1484 1999 1525 2062 sit
1547 2000 1675 2062 unicum

14 2087 16 2158 l
44 2087 167 2169 tanoni
180 2088 300 2159 limae,
317 2089 353 2150 id
364 2091 563 2172 ertinfonnare
578 2093 625 2154 ael
643 2091 825 2154 inhonorare
880 2095 912 2152 et
932 2095 1019 2152 certo
1043 2087 1163 2164 efficax,
1193 2085 1279 2166 quod
1304 2085 1355 2147 hic
1379 2105 1441 2148 non
1465 2091 1523 2148 est.
1553 2087 1674 2150 Deinde

14 2173 191 2258 lnanaqao
204 2179 273 2259 quis
285 2179 395 2258 injuste
408 2179 569 2261 infamatio
591 2181 640 2242 eet
661 2180 825 2242 inbonora-
878 2177 947 2238 haec
961 2175 1101 2238 defensio
1127 2178 1175 2236 εει
1199 2175 1230 2235 iu
1245 2174 1418 2254 pernicicm
1441 2180 1473 2234 et
1500 2181 1609 2238 contra
1620 2176 1675 2257 jus

14 2265 16 2320 i
45 2271 150 2326 laea?
163 2268 200 2326 ll.
217 2266 236 2345 §
251 2272 285 2330 l.
303 2267 516 2330 Communiter
540 2285 603 2330 non
625 2271 674 2328 εει
690 2267 822 2345 licitum,
878 2262 1095 2343 Reipublicae:
1125 2279 1201 2340 ergo
1225 2267 1273 2322 εει
1292 2261 1425 2324 illicita:
1450 2281 1525 2342 ergo
1542 2282 1603 2324 non
1618 2282 1677 2343 po-

45 2353 419 2432 quiacommuuiterhoc
442 2360 574 2418 nonest
596 2355 736 2418 medium
754 2355 825 2419 uni·
878 2357 940 2415 test
965 2351 1026 2412 dici
1050 2369 1118 2412 esse
1143 2347 1283 2411 defensio
1305 2366 1377 2410 oum
1396 2349 1676 2424 moderaminein-
1743 2383 1749 2394 ·

14 2477 15 2480 =
45 2458 112 2519 cnm,
133 2443 182 2503 vel
203 2447 292 2504 carto
316 2443 428 2506 efficax
451 2444 493 2506 ad
515 2442 764 2524 recuperandam
778 2445 825 2506 fa·
879 2441 1012 2518 culpata
1025 2436 1318 2515 tutelae,haecenim
1328 2436 1479 2498 estlicitr.
1494 2437 1672 2518 Necobstat,

46 2545 117 2590 mam
130 2535 182 2592 aul
195 2530 363 2606 honorem,
379 2532 422 2594 uti
446 2535 530 2594 recte
553 2533 668 2612 probat
682 2533 773 2596 card.
791 2534 825 2594 in
879 2525 964 2608 quod
978 2524 1048 2587 talis
1062 2523 1226 2586 infamatio
1241 2541 1304 2584 nou
1323 2523 1364 2584 sit
1386 2528 1496 2608 contra
1506 2525 1672 2606 justitiam,

46 2618 130 2678 tabi
140 2617 207 2680 dria.
224 2621 277 2695 26,
293 2637 324 2681 n.
342 2622 399 2694 163
417 2638 493 2700 ergo
507 2621 648 2683 illicitum
671 2626 718 2685 est
737 2621 825 2684 adhi-
878 2615 911 2677 in
926 2617 1079 2696 quantum
1093 2620 1141 2675 est
1154 2613 1351 2692 recuperatio
1373 2613 1465 2676 fame
1489 2632 1553 2676 suae
1577 2615 1675 2696 iujus-

47 2703 107 2766 bere
132 2706 206 2768 illud
232 2725 308 2768 oum
334 2711 422 2770 unco
454 2709 637 2789 prejudicio
668 2711 821 2790 proximi;
878 2700 1380 2782 tae,namestcoutrajustiliam,
1402 2701 1435 2762 in
1459 2707 1676 2782 quantumest

50 2793 145 2856 deinde
159 2797 234 2876 quia
257 2798 467 2860 communiter
489 2799 580 2860 adest
606 2799 735 2879 spiritus
757 2799 824 2862 vin-
878 2791 1077 2872 recuperatio
1088 2808 1145 2869 per
1157 2789 1395 2852 infamationem
1404 2787 1528 2868 falsam,
1541 2808 1578 2852 eo
1590 2791 1675 2871 quod

14 2915 16 2940 i
47 2879 136 2960 dicte,
149 2901 218 2962 ques
232 2884 358 2962 privato
373 2903 434 2946 non
448 2885 532 2948 licet,
879 2879 947 2942 brec
969 2879 1011 2940 sit
1037 2885 1148 2941 contra
1171 2875 1224 2959 jus
1247 2876 1289 2938 ad
1311 2875 1441 2954 famam,
1472 2878 1558 2958 quod
1579 2878 1676 2942 babet

14 2943 31 3052 ll
77 2969 126 3048 §2
149 2972 181 3032 Si
196 2971 270 3052 quis
285 2971 384 3050 possit
397 2973 490 3050 tueri,
507 2974 557 3036 vel
572 2992 760 3054 recuperare
778 2975 824 3036 fa·
878 2969 942 3046 ille,
964 2967 1018 3048 qui
1045 2965 1225 3042 infamatur,
1250 2983 1289 3026 no
1311 2965 1446 3030 laedatur
1468 2967 1553 3051 eirca
1575 2971 1676 3033 mate·

14 3055 16 3114 Ι
50 3075 117 3119 mam
138 3059 238 3136 aliter,
265 3077 361 3140 quam
384 3061 566 3124 infamando
590 3063 821 3140 detractorem,
879 3056 970 3133 riam,
986 3052 1334 3134 inquaestinnccens.

49 3153 142 3224 pacem
153 3147 440 3228 contrajustitiflm,
458 3150 495 3218 si,
520 3155 553 3214 ut
576 3151 604 3212 ei
625 3151 720 3212 fldem
735 3152 824 3214 dero.
918 3141 1124 3224 §inlicitum
1139 3145 1196 3218 est,
1221 3159 1280 3220 per
1301 3160 1335 3202 se
1360 3141 1530 3221 loquendo,
1555 3142 1676 3206 crimen
1701 3145 1757 3196 ¹²¹²

14 3245 16 3298 ξ
49 3235 106 3308 pei,
127 3235 226 3313 ipsum
251 3235 389 3298 vicissim
410 3236 550 3315 infamet,
573 3239 617 3301 ila
640 3257 711 3300 eum
738 3257 825 3302 eom·
879 3250 989 3294 verum
1003 3229 1207 3306 detrahentis,
1224 3230 1275 3292 vel
1291 3230 1370 3293 falso
1385 3232 1562 3294 accusantis
1576 3231 1675 3295 mani·

14 3319 16 3394 ῗ
49 3321 218 3402 urniLugo,
235 3321 268 3384 d.
280 3325 329 3401 lb,
345 3343 428 3386 narn.
439 3329 498 3399 49;
514 3327 599 3387 Lesa.
617 3325 670 3388 lib.
682 3329 711 3403 2,
726 3345 751 3388 e.
773 3331 823 3404 ll,
879 3319 1004 3396 festare,
1022 3321 1175 3398 quantum
1190 3317 1402 3378 necessarium
1424 3323 1472 3380 est
1493 3319 1533 3380 ad
1557 3319 1675 3382 eliden-

14 3431 16 3436 ’
49 3425 73 3468 n.
86 3410 152 3484 lam
168 3413 314 3491 quamvis
328 3413 439 3475 innuat
450 3414 534 3476 velut
544 3415 719 3494 probabile,
740 3414 824 3495 quod
881 3407 956 3469 dam
980 3406 1199 3468 auctoritatem
1222 3405 1316 3482 illius,
1341 3404 1417 3485 quia
1443 3405 1593 3488 injuriam
1618 3427 1676 3489 pa-

14 3523 16 3580 ,
49 3495 372 3562 aitcontracaritalem
386 3507 520 3563 tantum.
538 3503 627 3565 ltatio
643 3509 820 3581 nostraest,
880 3495 961 3558 tiens
976 3494 1073 3557 habet
1083 3493 1135 3575 jus
1150 3493 1191 3554 ad
1212 3493 1427 3555 defensionem
1452 3494 1512 3573 sui,
1538 3514 1597 3558 nec
1619 3498 1676 3559 de·

14 3593 16 3656 l
51 3583 109 3660 lu'ta
121 3585 277 3650 detractor
298 3587 394 3650 habet
410 3589 474 3669 jue,
500 3609 539 3652 ns
562 3591 632 3670 plus
653 3592 708 3654 frat
727 3609 824 3672 quam
878 3585 1008 3646 trahem
1032 3586 1086 3644 aut
1108 3581 1222 3662 injuste
1246 3600 1398 3644 accusans
1421 3587 1524 3662 potest
1543 3602 1611 3646 esse
1626 3604 1674 3648 ra·

14 3665 16 3748 l
50 3675 240 3736 omeaarium
257 3670 359 3740 estad
378 3677 592 3740 defensionem
616 3680 667 3742 vel
693 3699 825 3760 recupe-
879 3672 1073 3736 tiouabiliter
1087 3671 1213 3748 invitus,
1239 3689 1311 3733 cum
1335 3671 1469 3750 ipsemet
1486 3673 1676 3754 cogatiuju·

51 3759 182 3826 rationem
196 3764 823 3847 famae;ergocumreciprooainfamatio
879 3762 994 3824 riatum
1021 3761 1063 3822 ad
1090 3760 1150 3820 hoo
1177 3759 1317 3820 medium
1344 3761 1556 3822 necessarium
1580 3762 1619 3824 de
1641 3782 1674 3826 se

52 3849 146 3911 nous't
158 3850 198 3912 ad
209 3851 274 3913 boe
288 3853 475 3930 necessaria,
500 3853 596 3916 habet
605 3854 658 3935 jus
672 3855 713 3918 ad
729 3875 825 3936 nega·
879 3849 998 3912 licitum
1015 3867 1022 3910 :
1039 3845 1189 3921 itacard.
1205 3866 1319 3908 nnana.
1343 3851 1393 3910 48.
1419 3849 1485 3910 lmo
1509 3848 1605 3930 aliqui
1629 3850 1676 3913 di·

14 3939 16 4080 >
52 3927 148 3996 tionem
166 3938 261 4000 illins.
286 3938 373 4002 Idem
396 3940 498 4018 magis
515 3940 608 4018 valet,
625 3941 650 4002 si
663 3943 823 4006 infamatio
879 3943 955 4000 cunt
981 3937 1013 3997 id
1047 3936 1153 4014 licere,
1184 3936 1328 4016 quamvis
1351 3939 1434 3998 esset
1454 3942 1619 4000 aecusatus
1634 3938 1673 4000 de

14 4095 16 4100 ,
56 4017 163 4086 alterim
176 4025 216 4088 sit
230 4025 351 4088 inutilis
374 4027 415 4088 ad
439 4028 688 4106 recuperandam
708 4031 825 4093 famam
879 4044 954 4090 vero
971 4024 1114 4101 crimine,
1135 4022 1191 4086 sed
1215 4025 1337 4086 occulto
1362 4023 1512 4106 injuriose
1526 4025 1676 4086 manifes-

14 4111 16 4118 “
52 4106 374 4189 rellrouoremsuum3
391 4119 579 4177 lumautem
600 4123 682 4180 esset
695 4117 822 4196 inutilis,
878 4118 955 4191 tato,
973 4111 1384 4194 quiaadhuoinjustelaesa
1407 4118 1455 4176 est
1478 4111 1546 4194 ejus
1568 4113 1671 4190 fama,

14 4129 74 4284 ,lsi
84 4199 188 4262 crimen
201 4202 471 4264 manifestandum
486 4221 550 4266 nou
573 4205 720 4268 redderet
735 4205 825 4268 inha-
879 4203 920 4264 ad
948 4220 1044 4283 quam
1072 4200 1323 4280 recuperandam
1355 4199 1408 4281 jus
1441 4201 1547 4263 habet.
1577 4202 1674 4267 Addit

14 4287 15 4290 ’
53 4279 128 4346 biam
141 4289 178 4349 ad
199 4291 443 4370 testificandum,
460 4297 516 4354 aut
528 4293 553 4354 si
577 4299 742 4357 accusatus
762 4313 823 4356 non
881 4290 972 4354 Caret.
990 4291 1016 4352 si
1030 4291 1109 4353 falso
1124 4288 1174 4350 vel
1189 4288 1303 4369 injuste
1317 4293 1484 4352 accusatus
1507 4289 1582 4352 inde
1604 4309 1675 4372 paa-

54 4379 138 4446 ranei
150 4376 222 4440 illud
239 4379 359 4442 odmen
375 4380 561 4444 detractoris
579 4382 725 4461 probare,
752 4400 823 4444 nam
878 4398 970 4442 surus
985 4383 1067 4440 asset
1084 4378 1152 4438 leve
1167 4375 1317 4438 damnum
1344 4381 1375 4438 et
1397 4395 1549 4440 accusans
1563 4397 1672 4458 grava,

14 4463 15 4534 j
54 4456 105 4520 sina
112 4465 374 4540 probationeuihil
382 4467 589 4546 prodessetad
596 4469 821 4533 defensionem.
878 4472 946 4532 tum
961 4468 1026 4530 iore
1042 4472 1151 4530 contra
1166 4464 1335 4526 caritatem
1347 4465 1488 4526 revelato
1503 4463 1571 4546 ejus
1583 4465 1673 4546 gravi

14 4535 62 4642 *¹
85 4547 135 4625 §a
155 4553 285 4616 lllortale
300 4557 348 4616 est
362 4556 452 4618 alteri
467 4557 582 4618 falsum
596 4558 716 4619 crimen
727 4576 824 4637 grave
879 4555 1010 4618 erimine
1044 4554 1263 4616 auctoritatem
1291 4553 1419 4614 elidere.
1445 4551 1534 4622 Diri,
1559 4573 1616 4634 per
1639 4573 1672 4618 se

56 4649 205 4719 imponere,
221 4647 257 4705 ut
271 4643 317 4704 sic
332 4643 467 4706 elidatur
491 4645 559 4725 ejus
577 4647 758 4724 auctoritas,
775 4647 824 4707 vel
878 4643 1047 4724 loquendo,
1066 4661 1140 4704 nam
1155 4642 1246 4704 aliter
1269 4640 1462 4722 loquendum
1486 4647 1543 4716 est,
1562 4642 1673 4723 siquis

57 4718 216 4792 defendatur
231 4729 345 4807 honor,
361 4731 574 4794 uambaeduae
590 4752 679 4812 prop.
697 4732 824 4794 suntab
878 4732 937 4794 sub
962 4735 1083 4794 secreto
1108 4731 1184 4792 illud
1208 4729 1344 4806 habeat,
1377 4728 1427 4789 vel
1455 4727 1568 4808 injuste
1592 4729 1674 4791 uoti-

56 4805 109 4870 lnu.
129 4813 165 4875 xl
187 4815 364 4878 damnata:
389 4819 439 4893 43,
458 4817 568 4892 Quidni
579 4820 698 4880 nonnisi
709 4819 826 4882 veniale
877 4823 955 4882 tiam
969 4820 1055 4880 illam
1069 4817 1280 4900 acquisiverit,
1298 4816 1341 4878 uti
1357 4815 1513 4878 dicetura
1532 4835 1562 4878 n.
1581 4819 1671 4880 1228.

14 4929 17 4982 p
56 4893 483 4968 sit‚aercleraaoctoraatem
493 4907 824 4989 maqnannsibinoaiam
918 4911 979 4989 §a
997 4907 1053 4980 Oui
1070 4907 1109 4968 ab
1133 4906 1195 4966 alio
1216 4905 1295 4966 falsa
1319 4904 1477 4965 calumnia
1500 4903 1670 4984 impetitur,
1702 4932 1757 4979 1210

57 4977 119 5056 lllw
129 4991 450 5072 marcenniacum,
467 4993 627 5058 Probabile
638 5005 744 5058 estnon
756 5015 825 5077 pee-
879 5015 937 5058 nec
952 4995 1045 5056 aliter
1058 4997 1162 5072 potest
1177 5011 1247 5054 eam
1260 4991 1413 5068 refellere,
1429 4996 1533 5070 potest
1554 4991 1674 5054 calum-

58 5085 110 5133 ωτι
125 5082 293 5150 mortaliter,
308 5083 500 5165 quiimponr't
513 5085 744 5165 inframuranea
765 5086 825 5150 ali·
878 5082 976 5144 aienti
1000 5081 1105 5142 dicere
1130 5077 1216 5159 quod
1241 5077 1422 5154 mentiatur,
1446 5077 1589 5158 quamvis
1613 5077 1673 5140 hoc

58 5159 229 5238 wiennam
242 5171 428 5248 justitiaene!
447 5173 584 5235 bonorem
607 5174 744 5255 defendm
759 5195 769 5238 .·
783 5185 822 5254 et,
877 5171 918 5232 sit
944 5167 1002 5248 ipsi
1027 5168 1167 5230 futurum
1194 5165 1448 5246 ignominiosum,
1477 5183 1550 5226 nam
1574 5165 1686 5228 utitur¹

60 5243 238 5319 it'lloerroneit
248 5258 412 5339 probabile,
429 5262 485 5324 ric
495 5262 626 5324 alluerit
639 5263 740 5343 opinio
751 5282 824 5344 pro-
877 5255 1094 5319 moderamine
1110 5255 1277 5334 inculpata
1300 5254 1418 5330 tutela,
1443 5251 1487 5314 ita
1509 5271 1581 5314 oum
1603 5251 1673 5314 aliis

61 5330 145 5400 babilis
156 5343 183 5403 in
198 5345 367 5428 Tbeoloqria.
383 5349 472 5411 Ratio
487 5355 594 5412 autem
614 5355 671 5428 est,
689 5351 764 5432 quia
777 5355 825 5413 εει
877 5344 991 5408 blenda
1006 5341 1074 5405 ἀίει.
1098 5347 1127 5420 ι,
1146 5363 1227 5404 nam.
1244 5346 1313 5405 225.
1331 5341 1417 5404 ldem
1433 5340 1541 5404 dicunt
1562 5341 1670 5421 aliqui,

14 5489 16 5496 ¹
61 5427 231 5496 mendacium
252 5436 284 5496 in
310 5454 344 5496 re
367 5439 476 5516 gravi,
502 5437 616 5500 deinde
649 5440 745 5503 etiam
777 5445 825 5502 est
878 5432 1022 5514 quamvis
1037 5431 1167 5508 crimen,
1185 5429 1269 5511 quod
1284 5429 1441 5510 objicitur,
1458 5427 1670 5506 foretrerum,

14 5503 16 5548 l
62 5523 252 5588 maenuba
261 5523 430 5606 justitiam,
445 5525 560 5607 utjam
574 5527 707 5592 dicetur.
878 5521 1050 5585 dummodo
1066 5539 1129 5584 nou
1144 5519 1184 5582 sit
1205 5517 1378 5600 publicum,
1405 5517 1478 5600 quia
1500 5515 1674 5580 calumnia·

156 5625 241 5696 au.
1513 5628 1553 5716 aa
