4086 6348
125 551 130 559 ,
179 519 197 554 ,
788 484 839 546 nu
860 483 1059 546 rnsrmus.
1125 479 1126 483 ‘

1687 485 1745 545 *177

101 673 185 736 dioio
199 670 426 752 probationem,
440 669 556 752 requiri
573 669 652 732 duos
668 673 764 731 testes
780 689 896 750 eosque
949 670 1068 730 malum
1082 670 1289 732 avertendum
1306 691 1312 732 :
1329 675 1404 734 tunc
1420 672 1504 733 euim
1523 671 1597 734 lieet
1619 671 1680 734 tale
1694 689 1742 734 se·

101 763 220 824 debere
246 782 252 822 :
279 765 306 822 1.
332 763 575 822 uxternosensu
591 759 779 838 percepisse,
805 760 838 820 id
858 760 898 820 de
925 827 927 832 Α

101 867 165 930 quo
181 853 343 912 testantur.
360 854 388 910 1.
402 851 447 910 De
463 848 574 908 eodem
608 847 689 909 laeto
707 848 896 923 stertinius,

100 956 175 998 oum
198 939 308 999 iisdem
333 935 589 1012 circumstantiis,
618 937 796 1016 deponere;
825 938 899 999 alio-

100 1024 179 1105 quin
202 1029 293 1088 erunt
315 1030 409 1087 testes
431 1027 555 1084 tantum
578 1023 763 1103 singulares,
789 1030 823 1087 ut
849 1044 899 1086 vo-

100 1117 186 1190 oaot,
203 1113 255 1193 qui
272 1131 334 1174 non
350 1112 469 1174 iaoiunt
483 1113 608 1190 plenam
623 1113 853 1191 probationem.
867 1116 897 1174 3.

99 1203 272 1266 Essenmni
295 1201 477 1280 exceptione
498 1202 645 1282 majores,
662 1202 693 1262 in
714 1203 827 1282 quibus
840 1203 900 1264 sci-

99 1290 176 1350 licet
188 1289 273 1350 nulla
285 1289 482 1350 desideretur
496 1289 643 1365 conditio,
661 1290 827 1369 quominus
837 1295 900 1352 tes-

100 1377 162 1440 tari
179 1378 306 1456 possint,
319 1377 410 1460 juxta
421 1396 546 1439 versum
561 1379 723 1457 vulgarem
740 1401 746 1440 :

127 1487 155 1523 ἰ)
184 1463 331 1532 Conditio.
348 1483 444 1533 serus,
461 1474 541 1538 oetus,
560 1465 706 1542 diseretio,
722 1466 817 1545 foma,

141 1575 156 1612 u
184 1553 229 1614 Et
241 1552 376 1632 fortuna,
394 1552 479 1633 fides,
502 1554 532 1613 in
551 1553 667 1616 testibus
689 1554 739 1616 illa
759 1555 896 1636 requi-ros.

139 1665 155 1701 n
183 1640 263 1702 Hine
290 1660 310 1702 a
340 1643 483 1704 testando
511 1643 705 1722 rejiciuntur:
737 1649 765 1706 1.
796 1645 895 1706 Serri.

98 1733 128 1792 Ξ.
146 1729 307 1792 Mulieres.
326 1733 356 1792 3.
374 1730 510 1792 Minores
525 1735 564 1793 11)
577 1732 667 1793 annis
680 1733 710 1792 in
730 1731 899 1794 orimiuali-

98 1819 200 1892 libus3
217 1818 248 1879 in
272 1819 414 1880 uirilibus
439 1825 544 1882 autern
566 1819 755 1898 impuberes
783 1827 811 1884 1.
838 1823 899 1884 Ini-

98 1907 186 1967 mioi.
203 1909 233 1968 5.
263 1906 422 1984 Sanguine
434 1907 546 1987 junoti,
575 1910 605 1969 ot
626 1907 789 1970 domestioi
813 1930 819 1970 :
846 1927 899 1969 ex-

45 2029 50 2042 ·
99 1993 402 2075 captisquibusdum
417 1994 554 2072 ossibus,
579 1996 662 2074 apud
684 1998 769 2058 Less.
794 1996 817 2058 l.
842 1999 895 2072 tt,

103 2101 129 2144 o.
147 2085 180 2158 3,
196 2101 227 2144 n.
239 2083 288 2143 38.
303 2086 334 2143 6.
351 2081 495 2143 lufames.
511 2086 540 2144 7.
553 2082 683 2162 Perjuri.
698 2087 727 2145 8.
741 2084 822 2146 Sooii
839 2081 898 2144 cri-

97 2170 206 2234 minis.
224 2175 254 2233 9.
270 2174 417 2232 Personae
433 2170 553 2250 inopes,
571 2176 602 2234 et
615 2173 702 2233 viles.
721 2176 769 2235 10.
789 2173 894 2250 Deliri,

98 2265 130 2322 et
145 2259 310 2322 semifatui
328 2279 335 2319 :
351 2277 388 2318 ex
401 2258 513 2338 quibus
527 2265 633 2321 tamon
643 2261 675 2336 ii,
689 2260 741 2340 qui
751 2261 817 2322 solo
825 2261 895 2340 juro

97 2348 242 2427 positivo
257 2349 297 2408 ad
312 2347 490 2409 testandum
503 2353 575 2410 sunt
589 2348 755 2424 inhabiles,
767 2355 898 2427 possunt

98 2436 228 2498 admitti
245 2437 278 2498 in
298 2435 480 2498 criminibus
504 2437 650 2516 exeeptis.
667 2438 734 2510 Quo
749 2437 897 2517 supposi-

139 2573 155 2675 ii
184 2615 347 2691 Ouaerilur,
363 2619 387 2678 l.
405 2621 465 2692 An,
482 2619 513 2677 et
529 2614 654 2695 quando
669 2619 814 2677 teneatur
827 2617 896 2696 quis

98 2703 231 2766 testari?
244 2705 281 2766 ll.
298 2704 347 2765 Ad
362 2704 436 2784 quid
451 2707 596 2765 teneatur
610 2703 662 2781 qui
678 2721 739 2764 non
754 2705 820 2766 vult
833 2711 896 2766 tes·

97 2792 173 2866 tari,
190 2799 246 2853 aut
260 2791 312 2872 qui
328 2793 407 2854 falsa
421 2798 468 2855 est
480 2793 634 2856 testatus?

139 2903 155 2940 o
182 2883 277 2958 Resp.
293 2883 317 2942 l.
335 2899 397 2942 nou
413 2886 537 2944 tenetur
547 2880 616 2961 quis
630 2881 750 2958 testari,
773 2881 831 2942 uisi
846 2883 896 2944 vel

98 2970 318 3046 err-raritate,
349 2989 420 3030 oum
450 2971 493 3032 ita
529 2970 741 3032 necessarium
775 2974 822 3032 est
856 2972 896 3032 ad

104 3059 317 3120 avertendum
352 3059 472 3138 grande
505 3061 624 3120 malum
659 3058 803 3137 proximi,
843 3063 897 3122 aut

98 3147 194 3224 Reip.
210 3148 261 3207 vel
276 3165 313 3207 ex
328 3153 497 3226 praeoepto,
514 3167 585 3209 oum
600 3148 712 3223 ludex,
725 3166 779 3207 seu
795 3150 895 3226 Supe-

103 3234 173 3296 rior
194 3232 314 3294 habens
345 3238 549 3314 potestatem,
574 3235 620 3296 ita
634 3233 772 3312 legitime
787 3235 897 3313 praeoi-

100 3323 161 3403 pit.
180 3323 215 3382 ln
230 3339 292 3400 quo
308 3323 417 3383 ultimo
433 3341 518 3399 oasu,
535 3323 559 3382 si
583 3323 696 3401 fogiae,
720 3327 773 3384 aut
792 3323 896 3384 oeoul-

97 3415 149 3474 tes
175 3413 218 3480 te,
242 3415 412 3491 antequam
433 3412 473 3471 ad
497 3412 674 3472 testandum
700 3411 814 3486 citeris,
833 3430 896 3473 nou

97 3497 248 3580 peooabis
262 3502 371 3560 eontra
382 3499 556 3579 justitiam3
573 3500 706 3578 ideoque
726 3519 783 3561 neo
811 3505 896 3561 tene-

100 3585 191 3648 beris
218 3587 394 3663 restituore,
426 3591 460 3648 ut
489 3593 599 3648 eontra
636 3587 751 3649 multos
782 3588 897 3650 docent

98 3675 229 3738 Valent.
257 3680 288 3736 et
310 3676 396 3738 Less.
424 3676 513 3737 Ratio
529 3681 586 3752 est,
603 3677 677 3755 quia
691 3677 746 3737 tibi
761 3678 896 3740 neodum

101 3771 151 3826 est
165 3768 369 3842 prereptum,
395 3763 521 3844 siquod
549 3771 654 3826 autem
672 3765 725 3845 jus
749 3771 896 3828 nascatur

97 3851 180 3931 parti
197 3869 235 3912 ex
248 3855 302 3913 tuo
328 3851 517 3928 testimonio,
543 3852 629 3912 idox
652 3857 810 3933 praeoepto
830 3854 894 3915 ori-

97 3947 162 4002 tur.
179 3942 244 4001 lmo
267 3939 324 4002 etsi
352 3941 393 4004 sit
406 3940 580 4002 communis
595 3943 758 4018 sententia,
775 3941 815 4002 ad
829 3961 895 4002 res·

97 4028 276 4091 titutionem
303 4029 405 4098 teneri
431 4047 513 4105 eum,
532 4028 584 4108 qui
608 4047 627 4089 a
649 4029 759 4091 tudine
782 4029 895 4091 citatus

97 4116 189 4196 fugit,
205 4116 255 4177 vel
268 4116 485 4180 testimonium
504 4116 615 4178 iraude
633 4117 810 4192 declinavit,
823 4136 894 4178 oum

99 4205 143 4269 sit
158 4205 280 4282 ridear,
298 4209 329 4266 et
343 4205 471 4268 moralis
485 4223 592 4281 oausa,
608 4208 644 4266 ut
656 4207 758 4267 ludex
770 4210 895 4267 senteu-

97 4295 178 4358 tiam
193 4294 273 4355 ferat
287 4294 318 4354 in
334 4293 463 4355 alterius
476 4294 639 4369 damnum,
651 4312 713 4354 nou
726 4299 830 4355 tomen
848 4297 894 4355 est

94 4381 318 4461 improbabile,
344 4382 428 4461 quod
451 4382 566 4444 dooent
588 4383 659 4444 lllol.
682 4386 811 4445 etLess.
830 4401 893 4443 non

93 4469 206 4534 tenori.
220 4471 309 4532 ilatio
320 4475 378 4549 est,
396 4471 470 4551 quia
484 4471 589 4533 citatio
605 4471 747 4533 intImata
768 4491 830 4533 non
845 4472 894 4531 in-

94 4557 187 4620 duoit
200 4558 424 4638 obligationem
442 4557 583 4638 justitias,
599 4559 654 4619 sed
674 4564 797 4622 tantum
818 4559 893 4620 obe-

94 4643 221 4707 dientiae
251 4665 257 4706 :
287 4645 486 4725 proindeque
502 4663 564 4706 uon
580 4664 766 4724 comparens
781 4649 891 4707 eontu-

94 4736 302 4795 maxtantum
316 4738 373 4810 est,
391 4737 423 4794 et
435 4733 629 4811 inobediens,
646 4752 708 4794 non
728 4739 832 4796 autern
847 4734 892 4794 in·

91 4821 210 4903 justus.
226 4822 311 4882 Less.
329 4840 359 4881 o.
376 4825 425 4898 11,
441 4831 470 4882 et
479 4841 557 4904 seqq.
580 4823 617 4883 V.
641 4823 757 4886 Bonae.
778 4827 887 4901 Laym.

96 4909 191 4972 ltro.

133 5019 149 5058 u
177 4998 270 5074 uesp.
296 4995 457 5058 illidam
481 4996 512 5058 iu
531 4997 680 5076 legitime,
707 4999 889 5080 etjuridioe

92 5085 319 5163 interrogatus,
335 5102 397 5145 noo
418 5086 533 5148 teneris
557 5088 663 5149 testari
685 5091 889 5168 sequentibus

92 5174 222 5238 ausibus
238 5193 245 5234 :
258 5177 285 5234 1.
299 5172 331 5235 Si
346 5172 427 5234 scias
441 5193 508 5235 rem
531 5193 567 5236 ex
583 5177 788 5241 Coniessione.
809 5184 838 5241 2.
856 5180 888 5242 Si

91 5260 243 5341 accepisti
259 5261 317 5324 sub
331 5266 451 5324 secreto
467 5264 612 5340 natarali,
628 5270 660 5326 ul
675 5265 886 5345 consiliarius,

91 5351 287 5426 Advooatus‚
303 5350 452 5418 Medicus,
471 5355 530 5412 eto.
547 5353 641 5414 modo
658 5357 761 5414 tamen
777 5373 838 5415 non
849 5356 889 5417 sit

91 5437 310 5566 peoeoserium
324 5437 364 5500 ad
379 5455 530 5518 magnum
545 5439 677 5520 Reipub.
694 5443 743 5506 vel
754 5443 886 5521 proximi

954 764 1074 820 oretum
1101 759 1263 837 detegere,
1294 760 1414 822 etiamsi
1449 760 1589 840 jurasses
1612 764 1641 821 te
1665 759 1741 821 nulli

954 847 1123 924 dicturum,
1141 848 1214 928 quia
1228 849 1289 910 tale
1300 849 1515 928 juramentum
1531 868 1593 911 non
1611 849 1740 928 obligat,

954 955 1026 997 oum
1037 936 1111 1016 jure
1122 943 1241 999 naturae
1253 939 1387 1000 tenearis
1398 939 1437 1000 ad
1451 939 1651 1002 contrarium.
1670 938 1741 1001 vid.

953 1029 1062 1103 bopuu.
1076 1027 1095 1086 l.
1108 1030 1137 1103 3,
1155 1036 1177 1088 l.
1193 1031 1222 1103 o,
1241 1047 1266 1089 r.
1284 1033 1314 1104 1,
1328 1049 1357 1090 u.
1374 1031 1403 1090 9.
1417 1032 1446 1090 3.
1464 1029 1495 1090 Si
1514 1047 1551 1090 ex
1566 1026 1742 1090 testimonio

954 1114 1021 1190 tibi,
1051 1117 1101 1175 uel
1130 1116 1191 1176 tuis
1219 1115 1380 1179 immineat
1415 1117 1551 1178 notabile
1579 1117 1741 1192 damnum,

955 1202 1012 1262 nisi
1029 1207 1133 1264 tamen
1149 1204 1299 1266 damnum
1327 1205 1497 1284 publicum,
1522 1205 1571 1266 vol
1587 1204 1744 1283 privatum

954 1292 1091 1352 alienum
1105 1294 1284 1371 praevaleat,
1298 1298 1331 1356 ut
1344 1298 1526 1374 notatLugo
1541 1293 1571 1354 d.
1587 1293 1636 1370 39,
1650 1313 1678 1354 n.
1692 1295 1740 1355 10.

955 1379 1045 1440 Unde
1060 1382 1268 1444 communiter
1282 1402 1344 1444 uon
1366 1383 1481 1445 teneris
1504 1382 1611 1445 testari
1635 1385 1744 1444 eontra

954 1469 1232 1547 consanguineum.
1249 1475 1278 1532 1.
1297 1471 1363 1532 Sia
1383 1471 1457 1534 viris
1473 1489 1534 1533 non
1551 1475 1599 1532 sat
1621 1471 1683 1532 fide
1699 1469 1744 1531 di·

953 1556 1035 1634 gnis,
1062 1559 1234 1637 accepisti:
1259 1564 1334 1621 iuno
1358 1561 1441 1622 enim
1463 1565 1551 1639 potes
1567 1564 1597 1622 te
1612 1559 1741 1637 habere,
1805 1591 1808 1596 ·

954 1663 992 1704 ao
1004 1645 1028 1704 si
1044 1645 1120 1706 nihil
1137 1647 1242 1708 scires.
1260 1651 1289 1709 5.
1308 1649 1340 1709 Si
1359 1648 1476 1710 laetum
1491 1648 1665 1710 intellexisti
1687 1666 1744 1726 per

953 1731 1112 1812 injuriam,
1138 1754 1168 1796 v.
1192 1755 1222 1814 g.
1250 1737 1419 1814 aperiendo
1446 1736 1577 1810 litteras,
1601 1737 1743 1816 eugendo

954 1821 1050 1880 alium
1074 1823 1115 1882 ad
1138 1823 1375 1898 revelationem;
1401 1829 1511 1904 Laym,
1536 1845 1566 1886 n.
1603 1828 1640 1898 53
1667 1826 1740 1886 lllol.

953 1907 982 1970 d.
999 1913 1029 1985 5,
1045 1930 1074 1970 n.
1092 1914 1122 1972 5.
1139 1912 1221 1974 osi
1236 1913 1315 1974 alter
1325 1914 1530 1992 probabiliter
1543 1915 1574 1975 in
1585 1910 1667 1976 fanto
1680 1932 1743 1974 uon

953 2000 1140 2077 peccaverit,
1156 2003 1205 2062 vel
1221 2007 1349 2080 propter
1362 2001 1585 2082 ignorantiam,
1602 2004 1652 2064 vel
1667 2003 1743 2083 quia

952 2104 1020 2146 rem
1034 2088 1173 2168 aliquam
1195 2092 1317 2171 aooepit
1336 2091 1366 2151 in
1393 2093 1548 2154 oeoultam
1564 2110 1743 2172 compensa·

953 2173 1069 2236 tionem
1084 2177 1194 2254 debiti,
1211 2197 1250 2238 en
1264 2197 1326 2259 quo
1337 2184 1489 2259 tanquam
1504 2181 1543 2241 de
1558 2180 1626 2242 fure
1640 2181 1741 2261 inqui·

953 2265 1050 2325 rntur.
1062 2264 1152 2326 Ratio
1169 2272 1226 2342 est,
1243 2267 1316 2346 quia
1331 2285 1421 2328 mens
1433 2266 1552 2330 tudieis
1570 2273 1617 2328 est
1640 2267 1744 2347 inqui-

951 2372 1021 2415 rere
1036 2354 1074 2413 de
1090 2353 1212 2415 delicto.
1230 2356 1267 2417 V.
1284 2357 1378 2417 Azor.
1404 2360 1433 2433 3,
1456 2376 1489 2436 p.
1517 2355 1538 2418 l.
1559 2360 1609 2433 l3,
1636 2375 1662 2417 o.
1680 2359 1740 2430 t'l;

953 2443 1020 2504 Fill.
1037 2444 1115 2519 Bon,
1132 2441 1162 2502 d.
1181 2445 1229 2518 l0,
1245 2462 1275 2523 q.
1290 2445 1320 2520 3,
1331 2446 1410 2524 p.3;
1425 2447 1535 2523 Laym.
1554 2442 1576 2505 l.
1593 2463 1619 2505 e.

991 2553 1005 2588 n
1034 2533 1125 2608 Resp.
1143 2531 1193 2591 111.
1211 2531 1267 2602 Qui
1283 2534 1396 2608 sciens,
1410 2531 1523 2592 falsum
1538 2535 1668 2593 testatus
1683 2537 1742 2608 est,

952 2637 1009 2698 per
1025 2619 1108 2698 quod
1124 2617 1212 2678 alteri
1227 2617 1287 2679 fuit
1308 2618 1416 2680 efficax
1441 2637 1537 2680 eausa
1558 2618 1676 2697 damni,
1700 2623 1743 2681 te-

951 2713 1044 2768 netur
1057 2707 1098 2767 ad
1113 2707 1360 2784 impeditionem,
1377 2708 1426 2786 vel
1436 2708 1669 2786 reparationem
1679 2726 1743 2770 onr-

950 2797 1037 2856 nium
1053 2796 1252 2873 damnorum,
1263 2814 1332 2876 quae
1341 2803 1524 2859 causantur:
1538 2798 1612 2860 item
1619 2801 1744 2860 tenetur

951 2884 1743 2966 revooareoumparisuodamno,etperioulootiam

951 2974 1034 3048 vitat,
1050 2973 1074 3034 si
1090 2992 1162 3034 reus
1177 2975 1214 3034 de
1231 2991 1268 3035 ea
1281 2974 1484 3053 perlolitetur,
1502 2979 1534 3036 ot
1547 2978 1674 3055 putetur
1694 2993 1742 3036 re-

952 3063 1092 3124 vocando
1117 3063 1236 3142 aliquid
1261 3065 1438 3126 eiieoturus.
1467 3065 1513 3126 Ita
1536 3065 1741 3127 communiter.

952 3152 1040 3213 Ratio
1056 3156 1112 3227 est,
1128 3153 1202 3230 quia
1226 3153 1257 3212 in
1281 3153 1397 3214 damno
1426 3156 1537 3234 aequali
1563 3155 1666 3234 potius
1681 3157 1741 3218 ha-

950 3239 1054 3300 benda
1069 3243 1116 3300 est
1128 3239 1208 3300 ratio
1228 3239 1413 3302 innocentis,
1432 3245 1469 3305 V.
1487 3241 1556 3304 dub.
1572 3263 1632 3325 seq.

990 3351 1005 3386 »
1032 3328 1101 3390 Dixi
1131 3330 1155 3389 l.
1184 3329 1297 3405 Sciens,
1328 3331 1402 3410 quia
1436 3331 1461 3392 si
1489 3350 1526 3392 ex
1553 3332 1740 3412 ignorantia,

951 3415 1194 3486 inadvertentia.
1225 3416 1380 3478 oblivione
1408 3417 1599 3498 inculpabili,
1629 3420 1743 3481 falsum

952 3509 999 3566 est
1013 3507 1157 3582 testatus
1175 3506 1231 3567 etsi
1242 3509 1386 3568 teneatur
1400 3507 1563 3586 impedire.
1586 3507 1611 3569 si
1631 3509 1740 3587 possit,
1762 3543 1774 3552 -

954 3611 1016 3654 non
1045 3598 1151 3655 tamen
1176 3593 1215 3653 ad
1242 3594 1481 3674 restitutionem,
1515 3596 1636 3658 etiamsi
1669 3615 1742 3660 reus

953 3683 1129 3743 damnetur.
1147 3682 1236 3743 ltatio
1253 3688 1309 3758 est,
1322 3683 1374 3762 qui
1391 3703 1492 3765 neque
1505 3688 1631 3748 tenetur
1653 3705 1741 3749 exre

951 3774 1091 3846 accepto,
1109 3788 1211 3849 neque
1228 3788 1265 3829 ex
1279 3770 1403 3832 delioto.

989 3879 1004 3915 l>
1030 3858 1098 3918 Dixi
1113 3859 1149 3920 Il.
1169 3857 1265 3920 Causa
1279 3858 1401 3940 effisos,
1419 3860 1493 3940 quia
1506 3860 1532 3922 si
1557 3867 1678 3942 oporte
1693 3864 1739 3926 rei

949 3945 1063 4008 falsum
1098 3945 1174 4008 illud
1204 3946 1419 4009 testimonium
1452 3947 1529 4010 nihil
1575 3951 1738 4030 effecisset,

951 4053 977 4096 r.
990 4055 1021 4114 g.
1046 4035 1120 4114 quia
1145 4053 1202 4114 per
1225 4034 1304 4096 ialsa
1320 4036 1499 4099 testimonia
1514 4039 1659 4115 aliorum,
1673 4040 1741 4120 jam
1862 4113 1868 4122 ‚
1951 4033 1956 4044 ¹

949 4129 1016 4186 tota
1030 4142 1126 4184 eausa
1147 4123 1254 4186 damni
1270 4128 1337 4185 erat
1351 4125 1435 4203 data,
1461 4125 1554 4187 itaut
1577 4127 1679 4191 tuder
1703 4149 1741 4193 ex

949 4212 1009 4274 hoo
1024 4213 1201 4276 testimonio
1217 4214 1294 4274 nibil
1309 4214 1403 4277 luerit
1417 4219 1533 4293 motus,
1550 4216 1591 4278 ad
1606 4217 1683 4279 nihil
1696 4221 1741 4282 to·

951 4301 1089 4378 nebitur,
1101 4303 1186 4363 Less.
1204 4301 1234 4363 d.
1251 4307 1268 4364 7
1284 4311 1310 4363 et
1324 4303 1390 4365 olii.
1473 4371 1476 4382 ,

987 4413 1001 4449 o
1027 4391 1126 4452 Testis
1141 4395 1269 4471 peooot:
1287 4396 1316 4455 1.
1334 4393 1366 4454 Si
1381 4392 1527 4471 affirmet,
1546 4395 1630 4475 quod
1647 4395 1737 4476 igno·

947 4484 1005 4541 ret.
1035 4484 1064 4542 2.
1095 4481 1128 4542 Si
1158 4481 1332 4558 veritatem,
1359 4501 1455 4563 quam
1479 4485 1616 4546 debebat
1636 4487 1739 4550 oelara

946 4569 1079 4648 aperiat.
1096 4571 1126 4630 3.
1145 4568 1176 4631 Si
1193 4589 1226 4630 se
1250 4571 1398 4648 occultet,
1424 4591 1463 4634 ne
1491 4577 1630 4654 rogetur,
1660 4593 1738 4636 oasu

947 4675 1008 4736 quo
1024 4661 1151 4720 tenetur
1164 4659 1281 4720 testari.
1298 4664 1329 4721 1.
1349 4661 1382 4722 Si
1394 4661 1493 4741 judici
1508 4661 1623 4742 injuste
1637 4662 1737 4726 iuter-

946 4745 1073 4822 rogauti
1094 4763 1157 4806 noo
1180 4745 1315 4806 obediat.
1336 4751 1366 4809 5.
1393 4747 1425 4812 si
1449 4749 1585 4828 pretium
1612 4769 1670 4831 pro
1693 4749 1738 4812 di·

945 4834 1046 4896 oenda
1061 4833 1192 4896 veritate
1208 4833 1354 4913 aooipiat.

1196 5135 1473 5198 ADDENDA.

986 5353 1092 5428 Orroesl.
1111 5359 1179 5416 272.
1192 5389 1232 5399 -
1248 5353 1738 5430 (bridcireolestessitaddendum?
1765 5381 1818 5429 rau

944 5445 1038 5524 ltesp.
1069 5445 1175 5508 Notari
1204 5449 1335 5526 possunt
1358 5445 1473 5530 aliqua,
1497 5467 1568 5530 qua
1595 5448 1673 5512 Gob.
1703 5450 1735 5524 or
