4144 6336
292 569 333 630 aa
977 559 1028 630 ott
1056 554 1271 630 notitetold.

307 755 399 815 Azor.
417 754 449 812 et
469 746 580 813 escae.
601 753 635 812 T.
653 754 683 828 o,
700 771 726 814 c.
742 755 772 828 7,
796 753 848 814 ubi
872 753 973 829 docet,
998 752 1097 814 teneri
1154 753 1403 831 castitatem,th
1418 754 1458 814 ad
1473 750 1628 814 sedandas
1642 745 1829 813 tentationes
1847 769 1853 813 :
1871 741 1945 831 quia

309 840 455 900 carnibus
478 839 581 916 vesci,
605 839 629 898 si
655 839 758 918 exigat
787 840 973 918 necessitas,
1000 840 1043 900 ita
1066 844 1100 900 ut
1154 842 1214 902 hoc
1224 843 1264 904 ed
1276 862 1347 904 eum
1357 844 1452 904 finem
1467 862 1528 904 non
1544 848 1591 904 est
1605 842 1827 902 necessarium.
1841 843 1873 904 S.
1884 842 1943 903 tn.

309 929 399 989 aliter
425 927 522 989 vitam
550 945 738 988 conservare
764 946 824 988 nou
854 930 984 1008 possit:
1016 928 1099 1008 quod
1154 934 1350 1014 aequest.
1373 934 1424 1009 65,
1447 940 1507 993 oct.
1532 935 1569 1006 l;
1593 932 1679 992 Less.
1703 930 1942 992 l.c.lllel.Fill.

309 1015 424 1077 Sancb.
439 1013 523 1076 Coos,
538 1015 559 1076 1.
576 1019 605 1092 5,
623 1034 648 1076 c.
666 1019 695 1093 l,
711 1015 741 1076 d.
758 1018 807 1092 35,
825 1035 897 1077 cum
912 1017 1043 1078 classes
1058 1014 1101 1077 ita
1154 1042 1184 1102 q.
1202 1023 1231 1099 3,
1248 1033 1301 1084 etc.

309 1103 495 1182 distinguit:
517 1103 548 1165 Si
569 1103 738 1164 necessitas
757 1105 904 1164 vescendi
929 1105 969 1166 sit
991 1104 1032 1164 ab
1055 1103 1100 1163 in·
1196 1133 1210 1168 a
1237 1111 1274 1172 ll.
1287 1109 1588 1186 Peccantparentes,
1606 1105 1749 1185 quifrlios
1764 1107 1859 1168 etiam
1874 1125 1947 1169 eon·

308 1192 442 1252 trinsecc
461 1211 492 1252 r.
510 1211 541 1270 g.
563 1192 684 1268 morb0,
702 1210 816 1272 exque
832 1191 950 1272 judicio
966 1191 1101 1254 Medico·
1155 1197 1324 1260 sentientes
1345 1197 1499 1271 costraut,
1522 1198 1557 1254 ut
1577 1191 1640 1255 sint
1659 1195 1750 1256 utiles
1772 1195 1888 1257 cantui.
1905 1196 1945 1258 V.

307 1297 378 1339 rum
402 1279 619 1339 convalescere
644 1297 704 1340 non
730 1279 845 1357 possit,
872 1280 929 1340 nisi
954 1299 1009 1341 csu
1034 1299 1101 1340 car·
1155 1290 1264 1365 Laym.
1281 1303 1360 1344 oum.
1378 1287 1407 1348 3.

308 1368 406 1443 nium,
432 1366 475 1426 ait
498 1366 690 1444 probabilius
712 1385 791 1443 esse,
816 1386 877 1428 non
901 1367 1001 1428 teneri
1017 1367 1100 1428 vesci
1195 1397 1209 1432 n
1238 1371 1363 1447 (lueres.
1380 1373 1428 1432 An
1444 1367 1641 1447 sepeliendus
1660 1367 1700 1431 sit
1714 1368 1744 1428 in
1760 1369 1828 1430 loco
1843 1387 1946 1446 sacre,
2014 1383 2018 1392 ’

309 1454 445 1534 (tametsi
470 1453 553 1514 licite
577 1454 702 1534 possit),
721 1455 794 1533 quia
807 1453 958 1515 morietur
977 1458 1101 1515 natura·
1156 1461 1209 1542 qui
1224 1460 1363 1539 scipsum
1378 1457 1513 1520 occidit?

308 1542 379 1604 liter
398 1561 435 1602 ex
455 1541 577 1619 morbo,
600 1541 689 1622 cujus
710 1543 777 1626 ipse
797 1561 858 1604 non
880 1549 927 1602 est
941 1561 1037 1604 causa
1053 1563 1059 1604 :
1076 1543 1102 1603 si
1196 1573 1211 1609 a
1234 1554 1327 1628 Resp.
1351 1548 1385 1608 ld
1408 1550 1514 1606 vetant
1534 1545 1680 1607 Ecclesiae
1702 1548 1867 1608 Canones:
1892 1545 1948 1625 qui

307 1648 384 1690 vero
408 1630 448 1690 sit
471 1629 511 1691 ab
535 1630 708 1691 extrinseco
733 1631 773 1709 (v.
791 1651 822 1710 g.
849 1629 873 1690 si
899 1631 939 1691 ob
963 1630 1103 1709 inopiam
1156 1642 1262 1700 tamen
1287 1656 1348 1698 non
1373 1639 1446 1695 sunt
1468 1633 1662 1712 intelligendi
1687 1632 1805 1708 datie,
1831 1633 1884 1712 qui
1908 1651 1949 1692 ex

308 1719 449 1780 ciborum
470 1719 552 1778 lame
573 1717 770 1778 moriendum
791 1719 882 1798 esset)
905 1718 1037 1779 aliorum
1057 1724 1104 1780 te·
1157 1725 1272 1802 furore,
1291 1719 1498 1796 amentio,rel
1513 1719 1657 1798 passione
1671 1719 1864 1798 gravissimae
1878 1717 1949 1780 tris-

308 1806 374 1866 neri
391 1806 487 1883 vesci,
511 1805 585 1886 quia
607 1823 692 1866 mors
715 1806 778 1884 illa,
802 1825 873 1866 cum
894 1806 934 1867 sit
952 1807 1100 1884 violenta,
1157 1814 1243 1891 titire,
1267 1811 1392 1874 turbata
1413 1807 1579 1888 phantasia
1600 1807 1631 1866 id
1651 1807 1811 1881 fecerunt;
1828 1808 1878 1868 rel
1893 1805 1949 1885 qui

307 1893 524 1974 imputaretur·
1157 1907 1229 1962 aute
1244 1908 1378 1967 moroem
1393 1915 1465 1958 rere
1488 1895 1526 1955 de
1547 1895 1606 1955 hoc
1620 1895 1799 1956 doluerunt,
1816 1893 1905 1966 Quod
1921 1892 1949 1952 si

348 2005 362 2040 a
388 1985 425 2044 V.
443 1981 529 2044 Licet
549 2001 677 2044 carnem
695 1982 808 2062 vigiliis
829 1987 860 2045 et
874 1982 979 2044 inedia
995 1983 1100 2044 mode·
1157 1993 1278 2049 constet
1300 1985 1479 2067 quempiam
1501 1983 1638 2062 seipsum
1660 1982 1810 2044 occidisse
1834 1987 1865 2042 et
1889 1982 1950 2042 du·

307 2071 548 2150 ratealnige1·e;
570 2071 622 2150 qui
642 2076 748 2132 autem
768 2073 935 2134 advertens
951 2071 1049 2132 vitam
1064 2071 1102 2132 iis
1156 2077 1283 2152 bitetur,
1307 2081 1412 2134 utrum
1434 2072 1623 2148 deliberate,
1647 2090 1686 2131 an
1709 2090 1747 2130 es
1762 2071 1865 2131 anime
1881 2073 1950 2129 tur-

308 2159 487 2221 notabiliter
509 2158 628 2234 minui,
655 2159 856 2219 nihilominus
884 2157 1100 2235 continuaret,
1157 2166 1229 2226 bato
1244 2165 1361 2225 factum
1376 2162 1427 2237 sit,
1439 2161 1470 2219 in
1485 2159 1573 2238 praxi
1587 2159 1729 2238 privatur
1739 2177 1828 2219 sacra
1842 2157 1950 2237 sepul-

307 2252 454 2327 peccaret
474 2245 624 2324 graviter,
651 2252 686 2306 ut
708 2251 797 2308 notat
819 2250 928 2326 haym.
955 2267 985 2307 o.
1011 2249 1042 2324 5,
1064 2265 1102 2306 cx
1158 2258 1238 2330 tura,
1256 2269 1327 2312 cum
1342 2252 1550 2328 praesumatur
1564 2246 1831 2325 secundum-epus
1845 2249 1950 2307 extar-

308 2335 405 2415 Cajet.
418 2335 482 2395 Etsi
495 2334 545 2395 hic
555 2333 644 2394 multi
660 2335 699 2394 ob
713 2335 830 2395 bonam
845 2335 940 2396 fidem
956 2342 987 2395 et
1000 2335 1102 2395 zelum
1157 2359 1232 2402 num
1253 2337 1427 2402 voluntarie
1452 2353 1518 2395 esse
1542 2334 1659 2397 factum
1677 2353 1684 2395 ε
1707 2335 1765 2394 nisi
1789 2338 1891 2396 tomen
1908 2353 1949 2393 ex

307 2426 371 2485 Deo
385 2421 528 2501 placendi
545 2427 745 2499 excusentur,
767 2426 805 2485 V.
820 2426 899 2485 Boo.
912 2423 998 2485 Tam.
1021 2425 1050 2498 3,
1067 2421 1103 2481 (te
1157 2426 1397 2490 circumstantiis
1411 2422 1602 2486 contrarium
1617 2422 1791 2502 colligatur.
1823 2422 1855 2484 Si
1870 2439 1948 2481 vero

307 2510 401 2572 restit.
424 2510 453 2570 d.
475 2515 504 2586 2,
525 2530 555 2590 q.
572 2508 630 2571 alt.
651 2519 719 2572 sect.
737 2514 770 2583 l,
789 2531 824 2592 p.
850 2515 881 2587 5,
907 2531 937 2572 n.
962 2516 1002 2584 93
1030 2511 1098 2571 Fili·
1157 2518 1331 2593 dubitetur,
1348 2535 1368 2576 a
1381 2515 1499 2592 seipso,
1517 2532 1556 2574 ao
1572 2513 1612 2573 ab
1627 2512 1699 2588 alio,
1716 2531 1745 2572 v.
1763 2531 1794 2590 g.
1812 2511 1853 2572 sit
1864 2528 1950 2588 prac-

308 2600 329 2661 l·
349 2617 375 2660 ⁶·
396 2601 474 2677 Lug·
494 2619 525 2658 ²²·
547 2601 596 2675 3⁹2,
617 2601 667 2675 33,
680 2601 730 2676 36,
747 2606 800 2660 etc·
822 2599 881 2661 Ubi
901 2604 984 2660 recte
1001 2603 1097 2675 notat,
1155 2607 1301 2686 cipitatus
1323 2606 1354 2664 io
1380 2621 1516 2682 aquarn,
1542 2600 1691 2661 delictum
1715 2604 1779 2661 tam
1802 2603 1892 2660 atrox
1915 2601 1949 2659 et

308 2689 470 2750 aliudesse
485 2705 655 2764 procurare
670 2687 938 2748 abbreviationem
948 2687 1031 2763 vitm,
1045 2705 1100 2746 seu
1154 2697 1264 2752 eontra
1285 2695 1431 2753 naturam
1447 2708 1508 2750 non
1522 2687 1723 2767 praesumitur
1736 2687 1803 2748 sine
1818 2686 1949 2746 eviden-

307 2782 441 2838 mortem
455 2772 890 2854 positivesibiatlerre;aliud
905 2775 1097 2853 permittere,
1155 2779 1237 2842 tibus
1261 2779 1394 2856 indiciis,
1420 2779 1493 2840 ltlel.
1523 2778 1556 2837 Τ.
1582 2780 1612 2850 3,
1637 2773 1667 2836 d.
1689 2779 1747 2848 203
1773 2777 1810 2836 V.
1832 2777 1945 2852 Laym.

307 2864 357 2926 ael
381 2861 554 2941 periculum
577 2859 643 2939 ejus
662 2859 777 2936 subire,
799 2862 849 2922 vel
869 2879 930 2922 uon
948 2860 1097 2921 adhibere
1154 2889 1183 2929 η,
1200 2872 1237 2942 8;
1264 2870 1302 2930 v,
1326 2867 1420 2929 etiam
1442 2865 1554 2926 Escob.
1578 2861 1620 2925 E.
1636 2868 1667 2940 7,
1684 2882 1710 2924 e.
1727 2867 1756 2940 8,
1781 2863 1832 2922 ubi
1856 2861 1946 2938 dicit,

308 2952 413 3012 media
436 2949 477 3010 ad
501 2947 703 3009 avertendam
722 2968 728 3008 :
750 2949 837 3027 prius
855 2949 899 3009 ait
918 2968 985 3010 esse
1009 2949 1098 3010 illici·
1153 2974 1236 3032 cunr,
1260 2954 1313 3034 qui
1338 2954 1471 3016 moritur
1493 2972 1530 3012 ex
1554 2951 1684 3010 vnlnere
1709 2949 1739 3009 in
1765 2949 1868 3010 duello
1893 2967 1949 3008 oc-

309 3044 386 3116 tum,
407 3058 438 3099 r.
454 3056 485 3116 g.
506 3035 697 3115 pernitentiis
720 3035 907 3114 indiscretis,
932 3037 1096 3115 carnisque
1152 3047 1254 3122 cepte,
1271 3043 1296 3103 si
1311 3042 1401 3104 vivus
1415 3062 1454 3102 ex
1467 3042 1535 3101 loco
1552 3039 1708 3115 discessit,
1722 3057 1782 3100 noo
1798 3055 1866 3100 esse
1882 3036 1949 3114 pri-

308 3125 571 3187 macerationibus
591 3122 685 3184 vitam
700 3124 879 3186 notabiliter
899 3125 1094 3202 abbreviare,
1151 3131 1290 3194 vandum
1305 3132 1465 3210 sepultura
1481 3126 1710 3190 Ecclesiastica.

308 3213 462 3295 posterius
482 3230 557 3274 vero
581 3229 663 3290 saepe
682 3211 796 3286 licere;
817 3213 950 3293 ideoque
969 3234 1032 3276 non
1051 3220 1097 3277 te-

308 3300 1097 3384 neriCarthusianurncarnibusvesci,neealiquem

309 3391 405 3453 alium
428 3391 472 3452 uti
492 3389 630 3468 pretiosa
649 3393 679 3450 et
698 3390 851 3470 exquisita
865 3391 1039 3470 medecina,
1056 3391 1096 3453 od

308 3483 442 3542 mortem
465 3476 626 3538 vitandam
653 3496 661 3537 :
693 3495 751 3537 nec
779 3478 962 3539 secularem
989 3480 1097 3541 relicto

309 3565 465 3628 domicilio
490 3582 629 3644 quaerere
652 3563 858 3626 salubriorem
882 3585 987 3628 aerem
1011 3573 1099 3629 extra
1874 3636 1876 3640 ¹

308 3656 456 3735 patriam.
1196 3652 1301 3729 Oaoest.
1321 3653 1388 3714 tra.
1401 3686 1440 3696 —
1456 3649 1574 3725 Quanta
1587 3649 1627 3710 sit
1641 3647 1780 3728 oblipota'o
1793 3645 1947 3715 screandi,
1978 3711 2018 3754 m

350 3767 364 3801 a
390 3745 441 3805 Vl.
455 3743 650 3805 Excusantur
660 3739 746 3821 aegri,
759 3741 812 3822 qui
822 3744 916 3823 paulo
931 3748 1003 3806 aute
1018 3762 1099 3806 mor·
1153 3742 1200 3804 ecl
1211 3740 1410 3824 prolcopcndt
1421 3739 1537 3800 citam?
1551 3741 1587 3800 lt.
1605 3741 1658 3814 tl.
1672 3735 1950 3798 Circumcelliones

300 3839 383 3909 tem,
405 3851 500 3894 causa
519 3830 703 3892 humilitatis
723 3830 773 3890 vd
792 3831 865 3893 beni
886 3832 1030 3911 exempli,
1048 3849 1099 3910 pe.
1154 3832 1291 3893 hacretici
1314 3839 1454 3909 tempore
1474 3826 1666 3890 Constantini
1680 3821 1880 3903 Imperatoris
1896 3843 1951 3885 as·

307 3924 378 3984 tunt
391 3917 644 3994 humiecllecari,
658 3919 731 3997 quia
746 3937 807 3980 nen
822 3919 989 3983 intendunt
1002 3920 1099 3982 vitam
1154 3921 1318 3997 serebant,
1344 3935 1572 3998 quemcumque
1597 3914 1757 3976 hominem
1780 3931 1813 3974 se
1837 3911 1950 3972 iuteri-

308 4009 503 4073 abbraviare.
528 4011 564 4071 V.
589 4007 684 4088 vasq.
702 4007 722 4067 l.
739 4026 765 4068 c.
783 4007 879 4070 Addit
893 4012 1003 4088 Laym.
1019 4029 1049 4069 o.
1066 4011 1097 4086 5,
1154 4014 1291 4071 mentem
1311 4025 1377 4068 esse
1400 4007 1585 4084 Martyrem,
1602 4004 1656 4064 sed
1672 4001 1810 4063 damnati
1826 4003 1900 4060 sunt
1914 4001 1949 4060 in

308 4117 372 4160 non
385 4096 485 4158 teneri
508 4112 698 4176 quemquam
720 4095 831 4156 mediis
847 4096 1100 4160 extraordinariis
1155 4099 1248 4160 Cena.
1274 4092 1491 4170 Braahareosi,
1517 4093 1564 4154 uti
1586 4093 1681 4152 relert
1700 4092 1787 4168 Lago
1808 4088 1844 4148 de
1862 4087 1946 4150 Just.

308 4189 340 4248 et
362 4185 454 4245 nimis
478 4183 579 4260 duris,
600 4201 631 4243 v.
648 4201 679 4261 g.
697 4181 888 4244 abscissione
910 4185 1020 4263 cruris,
1038 4190 1097 4248 etc.
1154 4185 1184 4248 d.
1211 4189 1258 4262 40,
1283 4205 1313 4245 a.
1342 4188 1370 4260 l,
1395 4187 1427 4243 et
1449 4181 1561 4243 blenda
1583 4179 1613 4240 io
1633 4177 1713 4240 Stat.
1738 4177 1768 4238 d.
1791 4179 1821 4253 4,
1843 4195 1874 4237 η.
1890 4180 1947 4255 43,

307 4274 405 4335 vitam
428 4289 614 4334 conservare
637 4291 644 4331 :
670 4269 727 4331 nisi
752 4274 856 4332 tameo
881 4291 918 4333 ea
941 4273 1099 4335 communi
1154 4272 1237 4333 unde
1253 4271 1358 4333 relicto
1374 4270 1425 4330 illo
1441 4269 1550 4329 insano
1566 4283 1682 4342 errore,
1700 4263 1868 4326 dicendum
1884 4269 1947 4343 est,

307 4360 390 4422 beno
415 4361 455 4422 sit
477 4359 670 4432 necessaria;
697 4361 734 4420 V.
760 4360 845 4420 Less.
877 4359 900 4421 l.
925 4381 950 4423 c.
982 4363 1097 4424 Sancb.
1154 4360 1342 4440 quandoque
1367 4375 1434 4419 esse
1457 4352 1803 4436 gravam,quaudoque
1825 4351 1949 4414 nullam

308 4449 338 4511 d.
355 4451 404 4526 34,
422 4448 475 4509 ubi
490 4447 579 4523 dicit,
601 4446 760 4507 infirmum
775 4447 806 4508 in
822 4449 961 4528 periculo
975 4451 1096 4527 mortis,
1154 4449 1378 4528 obligationem
1391 4445 1536 4506 servandi
1551 4443 1648 4504 vitam
1659 4443 1707 4503 rel
1721 4441 1947 4522 prolongandi,

308 4538 333 4600 si
358 4537 397 4600 sit
419 4555 490 4616 spes
513 4535 642 4611 salutis,
667 4553 730 4596 nen
753 4554 845 4613 posse
869 4537 1100 4600 medicamenta
1153 4537 1198 4598 uti
1214 4532 1507 4615 explicatBuscmb.
1525 4532 1638 4612 quibus
1653 4531 1734 4592 adde
1748 4550 1826 4612 seqq.

308 4641 467 4704 respuere.
492 4626 559 4684 Non
579 4623 823 4684 videturtamen
839 4625 928 4704 virgo
943 4632 1099 4705 aegrotans
1192 4627 1261 4705 §2-
1289 4623 1436 4696 Quamvis
1463 4622 1560 4702 possit
1587 4621 1699 4701 aliquis
1727 4625 1860 4681 mertem
1884 4619 1948 4682 sibi

309 4711 610 4793 (perseloqueudu),
622 4711 721 4772 teneri
732 4712 836 4772 subire
852 4732 963 4774 manus
973 4713 1096 4792 Medici,
1153 4715 1270 4776 directe
1286 4733 1322 4772 ex
1337 4713 1420 4772 bono
1436 4712 1497 4770 hue
1513 4712 1632 4788 optare,
1649 4728 1680 4770 v.
1696 4726 1728 4786 g.
1746 4711 1778 4768 ut
1793 4707 1950 4768 liberetur

309 4801 358 4862 vel
373 4799 529 4879 Chirurgi,
542 4799 667 4879 quondo
683 4798 714 4859 id
730 4798 757 4859 ei
773 4801 992 4879 gravissimum
1007 4807 1099 4865 estet
1153 4801 1299 4864 aerumnis
1314 4799 1405 4860 morti
1421 4798 1481 4878 ipsi
1495 4798 1677 4880 aequalibus
1690 4800 1745 4858 aut
1758 4799 1793 4856 ut
1806 4797 1950 4874 peccatis

308 4889 409 4968 magis
434 4907 529 4968 quam
552 4892 684 4950 mertem
709 4889 808 4967 ipsam
832 4889 958 4969 horret,
983 4894 1096 4954 Esoob.
1153 4893 1192 4954 sit
1206 4891 1300 4968 liber,
1317 4889 1361 4953 uti
1382 4906 1454 4952 cum
1469 4888 1536 4949 aliis
1551 4883 1765 4949 doaetTamb.
1783 4883 1804 4945 l.
1821 4887 1851 4961 5,
1867 4904 1893 4945 e.
1912 4889 1946 4964 l,

308 4976 351 5040 E.
367 4983 397 5055 7,
413 4997 478 5059 ceap.
495 4981 524 5054 8,
542 4996 580 5038 ex
593 4977 737 5038 Turrino.
752 4977 838 5040 Sum,
853 4999 886 5060 p.
902 4984 929 5058 l,
946 4999 1009 5062 cup.
1026 4984 1096 5058 263,
1152 4983 1213 5060 53,
1230 5001 1260 5040 o.
1277 4983 1333 5054 3l;
1356 4985 1461 5039 tamen
1477 4975 1593 5037 nemini
1616 4974 1735 5035 licitum
1757 4976 1804 5034 est
1824 4971 1948 5036 directe

309 5065 378 5129 dub.
395 5070 425 5130 5.
1152 5070 1211 5131 sibi
1234 5073 1368 5130 mortem
1391 5066 1517 5127 inferre.
1546 5064 1636 5126 llatio
1661 5061 1851 5141 disparitatis
1876 5067 1947 5140 est,

348 5179 363 5214 a
390 5158 482 5234 Resp.
504 5159 534 5216 2.
558 5157 625 5217 Non
649 5155 722 5218 licet
744 5156 955 5232 emutilare,
978 5157 1034 5218 nisi
1059 5157 1099 5218 sit
1153 5158 1227 5240 quia
1241 5161 1328 5218 actus
1343 5154 1477 5236 optantis
1497 5157 1544 5215 est
1558 5152 1719 5229 inetficar,
1742 5151 1845 5224 idest,
1863 5150 1951 5212 sistit

309 5243 521 5307 necessarium
542 5243 583 5304 ad
604 5246 873 5307 conservationem
892 5245 1032 5323 corporis
1051 5250 1098 5307 to·
1152 5245 1183 5307 io
1199 5245 1365 5321 desiderio,
1380 5243 1464 5324 quod
1479 5261 1568 5304 suam
1583 5241 1792 5303 moralitatem
1807 5238 1950 5302 desumit

309 5333 390 5405 tius;
413 5333 487 5413 quia
506 5350 599 5393 neme
614 5337 660 5394 est
674 5353 802 5394 suorum
816 5333 1029 5394 membrorum
1044 5333 1097 5394 ab·
1152 5354 1171 5395 a
1192 5335 1328 5410 motivo,
1355 5333 1437 5412 qrrod
1462 5335 1565 5411 potest
1587 5349 1654 5392 esse
1677 5330 1813 5404 benum,
1840 5345 1948 5406 neque

310 5421 409 5482 solute
429 5421 585 5484 dominus
601 5425 686 5483 Less.
703 5421 733 5484 d.
751 5425 799 5484 lt.
819 5421 903 5486 Unde
916 5423 1055 5484 resolues:
1151 5421 1251 5483 tandit
1282 5423 1315 5480 in
1354 5420 1514 5482 laesionem
1548 5418 1679 5500 alicujus
1709 5416 1789 5500 juris
1823 5414 1947 5495 aliani,

350 5529 364 5570 a
390 5509 414 5574 1.
426 5509 492 5572 Neo
507 5508 581 5572 licet
594 5527 627 5572 se
642 5515 778 5573 castrare
794 5509 834 5573 ad
848 5509 1096 5574 conservandam
1151 5529 1225 5576 nam
1248 5529 1304 5594 pro
1333 5509 1447 5573 talibus
1475 5507 1716 5572 circumstantiis
1743 5505 1951 5590 praesumitur

1421 3438 1675 3502 ADDENDA.

1978 4667 2018 4713 'l'lt
