3994 6344
667 607 719 676 llll
740 605 1051 680 contendamus,
1624 621 1684 690 943

49 796 109 883 quis
121 797 200 862 velle
215 803 338 864 statum
352 799 531 880 religiosum
540 800 590 862 vel
604 799 832 863 sacerdotalem
886 799 964 864 nolit
976 803 1182 880 contractum,
1199 805 1230 866 et
1244 805 1310 865 tum
1321 823 1384 867 non
1393 808 1592 871 contrahitur
1603 809 1681 873 obli-

48 896 74 951 et
93 895 197 950 tamen
218 889 305 950 nolle
327 906 451 950 servare
466 887 640 950 castitatem
654 891 708 949 aut
726 887 831 966 legere
885 888 989 969 gatio;
1007 890 1172 952 cumenim
1188 891 1270 954 hanc
1281 910 1425 972 expresse
1439 897 1596 975 excludat,
1613 898 1683 960 hee

47 979 146 1038 llcras.
164 977 245 1037 biri
257 980 289 1038 2.
313 975 429 1056 requiri
458 976 597 1036 animum
615 993 649 1036 se
673 973 832 1055 obligandi
885 975 991 1038 volitic
1006 979 1169 1055 praevalet,
1186 983 1218 1040 et
1232 986 1462 1061 consequenter
1476 1003 1539 1046 non
1553 985 1684 1065 ponitur

46 1065 145 1125 saltem
157 1063 366 1143 implicitum
384 1063 545 1141 explicitus
555 1062 639 1123 enim
653 1079 716 1123 non
730 1061 832 1142 requi·
886 1067 1075 1141 contractus,
1093 1066 1146 1144 qui
1161 1067 1370 1131 essentialiter
1385 1076 1432 1134 est
1451 1090 1547 1134 causa
1564 1073 1683 1153 obliga·

46 1151 125 1226 titur,
148 1151 206 1212 sed
230 1150 353 1212 suflicit
371 1150 542 1211 deliberate
566 1155 597 1209 et
620 1147 737 1210 directe
753 1148 832 1208 inire
885 1151 989 1214 tionis.
1013 1153 1102 1214 Retio
1127 1172 1147 1214 a
1169 1155 1266 1234 priori
1290 1161 1348 1235 est,
1375 1158 1450 1238 quia
1467 1161 1594 1239 quando
1612 1161 1682 1223 duee

45 1242 234 1300 conuectum
252 1238 378 1319 qualem
392 1237 602 1298 communiter
611 1237 720 1298 ineunt
733 1235 832 1298 homi·
885 1239 1062 1301 voluntates
1075 1240 1134 1301 sibi
1149 1241 1300 1321 oppositae
1315 1250 1519 1324 concurrunt,
1536 1246 1591 1308 illa
1604 1265 1683 1326 prae·

45 1345 103 1401 nes,
126 1343 164 1386 ex
188 1345 254 1406 quo
276 1323 465 1386 contrahens
484 1325 618 1386 antehac
640 1324 832 1386 sufficienter
885 1327 971 1388 valet
994 1345 1064 1406 quae
1087 1346 1120 1388 se
1144 1331 1276 1393 reflectit
1295 1350 1392 1410 supra
1414 1334 1564 1412 alteram,
1590 1340 1622 1397 et
1644 1355 1683 1398 ex

45 1415 173 1491 sciverit,
191 1418 226 1476 et
241 1433 324 1474 nunc
340 1413 515 1476 virtualiter
532 1413 637 1474 adhuc
658 1413 736 1475 sciat
757 1412 831 1475 oriri
886 1414 980 1475 modo
1009 1415 1161 1478 tendendi
1189 1421 1237 1480 est
1267 1419 1443 1482 restrictiva
1479 1421 1581 1496 illius;
1614 1428 1683 1484 tum

3 1509 8 1584 l
46 1503 132 1564 talem
154 1503 383 1582 obligationem
409 1521 416 1562 :
440 1501 508 1562 baec
535 1500 675 1562 virtualis
700 1499 831 1561 intentio
887 1503 970 1562 enim
994 1503 1081 1582 prior
1107 1504 1214 1567 volitio
1243 1524 1307 1568 non
1335 1507 1511 1570 admittitur
1540 1508 1599 1570 nisi
1623 1511 1682 1576 sub

3 1595 4 1622 ³
44 1589 149 1652 suffieit
162 1590 204 1651 ad
222 1593 428 1652 Sacramenta
438 1593 470 1652 et
483 1592 575 1662 vota;
592 1604 667 1668 ergo
683 1586 832 1648 etiamad
885 1590 1124 1653 mortificatione
1139 1610 1234 1671 quam
1256 1595 1374 1656 reflexa
1386 1597 1571 1674 superaddit
1583 1617 1590 1658 :
1604 1616 1679 1676 ergo

45 1683 228 1741 contractus,
253 1679 334 1740 Dixi
354 1681 385 1740 3.
410 1696 447 1738 cx
470 1681 560 1757 parte
581 1677 743 1756 utriusque
758 1693 833 1737 con·
886 1679 912 1740 si
925 1679 994 1741 haec
1008 1679 1105 1740 addat
1117 1679 1235 1758 aliquid
1250 1681 1419 1743 excludens
1433 1683 1505 1762 hoc,
1530 1683 1617 1764 quod
1631 1703 1682 1746 es·

44 1766 207 1842 trahentis,
225 1785 300 1828 nam
315 1763 686 1845 contractusssdebetesse
700 1780 833 1824 conven·
886 1766 1058 1829 seutialiter
1065 1769 1211 1829 convenit
1220 1769 1327 1847 priori,
1341 1770 1408 1831 haec
1418 1771 1504 1850 prior
1519 1775 1567 1833 est
1580 1773 1678 1849 nulla,

44 1856 81 1916 tio
97 1856 235 1916 duarum
248 1856 449 1917 voluntatum
460 1854 491 1914 in
502 1852 631 1933 aliquid,
644 1851 727 1932 quod
738 1850 833 1912 etiam
886 1857 916 1916 2.
933 1855 1039 1916 Potest
1052 1853 1096 1916 ita
1116 1873 1150 1914 se
1171 1854 1288 1916 habere
1313 1859 1346 1918 ut
1364 1856 1416 1918 hio
1438 1862 1471 1920 et
1484 1877 1568 1920 nunc
1584 1859 1681 1922 nollet

3 1955 4 2018 j
44 1943 237 2020 promissioni
260 1942 417 2019 convenit,
443 1960 513 2022 quae
541 1958 604 2002 non
627 1939 746 2020 obligat
773 1936 832 1999 nisi
887 1941 1121 2021 obligationem,
1147 1942 1253 2004 adhuc
1269 1947 1375 2004 tamen
1390 1945 1465 2007 velit
1479 1946 1678 2025 contrahere,

3 2027 4 2032 ’
45 2031 258 2108 promissarius
277 2033 429 2108 acceptet.
886 2029 1030 2107 quamvis
1048 2028 1215 2090 inducatur
1238 2030 1398 2109 obligatio,
1425 2035 1457 2094 et
1478 2033 1511 2093 iu
1527 2032 1588 2095 hoc
1603 2053 1679 2096 casu

2 2119 27 2194 ,b
81 2117 174 2201 Otjic.
200 2119 388 2180 Contractus
412 2118 478 2178 sine
501 2135 656 2178 consensu
686 2115 830 2191 interno,
886 2117 1036 2196 prevalet
1049 2116 1154 2178 volitio
1168 2117 1385 2196 contrahendi,
1401 2119 1544 2200 adeoque
1558 2121 1679 2184 induci·

46 2213 161 2267 externe
174 2209 303 2268 tantum
316 2206 395 2282 initi,
413 2205 570 2266 habentur
583 2205 614 2264 in
625 2203 692 2266 foro
703 2209 831 2276 externo
886 2208 938 2267 tur
959 2203 1118 2284 obligatio.
1151 2207 1181 2266 3.
1213 2208 1320 2268 Potest
1353 2206 1399 2269 ita
1425 2225 1458 2268 se
1484 2207 1602 2270 habere
1644 2214 1679 2272 ut

45 2295 242 2373 prevalidis:
266 2313 342 2374 ergo
364 2295 415 2354 lex
437 2292 563 2372 supplet
582 2309 769 2354 consensum
784 2291 832 2350 in·
886 2293 1048 2373 oequaliter
1061 2291 1171 2354 tendat
1184 2293 1217 2354 in
1231 2296 1441 2374 contractum,
1467 2299 1499 2357 et
1521 2315 1584 2358 non
1599 2297 1679 2358 obli·-

46 2387 169 2444 ternum.
195 2381 345 2463 Confirm.
372 2382 446 2463 quia
468 2381 521 2461 qui
543 2381 588 2444 ita
608 2379 772 2456 conuexit,
794 2397 831 2440 ex
885 2381 1055 2461 gationem,
1073 2381 1103 2440 in
1120 2398 1182 2460 quo
1196 2398 1271 2442 casu
1285 2382 1391 2443 nectit
1404 2386 1593 2460 contractus,
1619 2401 1677 2446 nec

3 2545 4 2550 ἵ
43 2469 153 2549 justitia
184 2475 314 2534 tenetur
342 2475 492 2550 praestare
515 2488 583 2531 rem
612 2470 651 2530 de
675 2487 737 2549 qua
760 2486 831 2529 con·
885 2467 1044 2530 inducitur
1067 2467 1237 2547 obligatio,
1261 2470 1335 2548 quia
1358 2471 1502 2532 voluntas
1525 2471 1626 2532 tendit
1644 2471 1676 2532 in

46 2558 129 2618 traxit
150 2577 158 2618 :
183 2576 263 2638 ergo
287 2557 412 2638 signnm
436 2561 484 2619 est
505 2557 610 2618 valide
625 2555 828 2618 contraxisse.
885 2555 1003 2636 aliquid
1018 2555 1228 2635 impossihile,
1254 2555 1338 2636 quod
1353 2559 1400 2618 est
1419 2561 1597 2620 contractus
1610 2559 1676 2620 sine

46 2643 76 2704 a
97 2663 125 2704 n.
143 2663 275 2724 conseq.
296 2645 398 2705 torum
413 2648 576 2705 externum
602 2643 762 2723 presumit
774 2641 831 2702 ad·
884 2643 1085 2722 obligatione.
1099 2646 1148 2704 An
1163 2647 1268 2706 autem
1282 2644 1448 2722 promissio
1467 2645 1676 2708 externasine

46 2731 129 2791 luisse
143 2749 346 2808 consensum,
364 2733 439 2812 quia
452 2749 523 2792 cum
539 2730 652 2792 delicta
664 2748 726 2791 non
750 2745 832 2810 prae-
884 2732 1030 2792 animose
1041 2729 1199 2809 obligandi
1215 2730 1333 2811 obliget
1345 2732 1457 2794 saltem
1467 2733 1673 2812 exfidelitate,

46 2823 211 2896 sumantur,
230 2819 363 2900 quisque
390 2823 536 2881 censetur
549 2819 635 2900 loqui
656 2823 691 2880 ut
713 2819 826 2890 sentit;
885 2819 1007 2882 dicetur
1021 2837 1051 2878 n.
1065 2823 1136 2879 ΤΠ.

3 2901 5 2952 l
48 2907 281 2985 quodsiJudex
295 2925 362 2968 rem
376 2907 537 2987 adjudicet
550 2907 650 2985 alteri,
671 2925 734 2968 non
757 2905 832 2967 facit
924 2908 985 2986 Μ.
1003 2905 1350 2984 Probabiliusvidetur,
1366 2908 1450 2988 quod
1476 2906 1517 2970 ad
1535 2912 1677 2974 contrac—
1701 2929 1742 2978 ott

3 3021 5 3066 ,
46 2994 209 3074 supplendo
233 3013 421 3057 consensum
443 2995 621 3072 internum,
646 2994 830 3074 usquehuc
885 2999 952 3057 tum
974 2993 1168 3074 simpliciter,
1193 2993 1232 3055 de
1256 3013 1317 3074 quo
1337 2993 1411 3074 jura
1429 2995 1610 3077 loquuntur,
1627 3016 1678 3060 re·

3 3133 4 3136 ,
47 3081 209 3144 dominium
232 3083 420 3144 transfertur
444 3102 483 3144 ex
505 3083 535 3144 vi
559 3086 757 3159 contractae,
774 3081 830 3142 sed
884 3083 1027 3164 quiratur
1052 3099 1222 3142 consensus
1245 3085 1277 3142 in
1297 3083 1519 3162 obligationem
1532 3105 1674 3165 gravem,

3 3177 5 3250 g
47 3188 96 3248 per
113 3171 352 3251 dispositionem
376 3171 460 3233 Juris
482 3170 514 3232 in
534 3188 661 3250 poenam
684 3169 827 3246 fictionis,
884 3173 949 3232 sive
972 3171 1101 3233 intentio
1125 3189 1158 3232 se
1184 3171 1343 3250 obligandi
1368 3172 1523 3250 graviter,
1549 3174 1675 3255 quando

3 3295 5 3330 ,
48 3261 95 3318 aut
113 3276 169 3337 per
191 3258 369 3320 dominium
392 3258 502 3336 altum,
528 3257 827 3338 quodhabetltesp.
883 3257 1016 3320 materia
1036 3264 1083 3318 est
1101 3257 1217 3337 gravis,
1247 3258 1291 3320 ita
1314 3263 1401 3337 Lugo
1429 3279 1459 3322 a.
1491 3263 1543 3338 to,
1564 3267 1702 3324 contra·

3 3333 6 3550 ι
48 3344 74 3404 iu
86 3345 165 3407 bona
178 3345 387 3426 privatorum,
405 3346 529 3425 quando
544 3346 588 3406 sio
602 3345 698 3424 exigit
711 3345 829 3406 bonum
884 3345 1000 3409 Saneh.
1023 3345 1151 3425 Henriq.
1176 3351 1208 3405 et
1228 3345 1317 3407 alios.
1347 3346 1495 3408 Probatur
1505 3369 1517 3416 ,·
1543 3366 1617 3409 nam
1641 3348 1674 3408 in

49 3449 204 3494 commune
231 3452 239 3494 :
265 3431 310 3494 sic
341 3438 449 3495 autem
478 3433 575 3512 exigit
596 3433 628 3494 in
650 3431 828 3513 hujusmodi
884 3433 994 3513 primis
1020 3437 1141 3494 certum
1176 3437 1223 3495 est
1256 3438 1451 3496 contractum
1483 3435 1673 3498 Matrimonii

3 3555 5 3580 .
49 3519 171 3597 casibus,
187 3538 230 3580 ne
247 3519 354 3582 omnia
368 3520 557 3582 commercia
569 3521 709 3581 humana
722 3520 831 3581 fructi·
883 3523 950 3582 lore
964 3520 1147 3597 invalidum,
1165 3520 1190 3588 si
1206 3521 1276 3602 quis
1291 3540 1324 3582 se
1339 3526 1462 3584 tautum
1485 3523 1595 3584 leviter
1609 3523 1675 3586 vel-

3 3583 5 3646 l
50 3605 99 3666 bus
112 3613 143 3670 et
163 3609 278 3670 litibus
292 3611 442 3671 scateant.
457 3606 506 3670 Ad
518 3609 604 3689 Coos.
621 3608 694 3670 dist.
710 3611 775 3671 ant.
791 3627 830 3668 ex
883 3611 927 3671 let
940 3609 1099 3689 obligare:
1117 3627 1192 3688 ergo
1207 3609 1291 3670 idern
1306 3610 1473 3672 dicendum
1488 3615 1536 3674 esi
1548 3613 1587 3673 de
1602 3631 1674 3674 eon·

3 3648 5 3790 ξ
47 3693 445 3774 justitiateneturtradere,
470 3697 495 3758 si
519 3697 656 3760 causarit
680 3698 830 3759 damnum
883 3701 986 3760 tractu
1006 3696 1208 3777 sponsalium.
1233 3697 1387 3760 Similiter
1403 3701 1523 3760 certum
1550 3699 1675 3760 videtur

3 3791 6 3833 t
51 3783 130 3844 alteri
152 3785 242 3865 quod
264 3784 355 3847 aliter
376 3786 518 3864 reparari
539 3803 602 3847 non
635 3785 743 3865 possit,
760 3804 787 3847 c.
803 3784 830 3846 si
884 3785 969 3867 quod
991 3788 1170 3867 contractus
1191 3784 1368 3848 donationis
1391 3789 1423 3846 et
1442 3785 1543 3847 mutui
1557 3785 1675 3866 obliget

3 3837 9 3932 l
50 3869 157 3931 nullum
179 3872 334 3933 damnum
356 3872 503 3949 causarit,
528 3876 582 3934 aut
602 3872 662 3934 hoc
679 3872 849 3940 damnum,
883 3873 1033 3954 graviter,
1064 3873 1189 3953 quando
1204 3892 1254 3934 res
1266 3874 1383 3935 donata
1397 3874 1446 3935 vel
1459 3878 1603 3936 mutuata
1627 3878 1675 3935 est

51 3954 129 4018 aliter
148 3959 251 4038 possit
272 3959 423 4038 reparari,
449 3978 480 4022 n.
506 3966 570 4022 ant.
597 3965 628 4022 et
651 3977 737 4022 cons.
762 3963 831 4020 tum
884 3959 1008 4040 gravis3
1033 3977 1106 4021 nam
1131 3979 1188 4039 per
1203 3959 1271 4020 illos
1295 3965 1474 4023 contractus
1487 3961 1675 4022 translatum

52 4047 123 4107 enim
134 4051 262 4110 tenetur
272 4046 398 4110 madere
411 4053 533 4110 tantum
547 4067 585 4110 ex
600 4049 738 4128 quadam
752 4047 830 4108 fide·
885 4051 932 4109 est
955 4045 1128 4108 dominium
1149 4047 1193 4108 rei
1217 4049 1322 4128 gravis
1343 4069 1350 4109 :
1375 4066 1450 4128 ergo
1476 4048 1674 4129 essetgruvis

51 4131 125 4196 litote
138 4137 301 4216 obligante
316 4135 357 4198 ad
372 4137 598 4199 conformanda
609 4136 693 4199 facta
706 4136 827 4210 verbis;
884 4135 999 4216 injuria
1017 4134 1099 4196 hanc
1124 4135 1284 4198 retrahere
1308 4136 1435 4198 domino
1458 4136 1576 4198 invito:
1598 4154 1673 4216 ergo

52 4223 211 4303 exjustitia
223 4230 332 4287 umen
345 4227 469 4286 taretin
482 4224 640 4305 deponere
659 4224 827 4303 fictionem,
884 4224 969 4285 idem
984 4222 1108 4284 videtur
1121 4222 1290 4284 dicendum
1312 4225 1351 4285 de
1367 4223 1435 4284 aliis
1449 4223 1671 4286 contractibus.

53 4309 259 4393 quiaquisque
274 4311 372 4373 babet
388 4311 441 4392 jus
455 4316 490 4374 ut
503 4313 557 4394 qui
579 4329 687 4375 secum
706 4317 831 4375 contra·
883 4307 962 4371 Diri
982 4309 1023 4370 ad
1042 4313 1236 4372 contractum
1258 4311 1459 4390 simpliciter,
1494 4311 1569 4391 quia
1583 4311 1673 4373 sicuti

54 4395 93 4458 hit
109 4400 189 4460 serio
213 4399 382 4460 contrahat
404 4402 436 4460 et
458 4417 521 4461 non
548 4402 631 4476 ficte,
648 4403 679 4461 et
692 4400 737 4461 sic
763 4417 831 4460 me·
885 4396 996 4476 aliquis
1019 4401 1122 4476 potest
1143 4416 1259 4459 vovere
1283 4400 1347 4461 Dea
1374 4417 1442 4461 rem
1464 4417 1594 4478 gravem
1615 4399 1674 4460 sub

54 4483 126 4546 diote
140 4491 264 4549 tantum
278 4485 339 4547 dici
353 4491 457 4566 potest
469 4487 569 4550 teneri
584 4507 620 4550 ex
632 4485 754 4568 justitia
765 4491 830 4550 tra·
885 4483 1075 4562 obligatione
1089 4485 1161 4563 levi,
1187 4485 1231 4546 sic
1254 4486 1349 4548 etiam
1363 4486 1477 4566 poterit
1490 4486 1673 4566 promittere

53 4571 128 4652 dere,
143 4593 257 4655 nempe
268 4574 355 4654 prius
368 4576 515 4656 ponendo
528 4592 716 4638 consensum
736 4574 829 4636 inter·
884 4571 1022 4646 homini;
1047 4573 1110 4633 imo
1123 4573 1217 4634 etiam
1239 4573 1284 4634 sic
1305 4578 1410 4653 posset
1423 4574 1536 4656 aliquis
1550 4578 1672 4636 tantum

54 4675 128 4738 unm,
143 4679 260 4744 exque
275 4661 393 4724 orietur
408 4662 556 4743 obligatio
567 4661 708 4743 justitia.
884 4661 942 4723 sub
957 4661 1071 4723 veniali
1084 4680 1117 4722 sc
1131 4662 1211 4722 velle
1225 4661 1364 4742 obligare
1378 4680 1435 4742 per
1448 4661 1606 4740 sponsalia
1621 4662 1674 4724 vel

87 4750 155 4813 last.
168 4752 286 4812 Saltem
297 4749 349 4830 qui
358 4750 455 4814 habet
463 4751 603 4812 animum
611 4750 827 4826 contrahendi,
883 4768 941 4830 per
955 4749 1033 4810 alios
1047 4753 1236 4827 contractus,
1252 4750 1308 4811 sed
1322 4757 1389 4811 tum
1408 4769 1470 4812 non
1483 4757 1588 4812 essent
1601 4751 1676 4812 sim-

54 4839 182 4916 quamvis
205 4839 323 4901 habeat
345 4849 536 4921 expressum
550 4839 690 4901 animum
713 4857 745 4900 se
767 4857 829 4900 non
884 4839 1007 4920 pliciter
1020 4841 1210 4915 contractus,
1227 4838 1266 4898 de
1282 4837 1673 4919 quibusturaloquuntur,

55 4924 211 5005 obligandi,
236 4925 339 4989 valide
360 4927 542 5001 contrahet;
568 4927 621 5009 qui
651 4927 735 4989 enim
764 4929 832 4991 vult
884 4925 1010 5006 quando
1029 4925 1069 4986 de
1093 4925 1247 5006 ejusmodi
1268 4926 1478 4988 contractibus
1506 4931 1618 5006 agunt,
1648 4925 1676 4987 si

55 5027 178 5090 musam,
198 5015 267 5076 vult
287 5017 452 5088 ellectum
478 5015 530 5095 qui
549 5015 617 5076 vult
628 5016 828 5093 antecedens,
884 5015 967 5076 enim
980 5013 1049 5094 quis
1060 5019 1189 5076 vocatus
1203 5013 1233 5075 in
1248 5015 1265 5078 J
1269 5013 1406 5076 odicium
1417 5015 1626 5094 praetenderet
1642 5032 1676 5075 sa

54 5099 112 5162 vult
123 5119 325 5184 consequens
352 5101 405 5183 qui
428 5102 496 5164 vult
515 5102 659 5180 termam,
675 5103 743 5165 vult
756 5121 831 5164 con·
885 5103 1020 5165 noluisse
1035 5104 1221 5166 contrahere
1236 5103 1460 5183 obligationem
1484 5102 1542 5165 nisi
1560 5103 1673 5180 levem,

56 5188 204 5266 sequentia
228 5189 268 5250 ad
296 5189 441 5265 termam,
471 5187 515 5250 ita
543 5189 609 5250 Sot.
638 5191 714 5267 Lop.
734 5188 827 5251 liodr.
885 5191 1064 5269 diceretque
1080 5190 1131 5251 hic
1145 5194 1176 5252 et
1190 5207 1495 5252 noncesseoausam
1520 5189 1614 5250 etiam
1629 5187 1677 5248 le-

57 5271 168 5355 oliique.
192 5279 287 5357 Resp.
315 5277 431 5339 volens
453 5281 649 5338 contractum
678 5277 831 5339 etnolens
884 5294 967 5352 vem,
983 5294 1052 5355 qua
1067 5277 1231 5338 excusaret
1250 5275 1291 5337 ab
1312 5274 1380 5355 ejus
1403 5273 1595 5355 impletione,
1615 5273 1678 5336 uti·

56 5360 263 5442 alligationem
289 5369 393 5444 potest
424 5384 461 5426 cx
485 5365 579 5426 modo
612 5363 737 5427 tenendi
768 5382 832 5428 sure
886 5383 946 5446 que
968 5364 1189 5443 repelleretur:
1207 5382 1282 5442 ergo
1301 5363 1426 5444 signum
1447 5369 1494 5425 est
1517 5360 1601 5442 quod
1622 5360 1676 5422 uhi

56 5449 210 5516 voluntatis
232 5472 266 5516 se
290 5453 408 5514 habere
431 5451 665 5514 diversimodo:
691 5456 719 5514 l.
742 5454 834 5518 itaut
885 5451 1018 5514 materia
1037 5455 1084 5512 est
1105 5451 1221 5531 gravis,
1243 5450 1316 5533 jora
1330 5451 1427 5514 velint
1440 5447 1583 5516 contrahi
1597 5447 1677 5543 obli-³

58 5537 192 5630 primario
215 5539 294 5609 nolit
314 5540 557 5628 obligationem,
582 5540 716 5628 ideoque
740 5541 835 5606 etiam
886 5539 1046 5624 gailonem
1059 5557 1199 5622 gravem.
