4166 6346
317 537 377 622 tes
969 543 1087 613 bleda
1109 545 1305 624 QUARTUS.

318 761 389 826 qua
403 744 515 823 postea
528 738 569 801 ad
583 735 678 802 talem
693 752 784 799 usum
799 735 939 814 daretur,
964 734 1004 798 sit
1027 736 1113 798 nulla
1166 736 1242 800 tioni
1257 734 1434 798 consultam
1453 731 1565 812 videri,
1589 729 1615 796 si
1638 749 1677 798 aa
1699 733 1823 796 tantum
1849 733 1960 815 legata

317 838 350 894 ct
363 846 492 911 prorsus
507 827 605 905 irrita,
622 825 764 905 adeoque
779 823 850 886 talis
870 843 945 885 usus
968 842 1030 888 non
1054 841 1112 906 pc·
1166 823 1398 889 confidentialia
1412 827 1611 903 respuantur,
1628 823 1794 905 exquibus
1812 822 1963 886 videatur

317 921 390 983 terit
404 936 471 980 esse
485 916 587 978 licitus
603 913 757 992 Religioso
773 912 949 975 societatis.
1167 914 1284 976 utilitas
1295 912 1401 993 aliqua
1410 911 1441 973 in
1457 912 1644 975 Societatem
1657 912 1769 992 ipsam,
1782 911 1879 973 autin
1890 929 1967 990 par-

250 1025 292 1075 ru
371 1008 433 1087 58.
459 1003 569 1078 Quoad
598 1000 780 1082 quotidiana
806 1000 951 1062 videntur
978 999 1046 1062 haec
1074 1019 1113 1062 ex
1166 1004 1314 1066 ticulares
1333 1019 1482 1082 personas
1496 1000 1686 1079 redundare,
1711 1001 1767 1062 sed
1790 1010 1864 1061 cum
1888 999 1963 1062 huic
2074 989 2076 1056 ,¹

318 1091 543 1159 consuetudine
558 1089 694 1152 tenenda
711 1109 717 1151 :
735 1093 764 1152 l.
782 1091 837 1152 Est
849 1088 943 1150 venia
956 1089 1113 1168 generalis
1168 1091 1296 1152 decreto
1311 1090 1516 1150 intercessum
1530 1089 1639 1152 fuisset
1653 1109 1686 1152 re
1701 1090 1754 1150 diu
1765 1088 1966 1168 multumque

318 1181 438 1248 serendi
451 1199 510 1243 sua
524 1177 725 1240 resarcienda
739 1177 781 1240 ad
795 1183 948 1239 sartorem
964 1179 1013 1239 vel
1027 1183 1112 1239 suto·
1168 1177 1966 1258 agitatacongregationeomnibusintcrdictumrc
2075 1197 2076 1238 1

318 1292 397 1351 ram,
414 1271 598 1332 noneutem
622 1265 796 1347 accipiendi
824 1285 922 1340 n0va;
952 1267 977 1326 si
1005 1269 1112 1328 tamen
1167 1264 1968 1347 luitlegatorumhujusmodiexsecutionemaceep·
2075 1255 2076 1280 ¹

317 1363 361 1424 illi
375 1361 478 1423 lerant
491 1356 606 1438 quibus
630 1356 797 1420 commissa
821 1361 868 1418 est
891 1373 977 1430 cura,
1003 1373 1115 1433 possu—
1167 1359 1247 1432 tare,
1264 1373 1364 1434 eaque
1376 1354 1469 1432 plane
1484 1352 1605 1415 ratione
1615 1371 1678 1433 qua
1687 1356 1792 1416 Const.
1801 1371 1837 1436 p.
1850 1355 1882 1431 (i,
1898 1370 1925 1413 a.
1935 1355 1965 1428 3,
2075 1371 2076 1422 i

319 1467 390 1510 mus
417 1445 575 1510 ordinarie
600 1462 792 1524 praesumere
816 1443 992 1524 quodcum
1018 1443 1114 1506 facul·
1168 1444 1229 1522 57,
1246 1447 1506 1504 testamentorum
1530 1442 1688 1504 exsecutio
1713 1441 1903 1521 prohibetur
1925 1440 1968 1502 aa
2075 1483 2076 1498 .

290 1539 293 1545 “
318 1535 571 1600 soractense.
596 1534 629 1596 Si
653 1534 723 1614 quis
745 1551 817 1595 cum
841 1531 933 1594 venia
955 1531 1036 1593 leret
1060 1532 1114 1593 ali·
1169 1529 1260 1592 vertat
1277 1551 1283 1592 :
1301 1529 1487 1610 quoadfieri
1507 1533 1643 1608 potesta
1658 1531 1790 1610 negotiis
1805 1529 1969 1592 saeculari·
2075 1551 2076 1554 ¹

319 1626 395 1708 quid
411 1644 449 1686 cx
464 1642 526 1687 uno
546 1623 684 1702 Collegio
699 1623 740 1684 ad
755 1621 851 1699 aliud,
878 1640 941 1684 non
965 1625 1012 1683 est
1035 1639 1114 1700 opus
1168 1619 1229 1679 bus
1243 1617 1423 1680 abstineant
1438 1617 1556 1698 (qualia
1570 1621 1644 1681 sunt
1656 1616 1968 1680 testamentariomm
2075 1627 2076 1634 ’

320 1713 485 1777 ostendere
500 1713 532 1773 in
548 1713 616 1774 loco
632 1712 674 1773 ad
694 1730 788 1792 quem
812 1711 908 1786 venit,
933 1710 989 1771 sed
1012 1711 1115 1789 potest
1169 1708 1219 1768 vel
1233 1710 1464 1784 exsecutorum,
1483 1706 1569 1786 etc),
1587 1725 1645 1768 nec
1660 1725 1698 1768 ea
1725 1706 1796 1768 ullis
1816 1707 1968 1787 precibus
2075 1775 2076 1778 Ἴ

320 1803 372 1864 hic
386 1801 430 1864 uti
446 1805 501 1864 aut
515 1818 712 1877 consumere,
729 1803 860 1879 excepta
873 1799 1017 1874 pecunia,
1044 1816 1114 1878 qua
1170 1796 1298 1860 adducti
1313 1795 1496 1876 suscipiant,
1514 1799 1572 1858 etc.
1591 1796 1762 1875 Praeposito
1785 1800 1896 1858 tamen
1913 1797 1968 1858 Ga·

322 1888 408 1970 apud
435 1889 519 1951 hunc
545 1905 662 1950 novum
691 1887 894 1967 Superiorem
917 1885 1030 1967 deponi
1060 1886 1116 1946 de·
1170 1885 1269 1946 uenali
1283 1885 1334 1946 vel
1349 1883 1401 1962 qui
1418 1882 1458 1944 ab
1482 1901 1520 1945 eo
1542 1883 1724 1946 facultatem
1739 1883 1850 1960 habet,
1875 1883 1969 1945 relin-

320 1979 383 2042 bet.
409 1980 438 2039 3.
474 1977 523 2040 lld
551 1976 669 2054 scripta
691 1975 867 2036 mutuanda
888 1974 939 2036 vel
968 1971 1116 2037 donanda
1170 1973 1276 2052 quitur
1288 1971 1420 2033 facultas
1434 1970 1616 2050 dispensadi
1630 1970 1661 2032 in
1677 1990 1751 2034 casu
1777 1970 1887 2052 aliquo
1913 1989 1968 2032 ne·
2074 1969 2076 2038 ἑ

321 2069 469 2128 censetur
483 2082 550 2126 csse
565 2065 672 2137 veuia;
690 2064 814 2126 videtur
832 2069 938 2124 tamen
959 2061 1115 2142 generalis
1170 2059 1323 2122 cessitatis
1337 2060 1387 2121 vel
1402 2058 1531 2140 majoris
1545 2059 1697 2122 momenti
1712 2058 1751 2121 ad
1761 2061 1859 2121 finem
1869 2059 1968 2123 divini
2074 2053 2076 2074 ¹

320 2153 563 2234 veniapctenda
577 2151 618 2215 ad
640 2151 781 2232 pallium,
807 2151 929 2213 calceos
957 2155 989 2213 et
1002 2150 1117 2212 similia
1170 2147 1286 2208 servitii
1301 2149 1482 2228 proellxum3
1499 2171 1513 2207 n
1536 2149 1581 2209 ita
1608 2149 1779 2212 declaratio
1801 2149 1965 2231 adjuncta.
2074 2087 2076 2220 i

321 2244 507 2319 mutuanda,
523 2243 599 2304 item
623 2242 664 2303 ad
688 2259 739 2303 res
765 2258 879 2320 parvas
906 2238 1116 2320 acceptandas
1170 2235 1508 2316 VideripotestLugo,
1525 2236 1555 2300 d.
1571 2241 1620 2299 29.
1874 2249 1875 2252 ’
2075 2223 2076 2288 l

323 2332 374 2394 vel
392 2331 524 2393 dandas.
549 2334 580 2392 l.
605 2329 733 2392 Minime
757 2331 860 2409 potest
887 2328 963 2390 dare
991 2327 1116 2390 veniam
1211 2326 1292 2404 §tl
1309 2328 1426 2388 Domus
1441 2327 1581 2405 professa
1594 2345 1656 2388 non
1671 2330 1719 2390 est
1733 2343 1834 2407 capax
1854 2326 1898 2388 ad
1921 2345 1969 2388 re·
1991 2332 2024 2380 {tl
2074 2291 2076 2412 i

318 2436 376 2500 pro
412 2419 506 2480 rebus
532 2417 738 2495 mutuandis,
775 2416 988 2497 cujuscunque
1023 2415 1116 2497 pretii
1170 2413 1300 2476 tinenda
1321 2413 1406 2476 bona
1427 2414 1611 2492 immobilia,
1636 2420 1692 2478 aut
1723 2415 1880 2492 redditus,
1915 2415 1970 2475 aut
2075 2451 2076 2470 r

319 2506 401 2582 sint;
418 2505 474 2569 sed
488 2506 696 2569 communiter
711 2524 774 2567 non
788 2506 884 2568 habat
906 2505 965 2567 nisi
989 2505 1030 2568 ad
1052 2523 1117 2566 mc·
1172 2503 1301 2580 fructus,
1319 2502 1372 2582 qui
1386 2501 1568 2564 reddituum
1582 2503 1651 2565 loco
1665 2521 1734 2564 esse
1753 2501 1896 2584 possint;
1923 2503 1969 2562 est
2075 2487 2076 2544 i

320 2595 411 2658 dium
425 2595 625 2675 Imperialcm
640 2595 670 2655 in
686 2594 831 2674 pecunia,
853 2593 969 2655 autad
992 2611 1059 2655 rem
1081 2591 1117 2653 il·
1171 2593 1278 2652 amen
1292 2607 1392 2669 capax
1413 2590 1550 2670 propriae
1574 2590 1787 2670 habitationis,
1810 2591 1897 2654 villae
1919 2588 1968 2651 vel
2074 2547 2076 2662 i

320 2683 381 2746 lius
393 2683 485 2764 pretii
501 2683 640 2744 dandam
653 2682 703 2744 vel
717 2679 954 2761 acceptandam.
1171 2677 1254 2740 horti
1268 2674 1451 2754 suburbani,
1468 2677 1513 2740 uti
1529 2677 1664 2740 habetur
1685 2677 1717 2738 in
1741 2679 1863 2755 donst,
1887 2695 1921 2759 p.
1936 2677 1965 2753 6,

252 2807 293 2854 ,45
362 2773 422 2852 §a
440 2771 473 2835 Si
488 2771 595 2853 aliqua
618 2769 865 2832 Confraternitas
888 2769 938 2832 vel
962 2767 1117 2830 Sodalitas
1171 2781 1197 2825 c.
1213 2763 1316 2843 2,§5‚
1333 2769 1497 2846 potestque
1523 2765 1567 2828 uti
1590 2765 1743 2828 fructibus
1767 2763 1969 2847 bincprovc·

319 2858 521 2936 dissolvatur,
541 2875 631 2920 sacra
660 2857 815 2939 supellex,
848 2874 919 2937 quae
942 2854 1020 2917 huic
1049 2857 1118 2916 erat
1172 2850 1339 2927 aientibus
1357 2851 1401 2912 uti
1409 2852 1553 2931 pluribus
1564 2853 1802 2934 exponitbugo,
1820 2853 1903 2935 disp.
1916 2853 1965 2914 lt).

319 2945 457 3028 propria,
474 2951 582 3007 manet
596 2944 637 3006 ad
652 2962 744 3007 usum
758 2944 875 3008 domus
899 2943 949 3004 vel
973 2942 1115 3022 collegii,
1210 2938 1291 3017 512.
1308 2939 1377 2999 Non
1391 2946 1439 3001 est
1452 2941 1572 3003 licitum
1587 2941 1695 3004 domui
1710 2942 1860 3021 professae
1883 2939 1968 3002 fruc·
1990 2949 2024 2996 aa

320 3033 394 3116 quia
407 3032 477 3094 talis
491 3031 693 3112 presumitur
707 3031 802 3092 luisse
821 3030 966 3092 voluntas
980 3033 1035 3092 aut
1049 3046 1117 3090 csse
1171 3030 1221 3090 tus
1237 3026 1319 3088 horti
1333 3027 1470 3090 vendere
1483 3028 1534 3090 vel
1558 3029 1685 3091 hortum
1708 3030 1843 3105 elocare,
1862 3045 1967 3112 neque

322 3137 492 3185 consensus
508 3119 671 3186 Sodalium
686 3119 826 3201 quandiu
842 3117 961 3198 aliquid
976 3135 1039 3179 non
1055 3135 1118 3179 res-
1172 3132 1211 3177 ex
1225 3115 1293 3177 uvis
1306 3116 1409 3178 lacere
1423 3117 1635 3196 provisionem
1648 3117 1725 3196 vini,
1742 3137 1844 3200 nequa
1854 3138 1898 3180 ex
1907 3118 1968 3180 frn-

320 3208 415 3282 citur;
434 3208 512 3271 tales
527 3207 610 3270 enim
626 3207 826 3271 Sodalidates
841 3225 904 3271 non
919 3209 992 3268 sunt
1004 3223 1117 3286 corpus
1173 3207 1281 3266 mento
1297 3222 1412 3284 panem
1427 3211 1482 3270 aut
1494 3207 1694 3281 cerevisiam
1710 3211 1816 3287 posset
1828 3208 1894 3270 seri
1908 3208 1969 3270 bu·

320 3295 442 3374 stabile,
459 3294 516 3358 sed
530 3299 661 3358 manent
676 3296 873 3359 dissolubiles
892 3295 933 3357 ad
952 3294 1117 3358 arbitrium
1172 3297 1314 3355 mentum
1324 3299 1360 3356 ut
1372 3313 1393 3355 a
1403 3295 1554 3376 jumentis
1564 3296 1597 3357 in
1607 3295 1706 3357 herba
1716 3295 1966 3368 consumeretur,

321 3382 496 3461 Societatis,
515 3386 547 3446 et
561 3383 586 3445 si
604 3384 673 3445 hac
691 3383 828 3447 dimittat
843 3383 1116 3463 gubernationem,
1173 3381 1248 3446 item
1262 3386 1310 3444 est
1323 3382 1382 3463 ipsi
1396 3383 1614 3447 licitumalerc
1628 3384 1773 3465 gallinas,
1803 3388 1835 3447 et
1851 3385 1967 3446 harum

321 3473 381 3534 boc
395 3473 463 3551 ipso
479 3471 708 3550 dissolvuntur,
725 3491 783 3534 nec
804 3475 936 3552 possunt
957 3471 998 3532 ad
1021 3471 1118 3533 alium
1173 3489 1234 3534 ova
1246 3470 1296 3532 vel
1309 3470 1412 3551 pullos
1435 3471 1548 3547 edere;
1574 3473 1651 3534 item
1673 3472 1791 3534 habere
1805 3473 1968 3535 columbas

320 3561 426 3624 locum
436 3579 492 3641 pro
502 3560 593 3622 libitu
605 3560 739 3623 transire
756 3579 850 3641 :argo
861 3560 1118 3640 praesumendum
1172 3557 1223 3620 vel
1236 3575 1312 3638 apes
1326 3559 1367 3620 ad
1382 3577 1474 3620 usum
1487 3557 1618 3637 domus3
1642 3561 1719 3622 item
1741 3561 1912 3640 porcellos,
1935 3565 1968 3620 ut
2074 3587 2076 3624 r

321 3646 467 3727 estquod
491 3645 667 3708 dominium
691 3653 948 3710 ornamentorum
971 3647 1119 3728 acquira-
1172 3661 1228 3708 suo
1243 3650 1384 3726 tempore
1411 3651 1605 3723 mactentur,
1636 3649 1712 3712 item
1738 3649 1908 3729 piscinam,
1936 3649 1967 3709 in

323 3739 376 3799 tur
389 3737 457 3797 loco
472 3735 504 3796 in
519 3753 581 3815 quo
596 3735 722 3799 fuerant
732 3741 861 3811 erectoe3
877 3738 970 3816 Lug,
984 3736 1015 3798 in
1028 3735 1115 3816 Resp.
1172 3752 1237 3816 qua
1249 3733 1361 3812 pisces,
1379 3752 1441 3797 non
1455 3741 1562 3798 tamen
1576 3736 1740 3817 lomagna
1762 3736 1864 3817 copia,
1892 3736 1968 3799 ado-

328 3823 420 3901 Mor„
437 3821 460 3886 l.
476 3827 507 3900 l,
523 3821 553 3884 d.
571 3826 618 3885 lt.
635 3822 696 3886 Ubi
711 3842 749 3884 ex
763 3823 926 3886 occasione
946 3822 1119 3885 notandum
1172 3821 1310 3894 lescant;
1334 3822 1453 3884 licitum
1468 3823 1563 3885 etiam
1587 3830 1635 3886 est
1655 3825 1773 3887 habere
1798 3842 1966 3888 commune
2074 3867 2076 3884 .

325 3916 374 3974 est
394 3910 479 3992 quod
494 3911 693 3988 sodalitates,
713 3917 748 3973 ut
775 3910 941 3992 aggregari
955 3911 1074 3989 possint
1088 3905 1120 3971 et
1173 3927 1246 3971 cum
1259 3909 1328 3971 aliis
1338 3909 1391 3990 jus
1402 3910 1525 3973 modice
1539 3911 1681 3992 piscandi
1692 3912 1725 3974 in
1735 3915 1966 3992 praeterfluente
2074 3985 2076 4004 ⁴

329 3998 390 4061 frui
416 3997 587 4078 privilegiis
614 3997 754 4079 majoriis
786 3998 967 4061 sodalitatis
998 4001 1116 4074 ltomae,
1173 4014 1282 4070 amne;
1313 3996 1445 4078 quodsi
1468 3997 1588 4062 fructus
1612 4017 1674 4061 uno
1697 4001 1967 4063 annoabundan·
2075 4009 2076 4060 ζ

329 4086 466 4149 debcant
485 4086 595 4148 haberi
618 4085 650 4147 in
673 4087 750 4149 locis
774 4087 814 4149 ad
837 4086 1024 4151 Societatem
1047 4104 1120 4166 pen-
1170 4091 1220 4148 tes
1235 4103 1297 4147 non
1312 4087 1433 4165 possint
1446 4105 1466 4148 a
1480 4087 1574 4150 domo
1589 4089 1743 4166 consumi,
1764 4107 1828 4152 non
1843 4090 1918 4153 ideo
1931 4089 1967 4152 li·
2074 4083 2076 4114 l

328 4174 500 4237 tinentibus
513 4174 625 4237 saltem
640 4173 745 4255 quoad
767 4193 859 4238 usum
882 4174 1027 4251 liberum,
1053 4175 1119 4236 sive
1173 4174 1271 4236 citum
1285 4180 1332 4236 est
1345 4175 1481 4237 vendere
1494 4175 1536 4237 ad
1550 4177 1684 4239 emenda
1699 4177 1762 4239 alia
1775 4177 1964 4254 accesserim

324 4280 383 4342 per
408 4260 660 4340 conductionem,
690 4263 756 4326 sive
790 4282 848 4343 pcr
884 4263 1120 4326 concessionem
1168 4263 1217 4325 uti
1232 4281 1290 4324 nuc
1302 4268 1494 4343 permutare,
1509 4283 1541 4326 v.
1570 4284 1616 4345 g„
1646 4283 1725 4328 uvas
1747 4285 1822 4330 cum
1848 4266 1963 4340 tritico;

324 4349 443 4412 domini
470 4349 511 4412 ad
541 4351 669 4433 aliquod
692 4354 827 4431 tempus,
851 4351 895 4414 ita
921 4354 956 4413 ut
979 4351 1119 4414 Societas
1168 4351 1456 4432 ·quotiesenimres
1478 4357 1526 4416 est
1551 4354 1710 4434 prohibita
1735 4356 1845 4436 vendi,
1872 4357 1965 4420 etiam

324 4438 511 4519 primarium
534 4457 626 4501 usum
650 4440 766 4503 habeat
788 4459 861 4502 cum
884 4440 956 4522 jure
978 4441 1021 4502 ibi
1053 4458 1119 4502 ma·
1172 4444 1318 4503 censetur
1329 4441 1488 4520 prohibita
1500 4444 1684 4522 permutari.

324 4527 419 4589 nendi
435 4531 466 4588 et
480 4532 601 4590 ceteros
616 4529 804 4609 expellendi,
816 4530 854 4592 V.
870 4529 1054 4612 bugadicp.
1065 4533 1115 4592 to.
1211 4529 1291 4608 §la
1308 4530 1419 4592 Domui
1435 4529 1582 4609 professae
1594 4531 1715 4594 licitum
1725 4537 1774 4597 est
1785 4535 1963 4617 relinquere
1986 4549 2019 4596 w

364 4613 446 4694 810.
463 4615 504 4677 Ut
518 4616 619 4695 magis
637 4622 822 4678 occurratur
836 4617 1052 4681 occasionibus
1065 4619 1120 4679 lae-
1172 4617 1283 4678 colono
1311 4616 1392 4679 horti
1419 4617 1558 4694 lructus;
1583 4619 1680 4682 etiam
1706 4638 1780 4682 cum
1808 4625 1963 4702 potestate

325 4699 436 4763 denda
450 4703 660 4782 paupertatis,
679 4701 875 4787 Conprepatio
886 4708 932 4774 12,
945 4705 1058 4768 decreto
1066 4709 1116 4784 38,
1169 4701 1347 4782 ¹vendendi,¹
1356 4705 1382 4764 si
1391 4705 1485 4783 volet,
1499 4723 1539 4766 ne
1553 4705 1663 4769 hortus
1679 4713 1808 4772 mancat
1817 4709 1961 4786 incultus,

325 4789 371 4852 sic
385 4791 516 4853 statuit:
539 4811 554 4848 n
568 4793 613 4853 De
633 4792 745 4871 legatis
765 4793 1037 4856 confidentielibus
1061 4795 1119 4856 du·
1172 4797 1293 4856 retento
1317 4798 1423 4858 tamen
1434 4794 1505 4876 jure
1526 4795 1728 4858 habitationis
1742 4801 1775 4860 ct
1795 4799 1965 4862 recreatio·
2074 4845 2076 4854 ,

326 4876 461 4939 bitatum
476 4878 631 4942 nostrisne
645 4879 738 4942 licent
752 4884 915 4960 acceptare
930 4881 1034 4962 legata
1049 4900 1119 4964 quae
1172 4882 1241 4955 nis;
1267 4901 1329 4943 non
1353 4888 1528 4946 astantem
1554 4884 1674 4947 licitum
1697 4886 1843 4966 accipere
1873 4901 1964 4950 unam

324 4963 561 5027 confidentialia
574 4971 702 5045 vocant,
718 4985 790 5030 cum
805 4968 874 5049 quis
886 4973 1016 5032 testator
1030 4971 1120 5032 deca·
1173 4975 1296 5050 partem
1309 4971 1468 5033 fructuum
1482 4972 1591 5035 relicta
1605 4973 1648 5034 illi
1662 4974 1763 5036 altera
1775 4981 1870 5054 parte
1885 4975 1965 5040 velut

326 5053 403 5115 dens
426 5053 517 5134 jubet
540 5060 659 5119 certam
686 5057 778 5120 alicui
801 5077 821 5119 a
843 5059 957 5120 nostris
978 5060 1119 5138 pecunia
1173 5060 1206 5119 in
1228 5062 1408 5121 mercedem
1430 5059 1559 5137 laboris,
1583 5060 1616 5121 id
1631 5062 1716 5122 enim
1739 5068 1824 5126 esset
1845 5063 1962 5126 clocam

326 5158 483 5228 summam
497 5148 552 5207 aut
564 5161 632 5206 rem
643 5164 661 5206 a
671 5145 735 5207 suis
750 5145 927 5208 haeredibus
942 5147 1010 5209 dari
1025 5167 1120 5228 quam
1164 5147 1320 5221 ·hcntum;
1338 5148 1400 5211 imo
1417 5167 1474 5210 nec
1488 5149 1613 5212 videtur
1628 5150 1748 5214 licitum
1762 5169 1838 5212 cum
1855 5153 1963 5214 colono

327 5228 380 5290 ille
390 5227 482 5310 juxta
494 5231 651 5294 testatoris
665 5239 803 5295 mentem
817 5233 876 5295 sibi
900 5239 1020 5298 secreto
1035 5254 1122 5316 com·
1174 5252 1362 5297 concurrere
1384 5237 1425 5298 ad
1448 5255 1600 5316 expensas
1621 5238 1762 5317 culturae,
1786 5243 1819 5302 ct
1832 5242 1902 5302 tum
1914 5255 1963 5318 pa·
2074 5294 2076 5321 ,

325 5318 520 5380 manicatam
548 5320 726 5399 impendat;
757 5321 860 5403 major
890 5321 1018 5402 quidem
1046 5343 1121 5404 pars
1175 5322 1248 5384 cisci
1265 5323 1304 5384 de
1327 5328 1416 5404 parte
1439 5325 1598 5388 tractuum
1612 5325 1771 5405 habenda,
1797 5327 1963 5408 quiacssct
2074 5331 2076 5404 ξ

325 5423 399 5468 cum
412 5406 559 5470 Patribus
573 5408 732 5488 deputatis
743 5409 897 5490 judicavit
911 5412 1029 5476 satis‘et
1043 5432 1122 5492 pau·
1175 5412 1399 5493 equivalentar
1411 5411 1524 5476 locatio
1543 5415 1655 5477 saltem
1666 5413 1764 5494 partis
1778 5413 1962 5489 horti;binc
2074 5405 2076 5460 ἶ

326 5495 458 5586 peitatis
483 5495 698 5562 observationi
722 5502 755 5560 et
775 5499 939 5564 societatis
963 5500 1121 5566 existima·
1175 5501 1274 5565 multo
1288 5500 1392 5565 minus
1406 5501 1526 5567 licitum
1540 5506 1587 5567 ast
1600 5502 1737 5568 vendere
1751 5504 1963 5586 partembuc·

256 4667 300 4718 lid
