3998 6344
307 556 367 626 3l8
877 553 994 624 LiBEit
1020 553 1200 639 TERTIUS,
1226 558 1327 626 PARS
1349 552 1388 626 li.

310 766 383 812 men
404 747 430 810 si
453 750 563 828 postea
586 747 771 828 exponatur,
787 746 883 811 babet
902 747 1041 811 valorem
1056 747 1101 809 iu·
1155 752 1207 812 tur
1220 749 1262 812 ab
1275 751 1427 830 emptore,
1443 750 1574 826 uterque
1588 744 1621 808 in
1635 743 1762 808 delectu
1777 739 1937 808 altariuaio

309 836 478 899 trinseoum
498 840 529 899 at
543 853 762 909 communem
784 854 801 898 e
816 839 924 898 contra
938 835 964 898 si
979 839 1025 898 est
1034 852 1103 896 ma·
1155 835 1289 899 solidum
1303 841 1428 899 tenatur
1441 833 1623 908 restituere;
1638 833 1728 914 prius
1741 839 1849 896 tamen
1863 850 1938 913 emp

308 923 459 986 terialiter
472 923 560 1002 falsa,
574 923 648 1005 quia
660 923 710 985 vel
724 924 813 986 deest
823 924 946 1003 pondus
957 941 1101 985 commu·
1154 930 1215 1002 tor,
1239 924 1313 1004 quia
1335 941 1408 985 cum
1430 921 1657 1002 absumpserit,
1680 924 1832 984 censetur
1850 920 1938 1001 magis
1995 959 1997 1004 ,

309 1012 391 1074 niter
423 1013 627 1093 requisitum,
656 1013 706 1074 vel
734 1013 822 1075 deest
852 1011 938 1092 justa
967 1010 1101 1074 materia
1155 1012 1298 1074 nocuisse
1319 1011 1458 1088 domino,
1478 1011 1523 1073 ita
1544 1028 1617 1072 oum
1640 1009 1710 1072 aliis
1733 1009 1848 1072 Tamb.
1869 1007 1936 1088 ti,

309 1100 419 1162 saltem
434 1105 575 1179 exparte
590 1099 737 1174 notabili;
749 1100 803 1180 qui
813 1100 947 1162 scienter
961 1099 1099 1180 exponit,
1155 1108 1194 1161 tr.
1210 1104 1240 1178 2,
1255 1119 1281 1162 c.
1297 1103 1328 1177 8,
1343 1119 1374 1162 a.
1390 1105 1425 1172 6;
1442 1101 1533 1178 Spor.
1552 1118 1583 1160 n.
1602 1101 1653 1160 59.
1996 1147 1997 1150 η

309 1192 419 1268 peccat
432 1193 542 1251 contra
552 1188 707 1270 justitiam
716 1206 788 1249 cum
799 1206 893 1249 onere
903 1186 1098 1250 restituendi.
1194 1188 1250 1268 §2
1268 1188 1301 1253 Si
1311 1189 1429 1250 vendas
1444 1205 1571 1267 equum,
1583 1184 1774 1266 quembona
1784 1185 1847 1247 fide
1857 1188 1937 1265 putas
1955 1217 1997 1264 η

309 1276 446 1350 Quodsi
471 1276 540 1357 quis
564 1275 745 1356 ignoranter
763 1276 956 1356 exposuerit,
977 1280 1102 1338 tenetur
1155 1294 1222 1338 asse
1232 1282 1332 1353 tuum,
1342 1276 1435 1339 Caius
1444 1278 1550 1336 autem
1561 1274 1634 1336 dato
1646 1272 1748 1352 pretio
1759 1275 1938 1336 emitsciem
1995 1255 1997 1354 i

308 1364 447 1442 recipere
463 1368 495 1427 et
507 1368 712 1440 commutare,
724 1363 749 1424 si
765 1365 878 1427 resciat
888 1369 943 1427 aut
952 1364 1102 1443 probetur
1155 1385 1218 1428 non
1229 1383 1296 1427 osse
1307 1365 1549 1442 tuum,sedesse
1565 1361 1756 1441 Sempronii,
1768 1367 1804 1424 tu
1814 1365 1938 1444 acquiris
1995 1355 1997 1436 i

309 1451 498 1532 exposuisse.
530 1451 680 1514 Similiter
712 1451 766 1532 qui
799 1452 974 1530 acceptavit
1005 1450 1102 1513 etiam
1157 1453 1329 1515 dominium
1345 1451 1448 1531 pretii,
1469 1469 1527 1512 nec
1541 1449 1655 1514 teneris
1670 1449 1847 1530 quidquam
1860 1451 1938 1514 resti-
1996 1481 1997 1530 g

307 1539 499 1622 ignoranter,
515 1539 542 1600 si
557 1546 667 1620 postea
680 1539 993 1601 advertatdefectum
1008 1544 1101 1601 atne·
1155 1545 1259 1618 tuere,
1282 1559 1343 1602 oon
1366 1539 1571 1619 Sempronio,
1597 1538 1642 1598 uti
1657 1557 1687 1598 a.
1708 1541 1785 1615 966,
1810 1539 1935 1614 dicatum
1996 1543 1997 1602 j

307 1627 386 1691 sciat
398 1648 419 1691 a
432 1647 493 1709 quo
508 1629 675 1708 acceperit,
691 1633 816 1692 tenetur
825 1629 1032 1708 supprimere,
1045 1630 1101 1688 aut
1155 1647 1213 1691 neo
1227 1628 1317 1705 (laio,
1333 1628 1388 1708 qui
1401 1627 1575 1690 voluntarie
1587 1626 1620 1688 iu
1629 1632 1661 1690 te
1674 1628 1839 1690 transtulit
1852 1627 1936 1690 domi·
1995 1635 1997 1710 l

308 1716 430 1780 detecto
451 1716 526 1780 vitio
547 1717 685 1780 vendere
707 1717 815 1797 quanti
839 1720 972 1796 potest:
998 1729 1099 1795 neque
1154 1715 1489 1796 niumpretii;sciebat
1498 1714 1707 1796 enimequum
1717 1733 1788 1778 esse
1798 1715 1935 1794 alienum,
1995 1715 1997 1798 l

307 1809 410 1887 potest
424 1824 579 1886 exponere
593 1805 650 1886 'pro
664 1808 756 1886 pleno
767 1807 885 1884 valore,
897 1809 933 1868 ut
943 1824 975 1866 se
987 1803 1099 1865 reddat
1155 1808 1186 1868 et
1200 1809 1304 1868 tameo
1320 1805 1416 1866 dabat
1426 1802 1561 1883 pretium
1571 1804 1680 1865 volens
1693 1821 1728 1864 aa
1738 1821 1777 1865 eo
1787 1803 1934 1880 abdicare
1995 1801 1997 1878 t

308 1894 503 1969 indemnem3
520 1912 608 1957 error
623 1895 707 1956 enim
725 1913 815 1956 meus
836 1893 892 1956 soli
907 1891 983 1953 mihi
1007 1891 1101 1952 debet
1155 1899 1189 1956 ut
1207 1893 1259 1974 jus
1279 1894 1507 1974 qualecumque
1531 1893 1563 1954 in
1583 1909 1700 1972 equum
1730 1893 1782 1954 vel
1805 1892 1932 1974 aliquem
1995 1897 1997 1982 ,

308 2001 434 2056 nocere,
450 1987 533 2046 etex
556 2001 592 2045 ac
608 1984 692 2064 quod
706 1984 766 2045 sim
789 1983 950 2062 deceptus,
967 1999 1030 2042 non
1053 1984 1101 2043 est
1154 1981 1221 2062 ejus
1236 1999 1327 2044 usum
1345 1981 1532 2061 acquireret,
1550 1982 1640 2059 Spor.
1657 2000 1676 2040 a
1692 1983 1743 2044 58.
1995 1983 1997 2066 J

307 2071 384 2133 mihi
398 2071 518 2134 licitum
533 2072 678 2151 decipere
693 2073 838 2148 alterum,
857 2070 913 2132 sed
928 2069 1101 2130 detrimen·
1193 2072 1211 2151 §
1225 2073 1254 2132 3.
1278 2070 1310 2134 Si
1329 2071 1413 2133 bona
1426 2069 1487 2131 llde
1501 2087 1639 2130 mercem
1655 2068 1820 2148 propriam
1839 2069 1936 2132 reodi-
1955 2077 1983 2124 tlt

307 2163 376 2223 tum
389 2160 466 2222 illud
480 2161 639 2240 assignare
650 2160 750 2222 debeo
761 2178 839 2221 maae
850 2157 1098 2238 improvidentiae
1154 2159 1237 2237 disti,
1262 2158 1317 2221 sed
1335 2177 1392 2238 pro
1414 2157 1513 2237 pretio
1535 2157 1649 2220 furtivo
1673 2158 1751 2238 (aut
1772 2157 1935 2220 secuudum

307 2247 475 2320 velcasui3
506 2250 583 2310 Nar.
607 2247 722 2327 aliique
746 2247 790 2308 ita
811 2253 846 2307 ut
869 2247 959 2324 Spor.
983 2264 1012 2306 n.
1038 2247 1097 2321 39,
1154 2245 1282 2326 Lugod.
1298 2250 1329 2324 6,
1345 2249 1457 2322 mill,
1473 2245 1499 2306 si
1514 2244 1681 2324 pecuniam
1695 2244 1936 2308 furtivamaoce·
1995 2251 1997 2326 t

307 2334 419 2396 merito
436 2334 521 2397 dicat
542 2353 609 2397 esse
638 2334 793 2408 omnium3
831 2333 904 2394 hinc
925 2331 1100 2393 audiendus
1154 2336 1226 2414 pisti
1236 2353 1293 2415 pro
1309 2333 1481 2413 debito),si
1492 2337 1675 2412 compareat
1686 2333 1835 2396 dominus
1844 2333 1933 2413 pretii,

308 2442 371 2484 non
388 2427 436 2486 est
453 2423 542 2485 Dian.
558 2444 593 2505 p.
619 2426 649 2501 3,
677 2432 717 2485 tr.
733 2425 764 2500 6,
789 2424 827 2484 lt.
849 2425 880 2499 3,
905 2421 1013 2484 dicens
1027 2437 1100 2481 eum
1155 2425 1270 2486 teneris
1291 2423 1465 2500 restituere,
1489 2423 1514 2484 si
1528 2422 1632 2484 adbuc
1647 2426 1749 2484 exstet
1764 2441 1773 2484 ε
1789 2423 1816 2484 si
1840 2429 1936 2484 autem

307 2510 512 2590 probabiliter
534 2529 596 2572 non
626 2511 758 2590 obligari
783 2511 823 2572 ad
849 2509 1097 2585 restitutionem,
1155 2511 1395 2592 consumpseris,
1407 2511 1457 2572 vel
1467 2508 1715 2590 permixtionem
1725 2509 1933 2587 leceristuum,

308 2599 361 2679 qui
375 2599 460 2660 bona
473 2599 535 2660 lide
550 2599 703 2678 exposuit,
713 2599 758 2659 uti
768 2598 900 2677 accepit.
917 2600 961 2659 De
972 2597 1099 2658 cusione
1154 2601 1195 2663 ad
1217 2601 1294 2662 nihil
1318 2598 1445 2676 teneris,
1474 2598 1628 2678 quianon
1652 2616 1686 2658 es
1711 2597 1933 2670 fantasticae

307 2691 441 2748 monetae
451 2686 549 2747 videri
560 2688 705 2764 potestT.
717 2688 807 2748 Hurt·
819 2684 855 2746 de
869 2683 1014 2747 Besident·
1029 2691 1050 2745 t·
1066 2686 1096 2762 2,
1155 2708 1227 2752 nam
1240 2692 1370 2769 propter
1382 2687 1461 2748 illud
1475 2686 1589 2748 dedisti
1602 2704 1742 2747 mercem
1757 2689 1855 2762 tuam,
1870 2686 1936 2748 elio-

307 2773 361 2834 nbi
379 2789 398 2832 α
415 2792 448 2854 p.
464 2775 534 2848 495,
558 2773 626 2834 fuse
648 2772 764 2852 probat
788 2792 825 2834 ax
847 2774 880 2835 S.
897 2773 955 2834 rh.
977 2775 1009 2833 et
1030 2770 1098 2832 aliis
1154 2779 1229 2859 quin
1244 2795 1306 2838 non
1317 2776 1447 2838 daturus
1464 2794 1472 2835 :
1488 2775 1532 2836 ita
1549 2775 1584 2836 P.
1602 2775 1718 2835 Novar.
1736 2773 1852 2836 Saoob.
1865 2775 1933 2837 Sair.

309 2878 372 2921 non
382 2877 450 2922 asse
465 2858 531 2920 sine
544 2859 737 2939 gravissimis
752 2859 854 2922 causis
868 2858 1098 2921 immutandum
1153 2870 1248 2948 vesq,
1265 2869 1374 2944 Leym.
1386 2865 1624 2945 e.23;1tian.p.
1640 2867 1671 2942 4,
1683 2873 1707 2926 t.
1719 2867 1751 2941 4,
1763 2884 1791 2926 r.
1811 2867 1848 2926 67
1858 2885 1866 2938 ;
1878 2863 1934 2927 Dic.

308 2947 448 3008 valorem
472 2951 686 3024 monetarum,
710 2947 764 3008 sed
789 2948 1028 3029 relinquendum
1050 2963 1100 3008 se-
1152 2955 1188 3018 de
1200 2956 1305 3018 nestit.
1322 2953 1352 3015 d.
1368 2958 1399 3022 9,
1426 2974 1457 3016 η.
1476 2956 1526 3030 25,
1551 2957 1582 3016 et
1605 2951 1635 3015 d.
1661 2955 1693 3030 5,
1718 2972 1750 3015 o.
1768 2955 1932 3032 190,Spor.

308 3035 446 3097 cundum
465 3035 704 3097 estimationem
722 3035 923 3098 intrinsecam
945 3033 1096 3110 materiae,
1152 3061 1253 3124 supra.
1270 3043 1357 3106 ldem
1380 3048 1438 3119 est,
1464 3041 1489 3102 si
1502 3041 1587 3103 bona
1606 3041 1669 3102 fide
1683 3041 1787 3104 emisti
1808 3043 1932 3105 triticum

307 3123 353 3186 uti
367 3123 450 3185 valet
464 3123 550 3202 apud
572 3122 661 3200 alios,
688 3141 760 3186 cum
784 3124 896 3204 quibus
921 3127 994 3186 sunt
1014 3141 1099 3186 com·
1153 3131 1302 3208 alienum,
1328 3135 1360 3193 et
1377 3149 1434 3210 per
1459 3128 1644 3191 mixtionem
1668 3128 1769 3193 fecisti
1791 3130 1932 3204 tuum;si

307 3209 443 3283 marcia;
469 3211 615 3272 sulficere
642 3215 747 3273 tamen
773 3212 928 3275 rationem
954 3211 1099 3290 probabi·
1154 3223 1260 3280 autem
1281 3219 1389 3280 adhuc
1417 3220 1499 3280 esset
1525 3217 1780 3297 impermistum,
1816 3219 1934 3282 deberes

306 3299 381 3376 lem,
397 3316 461 3379 qua
474 3299 623 3379 Princeps
631 3299 753 3380 judicat
765 3301 799 3362 id
810 3301 1020 3362 necessarium
1031 3319 1098 3362 esse
1152 3307 1316 3370 restituere
1327 3306 1421 3369 etiam
1431 3323 1503 3366 cum
1513 3304 1638 3386 jactura
1647 3305 1691 3368 tui
1705 3307 1808 3385 pretii,
1820 3306 1932 3368 Petscb.

307 3385 349 3450 ad
370 3386 489 3449 bonum
513 3405 698 3466 commune,
724 3389 817 3452 docet
839 3394 951 3452 contra
976 3389 1054 3451 alios
1081 3408 1100 3452 a
1150 3414 1222 3476 paq.
1239 3397 1310 3456 572.
1335 3393 1538 3456 Notatetiam
1552 3398 1635 3456 reate
1650 3412 1723 3456 cum
1746 3395 1815 3456 aliis
1829 3394 1930 3456 nicosa

304 3493 338 3557 p.
353 3478 423 3538 498.
444 3475 585 3556 Denique
607 3480 695 3539 notat
718 3479 749 3539 S.
767 3478 825 3540 Th.
847 3481 1007 3576 apernit,
1024 3497 1049 3540 o.
1066 3481 1097 3556 9,
1154 3483 1183 3544 d.
1200 3485 1264 3560 5,o
1286 3502 1317 3544 a.
1339 3484 1406 3557 185,
1424 3487 1455 3545 at
1478 3481 1601 3544 Petsch.
1617 3499 1727 3560 supra,
1742 3482 1769 3544 si
1789 3483 1840 3544 fur
1852 3499 1932 3562 pecu·

307 3579 346 3623 ex
359 3561 454 3623 Arist.
470 3578 537 3624 esse
553 3561 662 3624 vitium
677 3581 790 3642 usurae,
801 3565 827 3626 si
842 3564 911 3645 quis
925 3566 1021 3627 cudat
1033 3582 1100 3627 mo·
1153 3571 1239 3634 niam
1278 3576 1334 3632 aut
1365 3570 1450 3632 aliud
1493 3569 1595 3632 simile
1626 3569 1694 3649 jam
1724 3571 1932 3633 antecedenter

307 3653 431 3727 netum,
457 3656 491 3710 ut
514 3649 653 3729 seipsum
676 3651 788 3714 reddat
812 3652 975 3731 ditiorem,
999 3653 1099 3716 inten-
1153 3657 1277 3720 lecisset
1286 3676 1378 3719 suum
1391 3657 1651 3737 permixtionem,
1663 3657 1784 3739 tibique
1799 3659 1928 3732 douord,

307 3733 411 3797 dando
429 3739 550 3799 tantum
572 3737 640 3819 ejus
653 3739 944 3818 multiplicationem
962 3741 1028 3802 sine
1044 3761 1100 3802 ne-
1152 3751 1183 3810 te
1197 3762 1288 3824 posse
1311 3745 1457 3822 retinere,
1482 3745 1557 3826 quia
1580 3745 1717 3806 datram
1731 3763 1822 3807 suam
1837 3765 1845 3818 ;
1860 3744 1931 3805 limi·

307 3824 449 3885 cessitate
465 3825 555 3905 Reip.
1151 3832 1349 3897 tautSaneh.
1365 3833 1462 3896 etalii
1484 3853 1514 3896 o.
1539 3835 1617 3895 1078
1630 3831 1798 3911 referendi,
1822 3832 1877 3894 nisi
1897 3830 1930 3892 sit

239 3957 279 4003 ω,
340 3915 449 3988 Qooert.
467 3917 584 3975 ΠΙ.-
600 3913 680 3990 Ouid
696 3913 860 3978 addendam
874 3916 1097 4000 st'tca'rcaemp·
1152 3923 1308 4001 impotens
1325 3922 1445 3984 axeliis
1464 3921 1555 3983 bonis
1573 3922 1755 3996 restituam
1771 3919 1929 3983 sedadbuc

305 3999 413 4062 tionem
425 4001 470 4062 rei
482 3998 606 4080 furtive,
626 4003 842 4086 velpropretio
851 4005 988 4085 furtiuo?
1002 4008 1095 4086 Resp.
1153 4002 1331 4081 oppositum
1353 4002 1439 4064 velut
1459 4000 1622 4081 probabile
1643 4005 1754 4064 tenent
1774 4001 1845 4064 blol.
1863 4009 1884 4061 t.
1901 4007 1926 4074 t,

307 4089 421 4169 seqq.§
435 4091 615 4170 l.l]1nptor,
631 4092 774 4172 quamvis
788 4093 828 4155 sit
837 4094 1021 4171 boneessdei‚
1035 4113 1097 4156 non
1152 4088 1183 4152 d.
1199 4093 1269 4164 3283
1285 4093 1371 4153 Lesa.
1391 4090 1413 4153 l.
1427 4093 1458 4166 2,
1474 4107 1501 4151 e.
1518 4091 1566 4168 20,
1585 4105 1616 4151 a.
1632 4091 1701 4164 1683
1718 4089 1928 4167 Petsoh.supra

307 4176 504 4240 sstdominus
518 4179 564 4240 rei
578 4179 701 4246 turtiuae
716 4180 774 4243 sibi
797 4182 944 4261 venditae,
968 4183 1024 4244 sed
1048 4201 1098 4244 res
1152 4179 1295 4241 otiosius
1319 4198 1352 4260 p.
1384 4181 1461 4252 1283
1490 4195 1562 4242 cum
1588 4178 1673 4240 enim
1700 4183 1862 4258 acceptans
1876 4193 1926 4238 nou

307 4269 414 4328 manet
440 4265 557 4328 domini
584 4267 674 4348 cujus
701 4268 768 4337 fuit.
798 4271 951 4334 venditor
988 4275 1095 4333 tamen
1151 4267 1284 4329 moverit
1318 4266 1359 4328 od
1401 4264 1602 4328 donationem
1638 4265 1724 4328 illam
1772 4265 1924 4348 injustam,

308 4351 404 4416 etiam
423 4353 514 4416 malae
527 4355 600 4418 fidei
622 4357 657 4419 tit
679 4357 824 4419 dominus
843 4359 934 4437 pretii
958 4359 1014 4421 sed
1034 4361 1097 4440 ple-
1151 4356 1207 4418 sed
1230 4371 1301 4416 eam
1321 4358 1495 4434 supponat,
1523 4353 1600 4416 nihil
1621 4354 1771 4435 estquod
1789 4351 1926 4416 eumobli·

307 4458 440 4522 rumque
454 4460 525 4505 oum
541 4443 731 4522 obligatione
745 4445 940 4509 restituendi.
953 4447 1099 4510 boontra
1151 4448 1204 4524 get
1214 4442 1254 4506 ad
1267 4442 1489 4524 negligendum
1505 4459 1597 4504 suum
1608 4442 1815 4520 commodum,
1831 4457 1926 4522 quam·

308 4529 418 4609 siquis
440 4531 541 4610 pretio
565 4531 679 4594 furtivo
701 4537 786 4595 emat
802 4553 935 4614 mercae,
958 4537 1097 4599 vendens
1151 4532 1199 4592 vis
1212 4529 1425 4610 peraccidens
1448 4530 1520 4592 inda
1539 4534 1691 4612 sequatur
1709 4529 1924 4595 incommodum

308 4635 347 4678 ex
360 4615 391 4677 vi
412 4617 578 4698 emptionis
602 4637 665 4681 non
685 4622 720 4684 fit
744 4621 890 4684 dominus
913 4623 1017 4701 pretii,
1041 4625 1097 4686 sod
1152 4619 1245 4682 tertii.

309 4703 482 4768 dominium
514 4706 595 4768 illius
635 4711 743 4770 manet
775 4710 858 4788 apud
884 4711 972 4771 illum
1009 4708 1097 4790 cujus
1191 4703 1261 4784 §t
1278 4705 1380 4769 Etiam
1402 4706 1494 4770 bona
1515 4706 1588 4770 lidei
1604 4711 1739 4787 emptor,
1763 4703 1923 4790 quiaadam
1940 4723 1969 4774 st

308 4791 411 4855 luerat
443 4793 594 4873 pecunia,
628 4813 735 4857 emens
760 4800 864 4858 tamen
891 4797 927 4859 tlt
953 4797 1097 4860 dominns
1151 4793 1213 4854 fide
1232 4793 1320 4856 ultori
1344 4795 1487 4858 vendidit
1509 4813 1577 4857 rem
1597 4795 1753 4876 alienam,
1777 4803 1922 4878 postquam

308 4880 472 4958 mercium,
488 4885 519 4945 et
532 4883 576 4945 ita
589 4880 723 4945 habetur
737 4903 774 4945 ex
784 4883 856 4965 jure
870 4885 985 4965 partim
1007 4889 1098 4948 natu·
1152 4880 1211 4942 hoo
1226 4882 1382 4962 cognovit,
1399 4886 1524 4945 tenetur
1547 4883 1685 4962 pretium
1699 4883 1828 4964 emptori
1850 4879 1923 4944 resti·

308 4969 379 5046 ruli,
398 4970 514 5049 partim
532 4971 676 5050 positivo,
693 4973 866 5034 secundum
881 4972 963 5036 dicto
977 4993 1008 5036 a.
1025 4976 1094 5050 694,
1151 4975 1255 5048 tuere,
1271 4971 1297 5032 si
1317 4971 1417 5034 subsit
1437 4972 1613 5051 periculum
1639 4991 1678 5036 ne
1697 4991 1750 5036 res
1775 4970 1919 5036 adomim

307 5059 500 5136 possuntque
528 5057 626 5118 videri
650 5060 758 5137 Laym.
782 5057 804 5120 l.
833 5061 864 5136 3,
890 5065 912 5122 t.
939 5063 969 5137 4,
994 5079 1020 5122 c.
1047 5064 1095 5138 l'l,
1151 5058 1578 5138 repetatur,Valent.'lltolin.
1595 5061 1806 5126 sanabilem.
1821 5058 1920 5137 abque

308 5163 340 5206 n.
365 5147 424 5219 213
446 5145 536 5224 Spor.
558 5154 581 5208 t.
596 5149 627 5223 6,
647 5166 673 5209 c.
689 5150 720 5224 5,
736 5168 766 5210 a.
783 5151 833 5225 53,
850 5153 882 5210 et
900 5149 951 5210 alii
967 5149 1095 5229 passim.
1152 5147 1370 5211 communiter.
1389 5148 1479 5210 Ratio
1499 5155 1548 5212 eat
1567 5147 1643 5230 quia
1672 5149 1749 5230 jura
1774 5145 1920 5228 disponunt

310 5233 399 5325 Quod
413 5232 439 5294 si
448 5233 592 5296 venditor
606 5239 637 5298 et
653 5239 775 5316 emptor
789 5236 935 5299 sciverint
949 5254 1016 5298 ram
1030 5255 1098 5298 esse
1151 5239 1187 5298 ut
1211 5236 1355 5298 venditor
1378 5237 1562 5316 regulariter
1580 5241 1726 5302 teneatur
1748 5234 1867 5316 emptori
1887 5231 1918 5294 de

309 5313 456 5390 alienam,
473 5313 592 5378 restitui
607 5315 702 5378 debet
721 5316 859 5394 pretium
878 5316 1022 5396 emptori,
1048 5335 1098 5380 roe
1152 5323 1304 5386 evictione
1323 5325 1379 5402 rei,
1404 5325 1494 5388 sicuti
1509 5329 1634 5405 emptor
1651 5331 1775 5390 tenatur
1786 5318 1918 5388 venditori

309 5400 449 5478 domino,
469 5399 513 5464 uti
535 5419 643 5464 omnes
666 5403 799 5481 docent,
826 5403 900 5482 quia
919 5408 1098 5468 contractus
1153 5412 1191 5474 de
1206 5412 1358 5476 evictioue
1373 5413 1476 5492 pretii,
1488 5417 1621 5495 uterque
1632 5414 1717 5478 anim
1731 5419 1844 5478 tenetm
1855 5409 1916 5472 alte·

310 5503 348 5548 ex
362 5491 495 5566 utraque
508 5493 597 5566 parte
612 5495 660 5552 est
673 5491 787 5568 nullus,
804 5495 836 5553 at
848 5490 874 5552 si
889 5509 939 5554 res
953 5490 1096 5554 absuma-
1153 5517 1225 5562 mm
1237 5519 1362 5564 servem
1377 5501 1572 5584 indemnem,
1593 5504 1621 5566 si
1634 5521 1686 5568 res
1704 5503 1753 5568 vel
1765 5498 1913 5583 pretiuma
