4120 6348
634 521 685 582 nn
706 513 925 582 auruncus
947 511 1274 596 uacuususvvors.
1712 531 1778 593 559.

100 712 215 791 tionis,
226 709 598 791 abolitionis,praecepti,
610 699 919 782 interdicti‚decreti,
975 703 1179 786 plenitudine,
1204 709 1322 788 omnia,
1354 715 1385 774 et
1407 712 1532 792 singula
1560 714 1723 793 praemissa
1750 735 1770 779 a

101 803 243 880 statuti,
279 802 467 864 intentionis
490 803 522 862 et
549 797 719 861 voluntatis
749 792 921 871 infringere
976 794 1307 878 praelatilecOLAO,
1325 803 1450 876 PlO,ct
1469 803 1668 866 cunabulo
1684 807 1769 868 Prae-

101 890 154 950 vcl
170 891 201 952 ei
219 909 313 952 ausu
327 891 493 952 temerario
504 887 670 951 contraire.
688 885 720 949 Si
735 884 804 966 quis
815 885 921 943 autem
976 883 1193 948 decessoribus
1208 889 1386 967 constituta,
1403 890 1558 968 ordinata,
1588 891 1766 971 interdicta,

104 980 167 1041 boc
201 985 374 1042 attentare
400 978 645 1060 presumpserit,
673 973 921 1053 indignationem
976 972 1114 1051 decreta,
1131 981 1161 1038 et
1176 979 1348 1056 respective
1363 980 1534 1056 declarata,
1549 982 1767 1061 utpreefertur,

104 1067 357 1148 omnipotentis
376 1070 431 1131 Dei
455 1087 493 1130 ac
511 1069 676 1128 beatorum
690 1062 772 1125 Petri
788 1065 819 1123 et
833 1057 921 1121 Pauli
977 1062 1202 1145 expeditusque
1217 1066 1255 1127 de
1271 1086 1366 1146 super
1378 1067 1503 1129 illorum
1513 1070 1767 1149 constitutiones,

105 1159 352 1239 Apostolorum
367 1157 435 1238 ejus
450 1175 482 1218 se
498 1155 620 1217 noverit
634 1154 846 1214 incursurum.
977 1169 1032 1213 seu
1059 1152 1178 1215 litteras
1205 1156 1400 1235 supradictas
1428 1161 1536 1220 tenore
1565 1159 1770 1238 praesentium

146 1270 162 1304 n
183 1247 316 1308 Datum
344 1248 466 1321 Roma,
497 1243 581 1323 apud
610 1244 759 1305 Sanctum
775 1242 919 1315 Petrum,
976 1245 1129 1318 perpetuo
1145 1242 1367 1320 approbamus,
1385 1245 1620 1322 confirmamus,
1637 1245 1769 1308 innova·

107 1352 195 1396 anno
213 1337 316 1408 1570,
331 1333 381 1394 die
396 1335 435 1396 30
448 1333 544 1396 Junii.
557 1353 572 1390 n
976 1345 1056 1400 mus,
1084 1327 1206 1409 illisque
1232 1336 1403 1411 perpetua,
1430 1336 1524 1414 atque
1543 1334 1770 1414 irrefragabilis

149 1424 235 1484 Cum
267 1425 381 1485 autem
407 1423 498 1500 sicut,
528 1439 592 1483 non
620 1421 687 1481 sine
711 1418 800 1498 gravi
825 1415 921 1478 animi
977 1416 1164 1495 apostolicae
1205 1420 1361 1482 firmitatis
1396 1422 1503 1501 robur,
1545 1423 1768 1502 patrocinium,

111 1511 214 1574 nostri
231 1511 363 1588 dolore,
386 1529 424 1572 ex
444 1509 698 1591 quamplurium,
727 1525 764 1570 ae
789 1524 922 1587 prmser-
977 1506 1157 1584 presidium
1172 1508 1346 1589 adjicimus.
1359 1512 1514 1572 Praeterea
1526 1513 1771 1592 uteademprre-

110 1600 168 1662 tim
195 1599 433 1660 nonnullorum
448 1599 681 1660 venerabilium
706 1599 851 1658 Fratrum
866 1600 923 1659 Ar·
977 1593 1205 1658 missafirmius
1220 1603 1314 1676 atque
1329 1599 1539 1662 inviolabilius
1552 1601 1591 1662 de
1602 1605 1706 1663 cetero
1716 1601 1769 1662 ob·

112 1686 413 1767 chiepiscoporum,
431 1691 462 1749 et
477 1687 704 1766 cpiscoporum
723 1685 763 1746 ad
787 1689 923 1764 Aposto-
978 1689 1151 1762 serventur,
1170 1687 1249 1747 ultra
1265 1704 1384 1764 omnes,
1402 1693 1433 1750 et
1447 1689 1585 1768 singulas
1611 1708 1722 1769 poenas
1738 1689 1770 1752 in

111 1778 221 1838 latum
246 1781 398 1836 nostrum
426 1775 537 1838 delatis
565 1775 701 1856 querelis
730 1774 921 1854 accepimus,
977 1768 1088 1832 iisdem
1103 1774 1382 1837 constitutionibus
1397 1777 1768 1857 sculittcrisimpositas,

113 1865 197 1926 adeo
223 1863 370 1927 creverit
392 1867 457 1926 tam
481 1865 665 1926 salutarium
688 1865 796 1944 legum
820 1869 923 1926 trans·
977 1858 1161 1938 privationis
1176 1863 1380 1943 Dignitntum,
1393 1865 1639 1928 canonicatuum
1651 1870 1771 1929 etPrae·

114 1971 310 2034 gressorum
339 1952 544 2032 impudentia,
575 1957 608 2015 ut
635 1971 698 2013 non
726 1953 838 2030 desint,
870 1952 923 2033 qui
977 1948 1173 2023 bendarum;
1190 1951 1387 2032 aliorumque
1412 1954 1640 2016 Beneficiorum
1663 1955 1772 2017 Eccle-

116 2041 183 2102 sive
198 2041 362 2117 avaritie,
380 2060 450 2120 qum
466 2041 682 2103 estidolorum
703 2041 847 2118 servitus,
865 2040 924 2100 im·
978 2037 1185 2118 siasticorum,
1202 2045 1234 2102 et
1247 2041 1352 2120 quoad
1368 2043 1551 2122 Regulares,
1576 2043 1671 2105 etiam
1686 2045 1772 2105 vocis

117 2131 220 2209 probo
248 2133 382 2206 affectu,
408 2129 474 2192 sive
500 2127 665 2191 ambitioso
690 2129 924 2191 Ecclesiastico·
978 2125 1099 2204 activae,
1116 2131 1147 2189 et
1159 2129 1302 2208 passivae,
1318 2149 1355 2191 ao
1365 2131 1533 2210 graduum,
1548 2150 1727 2209 munerum,
1740 2136 1773 2194 at

118 2237 191 2280 rum
204 2219 372 2298 gradrmm
395 2218 574 2298 cupiditatis
600 2217 729 2280 consilio
753 2219 849 2294 ducti,
868 2216 925 2279 ho·
978 2215 1152 2278 officiorum
1167 2235 1427 2300 quorumcunque
1442 2239 1499 2300 per
1518 2223 1572 2281 eo's
1597 2221 1771 2300 respective

118 2305 262 2368 minibus
277 2305 403 2385 trepide
419 2305 648 2384 paciscentibus
662 2306 757 2366 fidem
772 2306 924 2367 habentes
979 2304 1188 2380 obtentorum,
1204 2312 1425 2388 perpetuaeque
1438 2307 1694 2370 inhabilitatisad
1705 2309 1769 2387 illa,

121 2397 281 2456 ettamen
306 2394 372 2454 Deo
395 2393 550 2455 veraciter
574 2393 768 2473 promittenti
794 2395 924 2455 minime
980 2396 1010 2455 et
1023 2391 1146 2470 similia,
1162 2395 1211 2455 vel
1226 2395 1389 2458 dissimilia
1410 2413 1605 2477 quaecunque
1619 2397 1651 2457 in
1665 2402 1771 2476 poste-

120 2481 305 2559 credentes,
322 2498 428 2543 sacras
443 2483 527 2561 ipsas
539 2483 718 2561 electiones,
736 2502 814 2564 quas
829 2486 924 2545 Sanc-
979 2500 1060 2558 rum,
1091 2481 1326 2561 quomodolibet
1360 2484 1540 2562 obtinenda,
1575 2503 1687 2564 poenas
1715 2503 1772 2565 per

120 2569 236 2632 tissimi
251 2569 405 2632 Ecclesiae
420 2573 562 2633 canones
572 2573 656 2634 omni
670 2591 767 2651 prava
779 2573 924 2651 pactione
979 2579 1088 2634 contra
1103 2572 1252 2634 facientes
1266 2572 1332 2652 ipso
1348 2573 1441 2650 facto,
1457 2575 1577 2654 absque
1592 2573 1655 2636 alia
1665 2574 1772 2637 decla-

122 2658 276 2720 submotu
291 2657 403 2738 peragi
417 2663 482 2721 tam
497 2659 637 2722 districte
651 2659 848 2740 praecipiunt,
866 2660 926 2721 illi·
979 2661 1100 2723 ratione
1127 2661 1342 2738 incurrendas,
1369 2661 1581 2744 adjungimus.
1606 2665 1702 2725 Porro
1730 2663 1772 2723 ad

123 2746 205 2824 citis,
226 2746 370 2829 injustis,
386 2765 423 2808 ac
437 2765 494 2826 per
507 2751 554 2809 tot
571 2749 766 2828 Apostolicas
790 2749 926 2810 sanctio·
980 2750 1104 2830 penitus
1119 2749 1339 2828 extirpandum
1353 2755 1448 2831 atque
1472 2750 1672 2812 evellendum
1696 2751 1772 2812 abu-

124 2853 180 2896 ncs
208 2835 393 2914 reprobatis
420 2835 678 2898 conventionibus
705 2856 763 2917 per
789 2838 923 2914 clectos,
980 2857 1051 2900 sum
1077 2838 1354 2917 capitulationum,
1384 2838 1556 2916 actionum,
1590 2839 1773 2901 conventio-

125 2923 312 3005 quicunque
328 2923 372 2984 illi
387 2922 458 3002 sint,
475 2924 691 3004 observandis,
702 2927 815 3006 quihus
826 2928 927 2990 cano·
982 2947 1068 3006 num,
1094 2928 1369 3005 concordatorum,
1396 2947 1452 2990 seu
1480 2932 1669 2991 statutorum
1694 2946 1773 3010 quo-

127 3011 197 3073 nica
211 3011 392 3074 Praesulum
409 3011 598 3092 jurisdictio,
623 3020 659 3075 ut
683 3015 853 3094 plurimum
866 3015 927 3076 cir·
981 3035 1187 3097 rumcunque,
1212 3035 1281 3097 quae
1295 3035 1473 3096 perperam,
1490 3036 1527 3079 ac
1542 3018 1694 3080 adversus
1709 3020 1768 3080 Sa·

127 3101 364 3178 cumscribitur,
380 3101 560 3163 vacantium
570 3104 781 3166 Ecclesiarum
788 3105 861 3185 jura
873 3104 927 3166 lae-
981 3124 1106 3167 crorum
1122 3106 1283 3167 canonum
1298 3111 1329 3168 et
1340 3106 1602 3170 Constitutionum
1616 3107 1774 3188 Apostoli-

128 3187 257 3266 duutnr,
275 3207 316 3252 ac
329 3188 427 3268 ipsius
442 3190 536 3252 etiam
550 3192 737 3270 Apostolicae
748 3194 838 3255 Sedis
852 3212 927 3254 auc·
981 3211 1090 3255 carum
1112 3192 1346 3273 dispositionem
1370 3198 1536 3256 occurrent
1562 3193 1773 3256 Ecclesiarum

128 3277 239 3340 toritas
265 3278 427 3340 interdum
450 3278 595 3356 violatur,
620 3285 738 3342 temere
760 3281 926 3362 inquinare
982 3280 1202 3363 quarumlibet,
1220 3280 1394 3360 praesertim
1408 3281 1697 3359 cathedralium,et
1710 3283 1773 3344 Me·

131 3369 289 3446 satagant,
306 3369 403 3447 atque
416 3365 460 3428 ita
473 3367 739 3430 abominationem
760 3369 927 3431 desolatio-
981 3369 1251 3448 tropolitanarum,
1290 3368 1553 3431 Monasteriorum
1589 3369 1773 3450 quorumvis

131 3453 179 3516 nis
192 3454 224 3514 in
240 3453 631 3533 sanctuariuminvehere,
647 3475 814 3540 sacrasque
823 3460 927 3520 Eccle-
982 3458 1156 3535 vacatione,
1173 3458 1212 3520 ab
1227 3458 1264 3518 iis
1278 3458 1318 3519 ad
1334 3476 1413 3539 quos
1429 3459 1539 3520 electio
1563 3477 1772 3537 personarum

133 3540 186 3603 siae
200 3542 384 3623 dignitates,
401 3542 442 3604 ad
457 3561 535 3623 quas
550 3545 625 3606 olim
639 3547 761 3608 nonnisi
776 3567 814 3608 ex
824 3565 928 3626 perse·
982 3549 1167 3610 idonearum
1183 3547 1257 3626 ipsis
1271 3546 1428 3624 ccelesiis,
1441 3566 1494 3608 scu
1508 3547 1716 3632 Monasteriis,
1731 3547 1772 3610 ad

133 3629 268 3692 cationis
293 3631 460 3694 tolerantia
482 3632 722 3712 ascendebatur,
748 3636 779 3697 in
803 3641 928 3715 turpem
983 3635 1169 3697 electionem
1183 3634 1363 3714 hujusmodi
1374 3635 1546 3713 respective
1559 3635 1773 3715 praeficienda·

135 3725 302 3796 quaestum,
319 3737 357 3780 ac
377 3719 579 3782 tenebrarum
606 3721 766 3802 negotium
787 3742 929 3786 commu·
983 3743 1054 3786 rum
1065 3723 1154 3806 juxta
1168 3723 1343 3804 privilegia,
1360 3729 1392 3787 et
1405 3724 1527 3785 indulta
1539 3723 1773 3803 apostolicaeis

135 3809 200 3867 tare
225 3807 357 3869 minime
371 3813 551 3886 vereantur,-
576 3829 639 3872 non
653 3811 719 3872 sine
743 3813 929 3892 gravissima
983 3814 1119 3892 desuper
1132 3830 1292 3888 concessa,
1309 3817 1363 3873 aut
1388 3811 1466 3872 alius
1486 3811 1625 3890 legitime
1639 3815 1770 3890 spectat,

135 3895 364 3959 Ecclesiasticus
382 3897 554 3976 disciplinae
578 3900 824 3979 perturbatione,
852 3901 929 3962 fide·
982 3903 1048 3964 sive
1063 3904 1146 3978 ante,
1163 3901 1228 3962 sive
1243 3904 1314 3979 post
1328 3899 1513 3962 electionem
1528 3898 1712 3979 praedictam
1727 3899 1772 3958 in-

137 3985 210 4048 lium
224 3989 387 4064 scandalo,
404 4006 440 4050 ac
454 3987 562 4049 salutis
576 3989 928 4052 animarumdetrimen·
983 3991 1107 4054 terdum
1130 3987 1211 4064 iniri,
1240 3987 1344 4064 condi,
1370 3991 1424 4049 aut
1450 3987 1516 4050 lieri
1540 3986 1771 4064 consueverint,

137 4075 360 4152 to1Hincest,
376 4075 460 4156 quod
476 4093 542 4152 nos,
569 4077 622 4155 qni
648 4076 811 4154 libertatis,
831 4077 929 4158 juris·
983 4085 1081 4156 motu,
1093 4076 1234 4154 scientia,
1246 4075 1480 4154 deliberatione,
1493 4074 1696 4156 etpotcstatis
1709 4075 1772 4154 ple·

138 4160 291 4243 dictionis,
305 4164 630 4244 aliorumqueJurium
639 4167 928 4230 ceclesiasticorum
983 4164 1124 4228 nitudine
1150 4164 1278 4245 paribus
1301 4165 1484 4226 earumdem
1506 4169 1615 4227 tenore
1638 4182 1772 4243 praesen·

139 4259 307 4316 assertores
321 4254 353 4314 in
364 4255 454 4316 terris
469 4256 632 4317 aDomino
647 4256 806 4320 constituti
820 4275 928 4319 sumus
982 4257 1062 4318 tium
1074 4255 1229 4330 omnibns,
1246 4259 1278 4318 et
1291 4253 1431 4334 singulis,
1448 4252 1489 4314 ad
1504 4271 1582 4334 quos
1596 4257 1727 4331 spectat,
1742 4256 1774 4314 et

139 4341 341 4425 omniumque
364 4343 478 4406 Christi
501 4343 642 4405 fidelium
663 4363 771 4407 curam
792 4365 929 4425 superna
983 4365 1040 4427 pro
1052 4349 1194 4424 tempore
1209 4343 1460 4423 quandocunque
1475 4341 1650 4421 spectabit,
1667 4341 1773 4422 cujus·

141 4427 340 4509 dispositione
354 4431 503 4512 gerimus,
520 4432 637 4495 abusus
648 4453 853 4514 quoscunque
870 4435 929 4497 cir·
983 4452 1107 4516 cunque
1121 4437 1232 4510 status,
1260 4431 1389 4512 gradus,
1416 4430 1544 4508 ordinis,
1570 4430 1770 4507 conditionis,

141 4531 176 4575 oa
199 4519 362 4596 praemissa
387 4521 582 4582 introductos
604 4522 739 4584 emedio
754 4525 876 4602 tollere,
892 4523 929 4585 il·
983 4522 1239 4606 praeminentia,
1255 4521 1306 4581 vel
1320 4519 1479 4598 dignitatis
1493 4520 1618 4596 fuerint,
1635 4519 1694 4582 sub
1715 4518 1773 4581 eis·

141 4600 259 4685 liusque
273 4609 305 4668 in
320 4608 461 4670 futurum
477 4627 604 4670 omnem
618 4629 728 4672 ansam
743 4613 926 4692 praecidere,
984 4615 1057 4676 dem
1073 4612 1200 4675 omnino
1215 4609 1315 4690 poenis
1339 4609 1482 4688 superins
1505 4609 1672 4688 expressis,
1695 4625 1773 4690 qua-

142 4707 260 4756 necnon
285 4697 461 4759 animarum
485 4697 644 4777 periculis,
672 4705 824 4780 qnantum
839 4701 929 4762 nobis
983 4721 1054 4764 rum
1068 4697 1308 4775 absolutionem,
1324 4715 1379 4758 seu
1393 4697 1618 4760 relaxationem
1633 4699 1657 4757 N
1661 4695 1729 4760 obis
1743 4700 1774 4760 et

141 4795 178 4838 ex
204 4783 265 4846 alto
291 4785 484 4864 conceditur,
501 4802 666 4850 occurrere
680 4789 850 4868 cupientes,
874 4791 930 4851 ba·
984 4794 1125 4854 Romano
1140 4787 1281 4850 Pontifici
1296 4804 1353 4866 pro
1368 4789 1509 4865 tempore
1525 4785 1668 4848 existenti
1692 4785 1773 4847 dun·

144 4864 204 4928 bita
231 4891 324 4952 super
338 4873 449 4936 iisdem
464 4875 632 4953 premissis
655 4895 727 4938 cum
750 4875 930 4958 particulari
982 4884 1071 4944 taxat
1086 4877 1263 4958 specialiter
1276 4892 1484 4951 reservamus,
1502 4874 1641 4937 districte
1666 4873 1773 4954 probi·

145 4955 386 5042 Gongregationc
402 4963 636 5024 venerabilium
648 4966 793 5027 Fratrum
807 4973 930 5029 nostro·
983 4969 1105 5043 bemus,
1140 4970 1171 5027 et
1197 4963 1423 5040 interdicimus,
1451 4981 1490 5024 ne
1517 4963 1770 5043 capitulationes,

147 5059 212 5108 mm
225 5051 255 5112 S.
284 5054 320 5112 R.
348 5054 384 5114 Ε.
410 5051 621 5114 cardinalium
639 5053 781 5134 ejusdem
800 5056 928 5119 Concilii
984 5056 1155 5138 pactiones,
1172 5051 1405 5126 conventiones,
1422 5051 1623 5128 concordata,
1638 5069 1694 5112 seu
1709 5054 1773 5112 sta-

146 5131 310 5202 'l'ridentini
324 5141 544 5220 interpretum,
561 5141 613 5222 qui
633 5161 700 5203 rem
720 5148 843 5206 mature
867 5144 928 5207 dis·
982 5149 1051 5210 tuta
1073 5141 1253 5224 hujusmodi
1275 5145 1349 5202 ante
1374 5139 1475 5219 ipsam
1498 5139 1625 5220 quidem
1646 5139 1773 5201 electio-

148 5233 312 5304 tusaerunt
330 5227 470 5308 diligenti
486 5229 722 5310 deliberatione,
745 5232 783 5293 de
802 5233 928 5297 illorum
983 5251 1066 5311 nem,
1083 5251 1137 5295 seu
1152 5231 1247 5292 ctiam
1261 5228 1503 5307 postulationem
1513 5227 1552 5288 de
1565 5232 1668 5290 cetero
1679 5229 1770 5307 inire,

148 5314 266 5377 consilio
291 5317 418 5396 pariter,
445 5323 476 5381 et
495 5337 635 5398 assensu,
661 5321 814 5382 ucetiam
840 5327 928 5385 motu
983 5322 1168 5396 concedere,
1186 5324 1240 5380 aut
1254 5317 1357 5378 lacere
1373 5315 1511 5378 audeant
1529 5316 1640 5406 quovis
1662 5316 1770 5395 modo,

149 5403 265 5478 proprio
278 5409 361 5468 etex
374 5411 460 5469 certa
474 5407 615 5484 scientia,
632 5427 668 5470 ac
679 5411 927 5471 maturadelibe-
981 5433 1036 5476 seu
1052 5409 1261 5491 praesumnnt;
1278 5405 1393 5483 illaque
1410 5403 1551 5484 proinde,
1568 5405 1772 5486 qnatenusda

150 5487 259 5556 ratione
283 5495 391 5571 nostri,
408 5494 542 5578 ideoque
557 5496 742 5578 Apostolicae
766 5499 928 5583 potestatis
982 5503 1063 5569 scroto
1088 5501 1197 5566 contra
1211 5494 1384 5580 praesentis
1413 5498 1527 5560 nostrae
1554 5492 1771 5577 prohibitionis
