3998 6344
314 512 373 574 348
887 515 1003 580 LIBER
1025 517 1205 594 TERTIUS,
1227 517 1328 578 PARS
1349 517 1388 580 ΙΙ.

314 715 353 760 ex
376 698 435 762 hac
455 699 540 761 enim
567 698 732 764 debebitur
758 702 970 781 compensatio
999 702 1105 764 damni
1200 702 1282 782 §ie
1299 703 1331 766 si
1351 705 1479 782 pactum
1508 701 1602 765 luerit
1619 706 1655 766 ut
1674 701 1746 784 quis
1764 703 1839 784 plus
1861 703 1986 778 lucra-p

313 786 430 862 secuti;
447 787 473 850 si
497 793 603 851 tamen
617 787 657 849 ed
671 788 843 852 ludendum
859 790 1025 853 adduxerit
1039 795 1105 854 tan-
1160 796 1258 868 retur,
1271 790 1406 852 solveret
1418 790 1555 868 chartas,
1568 791 1734 854 candelam
1749 797 1782 853 et
1797 791 1946 870 haustum,

314 877 381 938 tum
395 894 452 955 per
466 875 660 956 importunas
671 894 790 954 preces,
810 879 968 940 ordinarie
983 898 1045 941 uon
1060 887 1107 942 te·
1161 877 1252 942 Caius
1267 896 1341 940 vero
1359 878 1498 940 lucretur
1522 897 1579 959 per
1599 879 1758 958 fraudem,
1775 883 1899 943 tenetur
1910 886 1949 942 to·

314 962 439 1026 nebitur
451 961 626 1040 restituere,
640 963 714 1044 quia
724 983 782 1026 uec
793 965 867 1027 feeit
877 967 1036 1048 injuriam,
1049 983 1106 1028 nec
1159 971 1228 1028 tum
1242 966 1418 1041 restituere,
1436 984 1493 1026 neo
1508 969 1612 1046 potest
1625 965 1808 1029 subducere
1823 967 1891 1028 illas
1903 987 1949 1029 er·

314 1051 454 1114 causavit
472 1051 735 1130 involuntarium,
761 1053 806 1114 uti
828 1058 937 1118 tenent
961 1058 1046 1117 besa.
1076 1059 1107 1115 et
1161 1071 1286 1134 pensas,
1310 1053 1365 1114 sed
1383 1053 1443 1115 sibi
1462 1053 1617 1134 imputare
1638 1053 1747 1132 debet,
1770 1059 1827 1117 aut
1847 1073 1948 1133 procc-

313 1137 454 1218 pleriqua
478 1139 529 1200 alii
553 1157 625 1200 cum
649 1140 740 1202 Dian.
763 1139 868 1219 1131,
894 1147 1005 1205 contra
1026 1145 1104 1205 Nau.
1165 1159 1236 1204 rare
1265 1146 1300 1204 ut
1324 1142 1384 1204 hoc
1417 1143 1472 1204 dat
1504 1141 1589 1222 quod
1629 1142 1751 1204 iactum
1790 1142 1899 1205 fuisset
1927 1145 1949 1204 si

314 1226 400 1306 Sylv.
417 1227 532 1290 Sencb.
549 1226 579 1288 d.
592 1232 621 1305 e,
638 1247 668 1290 a.
685 1231 715 1306 6,
733 1229 786 1310 qui
800 1235 906 1292 tamen
921 1231 1039 1293 latetur
1053 1249 1106 1311 op·
1162 1228 1265 1290 nullus
1288 1235 1369 1289 esset
1391 1227 1541 1304 lucratus,
1567 1227 1612 1290 uti
1635 1232 1722 1291 recte
1746 1231 1838 1310 Lugo
1856 1247 1886 1290 n.
1904 1232 1946 1307 u,

314 1315 448 1394 positam
472 1316 658 1378 sententiam
682 1335 750 1378 esse
771 1319 847 1380 satis
865 1318 1062 1398 probabilem
1076 1320 1108 1379 et
1159 1316 1233 1378 licet
1252 1317 1342 1378 aliter
1365 1316 1480 1379 sentire
1505 1315 1674 1379 videantur
1694 1317 1795 1380 Trull.
1813 1327 1845 1378 et
1867 1317 1946 1378 ilion.

313 1407 424 1465 tutam.
442 1403 529 1476 Quod
545 1405 570 1464 si
586 1404 685 1466 victus
703 1410 797 1484 cogat
818 1407 996 1469 vincentem
1013 1410 1048 1468 ut
1060 1405 1107 1466 ul·
1159 1404 1198 1466 It.
1215 1407 1264 1466 54.

313 1490 410 1554 terius
424 1491 522 1568 ludet,
537 1497 568 1552 et
582 1492 683 1554 victus
695 1496 829 1574 receptis
843 1494 965 1556 emissis
979 1493 1040 1555 alio
1051 1494 1107 1554 ad·
1200 1491 1280 1570 §l't
1297 1491 1430 1556 Licitum
1449 1497 1573 1556 estnon
1595 1511 1725 1556 monere
1741 1493 1948 1557 adversarium
1967 1507 1986 1552 11

314 1578 375 1639 hoo
391 1579 735 1659 acollusorelucretur,
748 1581 824 1644 Adr.
837 1582 905 1645 Tol.
923 1583 996 1645 iiol.
1014 1584 1103 1644 Garz.
1161 1579 1200 1640 de
1229 1597 1346 1656 mucre,
1373 1597 1402 1642 v.
1415 1599 1447 1660 g.
1473 1580 1498 1641 si
1528 1599 1589 1643 non
1617 1585 1702 1644 recte
1731 1587 1880 1646 numeret
1899 1601 1947 1644 sua

314 1665 421 1729 Alloze
434 1686 457 1728 s.
474 1670 546 1744 Qu.
558 1670 607 1744 it,
620 1667 805 1731 diouotnoo
816 1669 916 1732 teneri
926 1669 1103 1745 restituere,
1164 1671 1282 1746 puncta
1305 1673 1337 1728 et
1359 1667 1428 1730 ideo
1451 1669 1575 1748 perdat,
1601 1669 1677 1752 quia
1698 1669 1814 1733 ludens
1836 1675 1947 1732 tenetur

314 1753 372 1814 uisi
391 1753 431 1815 ad
454 1773 612 1816 summum
637 1755 705 1818 haee
725 1761 897 1836 postrema,
919 1775 1013 1839 quam
1035 1775 1107 1820 sen·
1162 1753 1227 1834 ipse
1243 1754 1404 1816 attendere
1424 1757 1463 1816 ad
1485 1775 1577 1818 suum
1599 1757 1774 1836 negotium.
1793 1759 1890 1838 ceges
1907 1758 1946 1819 lo-

313 1840 444 1904 teutiam
472 1848 506 1904 ut
532 1842 727 1922 probabilem
761 1845 930 1907 admittunt
957 1847 1044 1907 Less.
1075 1847 1106 1907 et
1160 1861 1252 1904 suurn
1280 1843 1466 1922 permIttunt
1493 1862 1625 1922 errores,
1652 1844 1771 1908 Sanoh.
1803 1843 1872 1908 dno.
1900 1849 1943 1921 ll3

313 1929 432 2005 Diana3
445 1931 501 1992 sed
514 1931 663 1993 resolutio
690 1933 807 2012 pendet
828 1934 917 2010 inde,
943 1953 983 1994 an
1006 1933 1106 1994 vietus
1160 1929 1250 1992 Dian.
1267 1929 1364 1992 itti.
1383 1933 1462 1994 item
1475 1931 1595 1994 licitum
1617 1936 1665 1995 est
1687 1950 1751 1994 non
1772 1933 1943 2010 admonere,
1984 1933 1986 1944 ²

314 2017 430 2079 habeat
440 2017 493 2099 jus
511 2035 549 2080 ex
563 2036 649 2080 more
664 2018 751 2083 lusus
774 2022 907 2102 cogendi
928 2023 1106 2084 vincentem
1160 2016 1186 2078 si
1214 2019 1367 2080 concedat
1386 2019 1522 2100 primam
1545 2019 1575 2080 io
1599 2019 1737 2082 ludendo
1763 2039 1905 2096 manum3
1923 2022 1943 2083 si

314 2104 355 2166 ad
369 2104 541 2166 ludendum
553 2105 701 2180 ulterios;
718 2108 742 2168 si
758 2108 841 2169 enim
853 2108 905 2189 jus
920 2127 983 2170 non
998 2107 1103 2185 habet,
1160 2110 1315 2166 tamenta
1331 2106 1416 2168 illam
1430 2106 1485 2168 tibi
1508 2125 1569 2168 oon
1592 2107 1732 2170 debitam
1756 2110 1845 2188 prior
1867 2107 1943 2190 quasi

314 2191 439 2254 videtur
451 2193 561 2254 iecisse
576 2191 722 2274 injuriam
737 2197 890 2276 cogendo,
902 2197 1045 2278 adeoque
1059 2200 1107 2259 te·
1161 2192 1283 2274 dejure
1299 2212 1430 2273 usurpes
1450 2197 1481 2257 et
1506 2194 1578 2256 ideo
1600 2195 1727 2274 vinces,
1752 2195 1869 2258 Sanch.
1883 2193 1942 2255 dut.

314 2281 397 2342 neris
411 2279 451 2342 de
466 2281 589 2342 damnis
603 2281 675 2342 inde
690 2285 814 2347 secutis.
1160 2283 1216 2355 ιὸς
1232 2281 1322 2343 Dian.
1339 2281 1377 2344 Il.
1394 2285 1450 2355 i53
1468 2282 1566 2346 Atloz.
1582 2291 1650 2346 sect.
1668 2287 1699 2361 l,
1715 2303 1746 2345 a.
1763 2289 1816 2362 2¹,
1832 2291 1863 2346 te
1876 2282 1943 2347 obli·

234 2379 286 2428 tost
352 2369 434 2448 §lt
452 2369 483 2431 Si
499 2369 610 2432 ludens
624 2369 698 2432 lecit
711 2372 856 2435 fraudem
870 2378 901 2435 ει
914 2375 946 2436 in
961 2372 1105 2435 absentia
1159 2372 1236 2448 gant
1254 2369 1295 2430 ad
1317 2370 1558 2447 restituendum,
1581 2374 1736 2452 quantum
1760 2372 1884 2434 valebat
1899 2369 1942 2452 jos

312 2456 432 2518 fraudis
448 2463 579 2520 eventus
589 2458 654 2520 ludi
669 2460 777 2524 luisset
791 2461 919 2540 dubius,
939 2462 1032 2523 debet
1043 2479 1106 2522 res·
1159 2455 1236 2517 illud
1257 2455 1429 2536 praeeundi.
1453 2457 1604 2519 Similiter
1639 2458 1757 2520 teneris
1778 2459 1939 2533 restituere,

312 2545 381 2607 titul
405 2547 532 2608 lucrum
560 2552 592 2608 et
619 2548 747 2629 quidem
774 2551 892 2629 solum,
922 2551 966 2614 uti
994 2553 1105 2629 putant
1159 2543 1184 2603 si
1198 2542 1312 2603 dixeris
1325 2547 1355 2604 te
1369 2542 1487 2604 habere
1504 2544 1594 2623 plura
1612 2551 1731 2625 puncta
1749 2553 1783 2608 et
1796 2547 1874 2608 alter
1890 2561 1940 2606 noc

312 2635 400 2713 Lego
414 2653 445 2695 n.
461 2637 499 2695 33
515 2639 546 2697 ει
561 2636 670 2715 Stepb.
687 2656 717 2698 a.
733 2641 784 2715 46,
801 2639 876 2718 quia
890 2638 1039 2718 deceptor
1059 2642 1105 2699 est
1160 2629 1327 2692 advertens
1350 2628 1382 2690 id
1406 2629 1585 2709 crediderit,
1615 2631 1691 2713 quia
1718 2632 1770 2694 bic
1799 2637 1848 2694 est
1869 2631 1941 2694 ireos

313 2719 346 2781 iu
366 2723 561 2802 possessione
576 2725 622 2785 rei
635 2743 711 2802 suae,
728 2725 768 2788 ad
785 2744 882 2807 quom
900 2728 1023 2788 nullum
1038 2744 1106 2787 oer-
1159 2717 1253 2794 fadte‚
1278 2717 1368 2778 Dian·
1390 2716 1429 2779 R·
1455 2721 1504 2782 47.
1530 2719 1618 2780 ldem
1643 2724 1701 2798 est,
1725 2721 1751 2782 si
1779 2722 1866 2784 alteri
1888 2737 1939 2783 111111

313 2808 807 2892 tumtitulumhabecdeoeptus3
823 2815 1014 2877 uolumen
1029 2813 1106 2874 dicit
1160 2804 1334 2867 advertenti
1361 2805 1465 2866 minus
1498 2807 1601 2869 solves
1637 2827 1734 2890 quem
1760 2809 1937 2894 perdideris,

314 2897 410 2960 etiam
424 2895 543 2978 aliquid
564 2897 622 2977 ipsi
646 2899 753 2961 deberi
776 2901 814 2962 de
837 2901 889 2964 illo
905 2901 988 2983 quod
1010 2917 1106 2980 expo·
1159 2893 1250 2954 Dian·
1267 2891 1305 2953 Il·
1323 2895 1373 2955 25·
1393 2893 1471 2956 Item
1486 2893 1510 2955 si
1527 2899 1648 2977 aergo
1664 2898 1709 2959 tui
1724 2899 1883 2960 collusoris
1895 2897 1939 2958 ba·

313 2983 448 3046 uebatur
461 2983 502 3044 ad
523 2985 636 3062 lusum,
654 2985 679 3046 si
703 2987 896 3065 probabilius
912 2992 979 3049 erat
1001 2987 1104 3066 ipsum
1158 2979 1234 3041 beas
1256 2981 1430 3060 speculum,
1454 2981 1486 3042 in
1506 3001 1568 3064 quo
1592 2985 1719 3048 chartas
1743 2987 1812 3068 ejus
1834 2986 1936 3060 rideas,

313 3072 408 3134 fuisse
429 3071 634 3151 lucraturum,
656 3074 730 3155 quia
752 3076 820 3137 haec
843 3095 915 3156 spes
935 3076 1013 3138 lucri
1038 3078 1105 3137 erat
1159 3066 1318 3148 quietalis
1336 3067 1479 3149 deceptio
1495 3071 1936 3138 estetiaminsolita.lndubie

313 3161 506 3224 aestimebilis
527 3166 558 3224 et
576 3162 634 3242 ipsi
650 3182 707 3242 per
722 3163 869 3245 iujuriam
890 3165 948 3227 luit
968 3164 1100 3226 sublata.
1159 3160 1266 3217 autem
1301 3175 1341 3217 1111
1370 3158 1476 3240 aliqua
1501 3159 1644 3240 deceptio
1666 3162 1707 3224 sit
1725 3169 1836 3226 contra
1866 3164 1936 3242 leges

314 3249 372 3324 Qui
387 3253 494 3312 autem
513 3249 646 3328 dubitat,
663 3270 703 3312 an
722 3271 778 3332 per
800 3252 943 3314 fraudem
965 3254 1104 3314 lucratus
1157 3246 1243 3306 lusus
1265 3263 1385 3324 necne,
1411 3247 1559 3310 standum
1577 3255 1625 3311 est
1638 3249 1760 3331 judicio
1777 3252 1831 3315 viri
1850 3251 1879 3313 io
1892 3247 1934 3312 tell

313 3337 423 3416 fuerit,
449 3342 574 3400 tenetur
600 3339 765 3402 restituere
797 3342 908 3403 saltem
935 3341 995 3403 hoo
1019 3339 1103 3421 quod
1157 3351 1273 3414 genere
1296 3333 1383 3395 lusus
1401 3335 1505 3413 periti,
1527 3335 1571 3398 uti
1595 3355 1669 3400 cum
1688 3339 1845 3401 communi
1863 3339 1936 3400 notet

313 3426 392 3489 alter
406 3427 562 3507 opposuit,
579 3427 654 3508 quia
675 3445 745 3488 cum
768 3430 886 3492 nesciet
900 3430 938 3490 de
957 3427 1040 3509 justo
1065 3427 1104 3490 ti·
1158 3419 1274 3482 81111111·
1290 3418 1360 3481 deb·
1379 3423 1583 3501 12312113072·
1599 3425 1649 3486 33.
1983 3423 1985 3504 f

312 3514 378 3576 tulo
398 3515 476 3576 illud
497 3515 530 3574 io
551 3533 585 3576 se
605 3515 826 3594 transferendi,
842 3519 921 3579 alter
943 3519 1051 3578 manet
1071 3515 1102 3575 in
1196 3507 1277 3586 §lll-
1300 3508 1332 3571 Si
1352 3507 1444 3570 Ceius
1463 3527 1526 3570 non
1548 3510 1660 3572 ludens
1683 3513 1852 3596 inspexerit
1873 3509 1933 3572 viler
1951 3515 1984 3588 11

312 3601 519 3682 possessione.
1157 3596 1282 3658 chartas
1303 3597 1374 3660 'litii
1388 3597 1521 3659 volentis
1532 3618 1588 3679 per
1602 3602 1780 3664 auctionem
1794 3601 1931 3663 deterrere
1983 3635 1984 3660 2

232 3707 286 3755 roos
353 3691 434 3770 §lia
451 3692 482 3755 Si
494 3689 585 3752 Gaius
594 3708 653 3769 per
666 3690 809 3752 fraudem
822 3693 960 3754 lucratus
979 3693 1047 3754 erat
1066 3694 1104 3753 l0
1159 3685 1381 3764 Sempronium
1405 3703 1425 3748 o
1449 3687 1519 3748 lusu
1541 3692 1573 3749 et
1594 3689 1687 3753 Gaius
1709 3690 1803 3752 tacite
1825 3691 1932 3751 moneat
1983 3687 1984 3690 ’

312 3779 481 3840 ssoreoosa
501 3778 593 3856 Titio,
605 3783 637 3839 et
651 3779 750 3840 Titius
765 3780 822 3842 hos
837 3781 950 3842 iterum
965 3781 1104 3842 lucretur
1158 3774 1381 3852 Sempronium
1397 3778 1509 3837 utnon
1526 3776 1736 3856 deterreatur,
1757 3783 1789 3842 et
1805 3783 1930 3858 Sempro

312 3867 430 3944 adalo,
447 3866 540 3928 Caius
554 3866 711 3928 tenebitur
724 3868 828 3928 adhuc
848 3869 916 3930 illos
931 3867 1048 3947 primos
1067 3869 1104 3928 ιθ
1158 3859 1227 3920 nius
1247 3859 1335 3922 ludet
1352 3879 1388 3922 ae
1407 3861 1797 3946 vincet,distioguendum
1814 3870 1858 3929 est
1872 3879 1930 3926 cum
1981 3903 1983 3908 ·

313 3953 487 4032 restituere,
504 3955 530 4016 si
545 3954 643 4016 Titius
664 3955 803 4018 lucratus
823 3957 863 4018 sit
883 3956 945 4018 elia
965 3955 1032 4016 vioe
1056 3955 1104 4014 lu·
1157 3951 1273 4012 Bonae.
1295 3950 1410 4012 Sanch.
1434 3951 1504 4016 duo.
1530 3956 1582 4028 1⁵13
1603 3955 1695 4021 Dian.
1717 3957 1755 4018 R.
1777 3961 1814 4020 le
1833 3958 1861 4016 et
1875 3950 1929 4014 eliis
1981 4003 1983 4030 ‚

312 4042 392 4103 dens
410 4060 482 4104 oum
500 4061 558 4116 eo;
582 4041 657 4122 quie
679 4042 730 4104 hic
756 4045 912 4105 secundus
938 4044 1031 4106 ludos
1057 4045 1103 4104 est
1157 4038 1389 4112 communiter3
1416 4057 1510 4101 nem:
1537 4042 1565 4102 l.
1584 4043 1616 4105 Si
1646 4043 1848 4124 Sempronius
1870 4041 1927 4100 1111
1980 4071 1983 4126 3

313 4130 393 4192 alius
407 4132 585 4192 contractus
608 4148 645 4190 ex
664 4130 694 4190 vi
718 4130 807 4213 cujus
831 4132 962 4194 debetur
986 4147 1102 4193 norum
1157 4124 1361 4186 monitionem
1383 4124 1569 4192 decreverat
1591 4148 1654 4191 non
1677 4131 1801 4208 ludere,
1825 4133 1928 4194 tenetur
1981 4199 1982 4206 ,

313 4219 450 4292 luorum;
472 4236 489 4278 e
513 4222 622 4281 contro
643 4218 667 4278 si
692 4219 724 4279 in
749 4220 860 4282 eodem
890 4219 963 4281 ludo
988 4219 1103 4280 iterum
1158 4213 1372 4292 Sempronius,
1390 4213 1465 4276 etin
1488 4215 1583 4296 hujus
1606 4218 1732 4280 defectu
1747 4213 1926 4296 Caiusresti·
1980 4215 1982 4300 f

312 4306 554 4386 perdattrmil.
568 4311 660 4387 putat
669 4307 712 4370 nil
721 4310 821 4370 teneri
834 4310 915 4372 ultra
925 4309 1100 4385 restituere,
1155 4303 1246 4364 tuere
1270 4303 1391 4380 omnia,
1416 4303 1491 4384 quia
1517 4306 1684 4386 acquivisit
1710 4326 1768 4387 per
1789 4303 1923 4388 injuriam.

313 4395 388 4477 quia
405 4395 600 4459 hoctautom
624 4395 738 4458 dicitur
755 4397 877 4459 lucrum
893 4397 1022 4478 quodin
1041 4397 1103 4458 tine
1156 4398 1186 4453 ¹2.
1198 4389 1231 4453 Si
1245 4391 1448 4470 Sempronius
1463 4397 1535 4454 ante
1550 4395 1756 4458 monitionem
1771 4390 1925 4458 decreverat

311 4484 576 4564 ludireportatur,
591 4485 745 4562 etSanch,
762 4485 832 4549 dub.
846 4485 1100 4562 {annuitque
1156 4478 1277 4554 ludere,
1294 4476 1372 4537 nihil
1394 4481 1441 4538 est
1460 4479 1699 4560 restituendum,
1724 4483 1796 4564 quia
1816 4473 1923 4542 monitio
1979 4485 1981 4560 j

312 4572 422 4636 dicunt
435 4590 502 4636 esse
524 4574 704 4654 probabile;
721 4575 775 4636 sed
792 4575 969 4654 oppositum
992 4581 1106 4636 tenen·
1157 4566 1221 4629 Caii
1235 4583 1269 4626 se
1283 4564 1395 4627 habuit
1412 4583 1470 4648 per
1487 4567 1623 4630 occidens
1636 4569 1676 4630 ad
1693 4570 1846 4632 damnum.
1859 4569 1884 4629 3.
1897 4562 1921 4626 si
1979 4563 1981 4658 ξ

313 4661 389 4722 dum
404 4664 451 4723 est
463 4679 535 4722 cum
544 4665 630 4741 Lugo
644 4682 673 4722 o.
688 4665 738 4724 39.
752 4661 842 4724 Dian.
859 4661 897 4723 It.
910 4665 959 4739 51,
972 4663 1103 4742 aliisque
1158 4655 1362 4735 Sempronius
1381 4653 1546 4719 dubitabat
1561 4677 1600 4720 an
1612 4659 1708 4721 vellet
1716 4660 1820 4721 ludere
1833 4669 1920 4726 necne,
1977 4661 1981 4722 ῑ

312 4749 531 4827 communiter,
555 4750 629 4830 quia
647 4754 724 4829 quot
743 4750 814 4811 novi
835 4754 908 4812 sunt
925 4750 1040 4830 jactus,
1057 4756 1104 4814 tot
1158 4744 1266 4807 dicunt
1293 4745 1505 4807 communiter
1534 4748 1688 4809 ductores
1716 4743 1918 4828 Sempronium,
1978 4727 1981 4805 i

312 4841 386 4900 sunt
409 4837 481 4898 novi
506 4841 695 4915 contractus,
718 4839 832 4918 quibos
856 4842 986 4918 uterque
1010 4837 1105 4900 debet
1158 4832 1231 4896 etin
1241 4831 1309 4914 ejus
1320 4833 1443 4895 delectu
1459 4834 1580 4912 Caium,
1590 4835 1692 4897 teceri
1707 4836 1858 4898 restituere
1869 4836 1921 4892 too·
1978 4901 1980 4926 1

312 4944 404 5008 posse
423 4925 556 5005 perdere
578 4930 609 4988 et
632 4925 772 4998 lucreri;
804 4925 903 4988 'lilius
922 4929 1028 4988 autem
1052 4926 1104 4987 hic
1157 4926 1224 4985 tum
1239 4926 1361 5003 partem
1376 4939 1433 5002 pro
1456 4921 1577 4984 ratione
1599 4923 1697 4987 dubii.
1714 4925 1775 4986 Alii
1791 4916 1918 4986 contradi·
1975 4929 1980 5012 ι

312 5029 375 5074 non
391 5016 497 5092 posset
518 5012 632 5076 lucrari
652 5013 800 5089 alienum,
817 5013 873 5075 sed
891 5017 1013 5076 tontum
1032 5032 1105 5094 per·
1157 5017 1242 5088 cuot,
1267 5012 1344 5092 quie
1368 5011 1454 5073 fraus
1485 5015 1516 5074 et
1537 5012 1668 5075 monitio
1697 5013 1761 5078 caii
1783 5011 1835 5073 luit
1852 5005 1918 5088 prior
1977 5013 1980 5074 l

311 5097 399 5176 dere,
413 5099 463 5160 vel
477 5097 618 5178 recipere
633 5116 725 5160 suum
739 5099 800 5161 sibi
813 5099 937 5160 aliunde
949 5099 1100 5161 debitum.
1157 5116 1254 5160 cause
1275 5098 1391 5181 injuste
1406 5103 1438 5161 et
1456 5099 1623 5181 adaequata
1644 5101 1761 5179 damni,
1777 5096 1842 5180 quia
1858 5095 1916 5155 oo·

313 5184 402 5268 Coos.
419 5189 498 5250 Nam
512 5187 537 5248 si
557 5187 649 5250 Ceius
669 5188 789 5250 iuratus
806 5192 886 5251 esset
899 5188 978 5250 Titio
1002 5192 1033 5250 et
1046 5187 1106 5251 ite·
1157 5187 1228 5250 liter
1239 5187 1460 5252 determinavit
1469 5188 1691 5268 Sempronium
1701 5189 1740 5252 ad
1753 5183 1913 5251 ludendum:

312 5291 384 5336 rum
397 5274 596 5354 perdidisset,
618 5276 722 5339 adhuc
737 5280 896 5338 teneretur
918 5277 1100 5339 restituere:
1159 5294 1233 5356 ergo
1248 5276 1372 5338 videtur
1385 5278 1497 5339 saltem
1511 5278 1604 5340 Ceius
1619 5297 1657 5339 ex
1671 5277 1730 5339 bec
1743 5269 1913 5339 antecedente

312 5379 388 5440 ergo
399 5367 430 5426 et
439 5381 533 5442 nouo,
543 5363 618 5445 quia
627 5364 712 5444 qood
722 5363 765 5426 ita
773 5363 987 5428 fraudulenter
996 5365 1101 5444 babet,
1158 5363 1273 5446 injuria
1294 5364 1426 5444 obligari
1448 5364 1612 5428 restituere
1634 5369 1751 5443 totum,
1769 5365 1810 5427 uti
1830 5366 1913 5456 11111111

312 5447 394 5520 torto
409 5447 515 5521 tabee,
1158 5452 1199 5513 ad
1226 5456 1337 5531 totum,
1363 5449 1389 5516 si
1416 5453 1528 5516 fraude
1555 5452 1732 5520 induxerim
1758 5455 1865 5516 Petrum
1887 5457 1909 5504 11
