4056 6344
297 546 356 617 7708

296 743 393 806 717070.
412 745 501 817 Quod
515 737 540 806 si
555 741 727 825 prudenter
751 753 973 826 praesumatur,
1002 747 1087 826 quod

295 849 357 894 non
372 833 540 897 intenderit
559 834 736 914 specialiter
755 837 891 898 fructum
915 835 1085 906 Sacrificii;

295 921 350 982 sed
373 927 494 985 tautum
517 921 753 986 venerationem
776 925 834 986 loci
863 925 912 986 vel
938 925 1087 1003 temporis

294 1014 350 1072 aut
371 1010 489 1090 aliquid
510 1011 622 1089 simile,
650 1012 701 1092 qui
726 1031 787 1074 non
803 1019 910 1093 posset
924 1014 1085 1074 celebrare

294 1099 352 1162 isto
363 1100 431 1162 loco
441 1101 650 1179 veltcmpore,
665 1119 726 1162 non
740 1103 983 1178 teneretnralio,
994 1101 1085 1162 sicuti

295 1189 347 1268 qui
361 1189 402 1248 ad
416 1190 567 1249 honorem
584 1191 616 1252 S.
632 1191 783 1251 Bernardi
795 1192 933 1252 vovisset
939 1191 1086 1271 jejunare

293 1275 393 1354 pridie
406 1277 475 1338 festi
486 1276 593 1356 ipsius,
611 1278 637 1338 si
651 1283 718 1338 tum
734 1297 795 1340 non
811 1286 928 1360 posset,
954 1298 1016 1341 nou
1040 1283 1086 1339 tc-

300 1367 427 1425 necetur
439 1363 501 1425 0170
517 1363 578 1441 die,
594 1363 728 1444 Burgh.,
745 1368 836 1444 Gob,
854 1388 885 1430 n.
912 1372 980 1443 577,
998 1367 1086 1427 ideo-

293 1465 354 1532 que
374 1469 497 1531 semper
521 1458 627 1531 posset
649 1452 774 1515 Missam
805 1457 966 1536 applicare
995 1455 1085 1516 alteri

294 1559 350 1620 pro
366 1539 533 1618 stipendic;
550 1543 649 1620 Lnga,
666 1561 728 1603 07.
745 1545 800 1618 36,
814 1545 922 1624 Steph.
938 1554 960 1607 t.
971 1549 1001 1621 5,
1012 1544 1042 1606 d.
1053 1548 1082 1620 7,

292 1649 323 1690 n.
340 1632 389 1692 66.
406 1628 556 1690 Praesumi
571 1634 676 1690 tamen
691 1633 743 1692 vix
754 1639 866 1711 potest,
877 1634 962 1714 quod
972 1633 1085 1694 funda-

292 1723 342 1780 tor
359 1736 421 1778 non
445 1717 614 1780 intenderit
633 1719 727 1780 simul
754 1722 893 1783 fructum
916 1723 1081 1794 sacrificii;

293 1806 432 1868 manebit
446 1806 593 1886 obligatio
608 1808 669 1869 alio
684 1809 764 1886 loco,
781 1811 830 1870 vel
845 1816 987 1889 tempore
1004 1811 1085 1869 cele-

293 1896 405 1957 brandi
422 1915 429 1955 :
446 1895 470 1956 si
487 1900 591 1957 tamen
603 1895 753 1976 jubeatur
768 1899 939 1976 celebrare,
958 1900 1083 1979 quando

295 1983 335 2044 ad
353 1981 524 2045 Ecclesiam
548 1982 669 2045 accedit
693 1985 808 2046 multus
832 1989 977 2066 populus,
995 1991 1084 2065 putat

294 2070 404 2134 Tamb.
434 2071 464 2130 77
491 2069 577 2132 melle.
603 2071 707 2133 celebr.
730 2072 780 2134 177.
807 2077 837 2150 3,
864 2095 928 2154 cop.
957 2080 984 2151 7,
1012 2075 1081 2152 53,

293 2178 311 2219 o
325 2181 355 2222 n.
371 2162 420 2236 70,
436 2177 527 2238 posse
541 2160 700 2238 praesumi,
718 2163 802 2240 quod
813 2163 1084 2241 fundatorprinci-

293 2247 406 2328 paliter
419 2248 589 2310 intenderit
610 2250 710 2310 sclam
734 2251 977 2313 celebrationem
1001 2253 1081 2328 fieri,

294 2355 356 2398 non
370 2342 475 2399 autem
489 2336 638 2416 applicari
654 2338 713 2398 sibi
730 2339 874 2414 Missam;
894 2341 979 2401 idem
996 2341 1081 2416 dicit,

293 2424 317 2485 si
332 2425 481 2486 Mouiales
496 2425 568 2486 date
584 2425 738 2504 stipendio
754 2433 868 2489 vocent
879 2429 1084 2492 Sacerdotem

293 2514 333 2576 ad
347 2514 512 2594 legendam
527 2514 664 2582 Missam,
681 2520 716 2576 ut
731 2535 800 2576 eam
818 2517 927 2577 andire
950 2517 1080 2595 possint,

293 2601 348 2664 sed
363 2603 439 2664 acb.
456 2623 486 2663 7.
502 2607 571 2680 sla,
588 2604 683 2665 refert
697 2605 859 2667 decretum
876 2607 907 2667 S.
926 2608 1081 2685 Congreg.

292 2690 501 2770 approbatum
523 2692 563 2751 ab
589 2690 662 2752 orb.
693 2691 779 2765 VIII,
799 2712 944 2772 expresso
962 2693 1080 2770 (licens,

293 2779 377 2860 quod
391 2778 434 2839 illi
449 2778 642 2857 Sacerdotes,
661 2779 714 2858 qui
726 2780 811 2842 uallo
821 2781 883 2841 alia
893 2781 1082 2860 obligatione

170 2893 174 2904 ¹
292 2867 324 2929 in
338 2866 660 2944 Confraternitatibus,
677 2869 724 2928 vel
743 2868 939 2930 blonasteriis
964 2870 1082 2932 770777-

292 2957 369 3018 lium
393 2955 566 3032 celebrant,
593 2976 655 3036 qna
683 2976 739 3036 pro
776 2965 887 3019 ornatu
922 2959 1080 3035 Ecclesiae,

291 3045 342 3107 vel
382 3051 417 3107 nt
458 3045 636 3106 confratres
680 3051 735 3108 aut
768 3047 920 3108 lloniales
962 3045 1081 3107 satisfa-

293 3132 547 3213 ciantpraeceptc
563 3133 675 3210 Missa,
702 3153 764 3195 non
789 3135 910 3214 possint
933 3135 1014 3196 ultra
1030 3135 1081 3195 sti·

948 554 1061 620 Lllllfll
1088 553 1282 632 uellerea.

1141 745 1331 823 alligatione
1355 743 1461 805 statim
1495 739 1621 822 petendi
1652 739 1923 823 dispensationem,

1142 833 1185 895 777
1203 834 1321 895 dictum
1336 839 1383 894 ast
1398 851 1429 893 7.
1446 834 1516 906 787,
1534 837 1678 914 essetque
1702 834 1772 896 talis
1798 835 1928 912 provisio

1142 923 1326 984 naturaliter
1352 926 1383 982 et
1410 921 1499 1002 quasi
1523 922 1802 984 fundamentaliter
1817 923 1927 1000 valida,

1141 1029 1178 1070 ac
1192 1015 1358 1072 sanaretur
1372 1028 1429 1088 per
1442 1011 1716 1088 supervenientem
1727 1011 1929 1088 dispensatio-

1141 1118 1233 1171 nem;
1252 1099 1320 1161 lna.
1343 1100 1472 1174 Suarez,
1489 1101 1597 1177 haym.
1616 1102 1711 1174 nott,
1728 1100 1840 1176 Diana,
1850 1120 1880 1181 p.
1899 1104 1926 1177 7,

1144 1197 1213 1249 tom.
1230 1192 1260 1264 7,
1277 1187 1343 1249 Res.
1361 1190 1416 1259 563
1434 1189 1540 1263 Leon,
1555 1207 1588 1268 p.
1606 1191 1634 1264 7,
1652 1209 1682 1270 q.
1699 1191 1770 1252 759.

1180 1278 1241 1356 §a
1272 1276 1329 1348 Qui
1355 1275 1481 1336 nulliter
1507 1281 1554 1337 est
1577 1278 1733 1356 provisus
1758 1296 1818 1356 per
1838 1295 1871 1338 se
1889 1278 1929 1338 lo-
1950 1291 1982 1336 07

1141 1365 1265 1446 qnando
1281 1369 1403 1426 tenetur
1416 1364 1602 1424 heneficium
1618 1365 1787 1442 dimittere,
1807 1371 1929 1427 autma-

1140 1455 1286 1516 nifestala
1301 1453 1442 1514 nullitate
1459 1457 1565 1530 petere
1581 1453 1620 1512 de
1636 1471 1717 1515 novo
1734 1453 1862 1515 titulum
1879 1474 1885 1512 ε
1906 1454 1928 1514 07

1140 1549 1245 1602 tamen
1260 1541 1369 1604 vitium
1384 1540 1425 1600 sit
1439 1541 1606 1616 occultum,
1624 1549 1655 1602 et
1669 1541 1721 1600 bie
1745 1547 1858 1620 postea
1880 1559 1930 1618 per

1140 1630 1405 1708 dispensationem
1419 1629 1556 1702 tollatur;
1573 1629 1736 1707 probabile
1748 1635 1797 1690 cst
1812 1629 1929 1691 titulum

1139 1718 1281 1794 validari,
1298 1717 1342 1778 uti
1360 1717 1454 1777 habet
1468 1720 1591 1794 haym,
1608 1718 1662 1776 sed
1680 1717 1739 1778 hoc
1758 1736 1824 1778 non
1839 1717 1928 1778 debet

1140 1807 1251 1865 eeclere
1267 1806 1296 1865 in
1313 1805 1498 1884 cujusquam
1512 1805 1742 1885 praejudicium,
1760 1805 1929 1884 deqnoex·

1141 1894 1432 1973 077070777717077,
1449 1915 1478 1975 q.
1496 1897 1565 1956 7779.

1179 1987 1196 2062 5
1211 1987 1239 2044 3.
1257 1985 1285 2044 J,
1302 1980 1414 2058 Andr,
1431 1983 1527 2059 libb,
1543 1985 1565 2042 F
1568 1981 1654 2059 elim,
1672 1985 1799 2060 Laym„
1824 1987 1928 2061 putant
1949 1985 1979 2028 ⁸³³

1139 2073 1299 2150 provisum
1315 2089 1386 2130 eum
1401 2071 1536 2147 defectu,
1549 2077 1757 2150 quemsperat
1768 2071 1859 2132 brevi
1871 2091 1927 2132 ces-

1139 2165 1289 2236 saturum,
1316 2179 1345 2220 v.
1371 2178 1402 2238 g.
1432 2179 1504 2218 cum
1532 2160 1775 2239 irregularitate,
1810 2161 1927 2222 defectu

1139 2247 1239 2308 aletis
1267 2248 1315 2307 vel
1345 2247 1492 2314 scicntia,
1524 2256 1603 2324 cte,
1635 2267 1725 2327 posse
1760 2249 1927 2330 aliquando

1139 2336 1226 2396 salva
1240 2336 1431 2397 conscientia
1446 2337 1580 2397 retinere
1596 2337 1801 2414 Beneficium,
1817 2357 1873 2399 nec
1888 2339 1928 2398 in-

1139 2425 1246 2502 digere
1262 2425 1486 2484 revalidatione
1501 2431 1572 2503 post
1587 2432 1742 2486 remotum
1758 2425 1925 2502 defectum,

1139 2513 1213 2590 quia
1227 2512 1251 2573 si
1268 2512 1433 2573 observata
1447 2519 1520 2572 sunt
1534 2531 1581 2589 ea,
1600 2513 1798 2593 qumdeju1·e
1816 2522 1927 2575 natura

1139 2607 1212 2662 snut
1233 2601 1420 2678 necessarie,
1452 2620 1512 2661 non
1528 2609 1673 2661 censetur
1688 2619 1757 2661 esse
1774 2607 1880 2663 tantus
1893 2601 1927 2661 ri-

1138 2709 1197 2768 gor
1212 2689 1473 2750 constitutionum
1486 2690 1700 2767 positivorum,
1718 2695 1753 2750 ut
1767 2690 1869 2752 velint
1881 2709 1927 2750 ec-

1138 2784 1203 2838 tum
1220 2796 1286 2837 esso
1303 2777 1368 2855 ipso
1391 2775 1462 2855 jure
1478 2782 1509 2837 et
1522 2779 1604 2839 facto
1633 2778 1765 2853 nullum,
1793 2777 1926 2857 qnandiu

1139 2886 1201 2926 non
1217 2866 1414 2938 1·escinditnr;
1432 2866 1475 2925 sic
1491 2867 1574 2925 euim
1590 2884 1617 2925 o.
1637 2865 1711 2926 Caua
1735 2865 1870 2942 dilectus,
1892 2866 1926 2926 de

1137 2956 1282 3016 Consuet.
1301 2975 1328 3014 0.
1348 2959 1374 3016 7.
1392 2957 1435 3014 Dc
1460 2956 1609 3016 Postulat.
1638 2974 1665 3015 c.
1694 2953 1863 3034 Scriptum,
1887 2957 1926 3016 lle

1136 3044 1233 3104 Eleel.
1256 3043 1363 3104 dicunt
1378 3061 1415 3104 ea
1430 3061 1497 3102 esse
1513 3043 1674 3118 irritanda,
1693 3061 1764 3122 quae
1780 3043 1851 3121 ipso
1862 3041 1926 3122 jure

1136 3149 1198 3192 non
1214 3130 1437 3207 subsistebant,
1454 3133 1547 3206 Vae,
1566 3131 1666 3208 Sylv,
1684 3133 1736 3206 Sa,
1756 3129 1927 3206 Saneb.,de

292 3219 453 3302 pendium,
479 3220 563 3300 quod
583 3221 741 3301 accipiunt
773 3241 793 3284 a
821 3222 1081 3285 confraternitate
1136 3219 1288 3297 liceras,
1304 3220 1324 3281 l.
1341 3223 1370 3281 8.
1389 3219 1418 3280 d.
1435 3225 1465 3296 7,
1482 3239 1512 3280 n.
1527 3223 1573 3280 77.
1586 3220 1663 3280 Hine
1674 3221 1765 3280 Dian.
1778 3219 1812 3280 in
1824 3221 1923 3297 Comp.

291 3309 342 3372 vel
355 3306 555 3384 Monasterio,
572 3307 657 3368 aliud
672 3325 691 3369 a
706 3328 865 3391 quoquam
884 3311 945 3372 alio
961 3311 1081 3388 recipe·
1135 3327 1166 3370 v.
1185 3307 1367 3390 Beuefieimn
1383 3328 1412 3368 n.
1433 3312 1480 3384 78,
1499 3307 1583 3370 dicit.
1608 3307 1669 3381 Oui
1692 3328 1748 3367 7077
1767 3308 1927 3388 7777700077

292 3415 336 3460 70.
367 3394 475 3470 Quoad
498 3395 670 3456 Canonieos
694 3395 724 3456 in
750 3403 842 3457 777770
859 3417 915 3459 070
931 3403 1080 3459 077077700
1136 3399 1355 3478 resiqnnlionem
1369 3395 1525 3457 0007771777
1539 3395 1762 3476 Greqcrc'anom.
1775 3393 1927 3457 0017707777

291 3485 418 3548 Missam
431 3502 462 3545 v.
480 3483 568 3562 Pign.
587 3488 608 3545 7.
626 3487 656 3561 3,
673 3487 806 3548 consult.
823 3489 871 3548 67.
904 3503 911 3512 ·
1136 3486 1317 3568 Beneficium
1333 3505 1391 3546 7707
1404 3494 1517 3546 serenta
1529 3485 1628 3564 sorum
1639 3503 1657 3544 0
1663 3485 1735 3564 jure
1746 3482 1874 3560 77777770,
1887 3481 1927 3543 tel

223 3595 265 3641 sav
330 3571 479 3653 §aaran
493 3571 1079 3652 fundationemaliquamdcsatenuem
1130 3594 1186 3655 per
1198 3574 1446 3655 praesentationem
1460 3571 1582 3652 petroni
1605 3572 1702 3652 elapso
1724 3581 1866 3652 tempore,
1888 3569 1929 3631 nel

291 3661 415 3740 adjecta
428 3657 490 3718 siut
502 3656 607 3738 legata
621 3677 677 3738 per
698 3659 926 3738 benefactores,
953 3667 984 3724 et
1008 3682 1080 3723 nes·
1134 3681 1189 3742 per
1199 3663 1381 3722 collationem
1397 3681 1452 3720 7707
1467 3659 1598 3720 lactentis
1610 3669 1791 3740 potestatem,
1814 3660 1864 3722 cel
1881 3659 1926 3719 70-

293 3751 403 3826 070777,
429 3766 470 3810 07
493 3765 549 3826 pro
573 3747 638 3810 sole
662 3749 839 3828 fundatore,
856 3771 896 3812 an
913 3752 1007 3812 etiam
1022 3771 1079 3830 pro
1136 3749 1228 3811 beatis
1242 3750 1367 3832 quidem.
1383 3749 1502 3810 sednon
1514 3749 1638 3829 potentis
1657 3747 1794 3826 ccrzserre
1813 3757 1926 3830 propter

291 3835 545 3902 benefactoribus
577 3835 640 3898 sint
672 3835 814 3916 legenda
842 3839 956 3914 17770077,
987 3840 1077 3914 Gob,
1134 3839 1472 3915 ecccmozom'eaticoem,
1497 3837 1658 3897 0017777777
1682 3857 1819 3914 cnusnm,
1844 3845 1927 3919 potest

292 3947 323 3989 7.
341 3929 411 4002 597,
436 3927 526 4003 putat
540 3941 603 3984 non
624 3926 799 3987 necessario
825 3946 891 3988 esse
920 3928 968 3988 his
982 3928 1080 4006 appli·
1136 3927 1168 3988 77
1182 3929 1247 4008 foro
1271 3929 1451 3989 corrsee'eutioe
1475 3924 1554 3986 illud
1574 3927 1709 4002 retinere,
1728 3926 1773 3988 ita
1798 3929 1879 4004 Sot,
1899 3929 1926 3985 et

293 4016 421 4088 candes,
438 4011 496 4073 nisi
512 4011 643 4092 positive
658 4015 830 4076 constetita
840 4015 994 4092 statuisse,
1006 4016 1080 4095 qnia
1137 4017 1192 4077 alii
1208 4037 1262 4078 sex
1280 4037 1285 4078 :
1304 4037 1373 4097 quae
1390 4017 1500 4077 saltem
1515 4034 1591 4075 vera
1605 4021 1688 4091 sunt,
1701 4015 1806 4095 inquit
1820 4015 1922 4088 Diana,

288 4103 362 4184 jura
385 4106 416 4163 et
435 4101 596 4178 Doctores,
625 4120 687 4162 nou
710 4103 754 4164 ita
778 4103 948 4183 loquuntur
963 4105 1001 4164 de
1019 4105 1077 4181 his,
1131 4125 1164 4185 p.
1182 4107 1230 4182 77,
1248 4113 1269 4164 t.
1286 4109 1317 4181 ὃ,
1335 4104 1372 4164 It.
1390 4107 1440 4179 56,
1459 4102 1585 4182 qnando
1600 4102 1741 4162 delectus
1757 4109 1806 4163 est
1828 4101 1924 4163 occul·

292 4191 337 4254 nti
359 4191 398 4252 de
412 4189 588 4267 fundatore,
614 4195 646 4251 07
661 4197 829 4252 007007777
842 4193 978 4253 voluisse
998 4193 1080 4252 ferre
1136 4199 1197 4270 tus,
1224 4201 1255 4253 07
1281 4213 1319 4254 ex
1346 4193 1527 4253 dimissione
1540 4191 1695 4267 beneficii,
1714 4193 1764 4252 vel
1779 4191 1923 4270 petitione

292 4276 465 4342 subsidium
480 4277 654 4340 feudationi
670 4297 730 4339 non
742 4279 812 4340 ideo
828 4280 974 4340 addendo
998 4299 1081 4340 nova
1136 4301 1225 4344 novae
1243 4282 1430 4362 provisionis
1445 4301 1596 4360 magnum
1611 4280 1764 4341 damnum
1772 4286 1871 4342 status
1881 4279 1924 4338 vel
2014 4271 2016 4340 J

291 4365 986 4445 onera:hincputatsatisesseecrumcum
1012 4369 1080 4429 aliis
1136 4373 1226 4434 fama
1253 4378 1422 4451 pateretur,
1455 4377 1484 4432 ct
1511 4371 1595 4431 idem
1618 4375 1728 4432 teuent
1757 4367 1924 4446 Paris.,de
2013 4379 2015 4412 v

291 4453 469 4517 meminisse
482 4454 514 4513 iu
529 4456 698 4517 Sacrificio.
1137 4459 1254 4542 Confid.
1271 4469 1378 4542 qrcoest.
1396 4463 1443 4536 77,
1460 4481 1489 4522 n.
1503 4463 1558 4532 37;
1572 4459 1729 4520 Β7777107.
1742 4479 1770 4539 q.
1783 4462 1814 4535 5,
1832 4481 1861 4520 n.
1878 4461 1920 4518 79.

331 4544 434 4606 Etiam
449 4543 499 4604 bie
524 4544 624 4605 videri
648 4550 780 4625 possunt
800 4549 963 4623 ductores,
989 4546 1076 4607 relati
1136 4551 1264 4626 807077,
1281 4551 1311 4608 777
1324 4549 1348 4610 C
1349 4549 1412 4629 cns.
1426 4549 1480 4610 777.
1493 4553 1522 4624 2,
1535 4569 1598 4629 cop.
1616 4551 1644 4624 7,
1657 4547 1687 4608 d.
1701 4552 1752 4624 37,
1769 4547 1922 4624 7.77,717-

291 4655 322 4697 n.
340 4637 409 4710 830,
426 4633 457 4693 77
471 4633 544 4696 7770.
1134 4656 1233 4716 usque
1249 4638 1501 4699 doctissimusvir
1515 4638 1555 4698 ab
1563 4656 1600 4697 eo
1612 4637 1807 4698 consultussi
1816 4654 1921 4715 nempe

224 4735 265 4780 sse
333 4720 439 4798 Quoest.
457 4723 524 4784 779.
550 4754 590 4767 -·
610 4719 689 4796 Ouid
707 4721 807 4803 Iacere
819 4720 931 4798 debent,
943 4722 997 4803 qni
1011 4731 1080 4783 onte
1134 4748 1171 4788 ex
1186 4726 1364 4788 dimissione
1381 4726 1524 4787 beneficii
1551 4727 1824 4804 timereturgrave
1839 4743 1921 4786 scau-

289 4811 407 4892 oelpose
416 4811 612 4892 provisionem
626 4809 753 4873 aduertit
767 4813 796 4874 777
811 4833 841 4874 se
853 4812 1076 4890 77777077777777777,
1133 4815 1250 4888 dalum,
1268 4815 1342 4894 quia
1355 4815 1407 4876 alii
1422 4814 1549 4893 aliquod
1565 4833 1661 4893 grave
1677 4813 1796 4874 malum
1812 4815 1851 4874 de
1874 4813 1919 4873 illc

290 4901 408 4976 77777777,
424 4897 471 4960 007
484 4898 649 4979 desectam?
663 4901 699 4962 77.
1133 4903 1379 4981 suspicarentur,
1396 4921 1432 4962 eo
1450 4903 1533 4981 quod
1549 4903 1652 4963 nullus
1663 4909 1834 4982 appareret
1843 4901 1921 4962 color

330 4987 466 5068 §toni
481 4986 617 5048 advertit
640 4994 713 5050 ante
736 4987 957 5068 provisionem,
974 5007 1031 5068 per
1045 5007 1078 5050 se
1134 5011 1189 5052 cur
1220 4993 1408 5052 beneficium
1443 4991 1519 5051 illud
1552 4990 1689 5052 dimittat
1719 5012 1726 5051 ε
1764 4991 1918 5052 fatendum

290 5073 458 5156 loquendo,
475 5080 581 5154 petere
597 5094 659 5136 non
675 5076 768 5136 debet
794 5075 879 5136 illam
895 5077 1077 5156 priusquam
1132 5084 1238 5138 tamen
1265 5087 1312 5141 est
1336 5080 1525 5159 quandoque
1550 5079 1594 5140 ita
1616 5080 1732 5140 irritari
1756 5079 1918 5160 actnsjnre

290 5165 488 5246 dispensetur
507 5172 538 5227 07
552 5165 578 5226 07
592 5167 646 5227 frat
662 5165 819 5244 inquisitio
840 5167 923 5227 cirea
938 5167 1077 5228 delectus
1133 5168 1265 5246 positivo
1282 5169 1392 5244 nullos,
1410 5173 1443 5230 ut
1459 5168 1628 5246 nequidem
1651 5187 1708 5246 pro
1734 5167 1917 5230 conscientia

289 5259 414 5317 tenetur
427 5254 627 5316 manifestare
642 5260 696 5315 aut
709 5273 854 5315 recusare
876 5247 1075 5330 beneficium,
1132 5259 1258 5318 valeant
1273 5277 1423 5337 unquam,
1440 5259 1484 5319 uti
1500 5259 1524 5317 si
1541 5259 1610 5338 quis
1625 5257 1664 5319 sit
1679 5260 1824 5336 provisus
1836 5260 1917 5318 inex·

290 5342 386 5420 71717,
410 5343 491 5420 lum,
516 5345 615 5420 Rota,
639 5345 729 5418 Nave,
760 5343 889 5421 807017,
914 5346 1024 5421 Laym.
1044 5343 1076 5405 Si
1133 5345 1414 5407 communientIoue
1442 5346 1572 5426 majore,
1598 5366 1655 5424 per
1675 5347 1916 5408 exeommunica-

290 5436 396 5496 temen
410 5433 477 5493 sine
490 5430 629 5508 infamia,
646 5431 696 5492 vel
710 5431 798 5510 gravi
813 5431 873 5492 alio
889 5431 1002 5492 damno
1014 5451 1076 5493 non
1132 5438 1200 5496 tum
1216 5455 1278 5497 nou
1293 5437 1472 5513 toleratum,
1499 5455 1556 5516 pcr
1578 5437 1757 5514 simoniam,
1778 5437 1915 5498 laborans

289 5525 396 5606 posset
416 5520 643 5602 subterfugere,
673 5524 778 5602 posset
811 5520 975 5584 admittere
1004 5539 1076 5583 cnm
1133 5521 1262 5586 infamia
1273 5523 1354 5605 juris
1368 5525 1506 5604 publica,
1524 5531 1583 5588 etc.
1602 5525 1789 5588 Videbam.
1807 5545 1836 5612 q.
1852 5527 1911 5588 767.
