3992 6336
732 433 785 500 Db
805 433 1105 499 RESTI'PUTIONE.
1681 432 1739 494 123

110 627 178 688 solis
188 625 330 689 militibus
343 623 442 702 lacto,
459 625 617 704 coguntur
637 644 748 690 eorum
767 627 891 708 predas
987 646 1002 684 n
1028 625 1094 688 XII.
1111 625 1179 686 Non
1194 625 1318 686 tenetur
1330 621 1407 684 item
1425 620 1547 700 (contra
1560 619 1639 683 Nau.
1656 619 1737 701 Aup.

30 734 35 791 s
112 717 224 793 rebem,
238 715 285 776 rel
298 729 415 792 pecora
430 713 572 794 abigere,
590 716 678 776 Less.
697 714 720 777 l.
737 718 768 792 5,
784 735 815 777 u.
834 718 880 778 rs.
944 714 1011 794 etc.)
1027 713 1252 790 confessarius,
1270 711 1330 774 etsi
1353 729 1391 772 ex
1406 709 1509 772 officio
1524 709 1737 771 confessiones

22 801 31 890 ᾖ
144 807 234 868 ulli.
250 805 325 865 Item
340 805 617 880 tenentur-causae,
643 823 714 884 quae
735 803 891 884 privative
944 802 1062 878 audiat,
1091 807 1125 862 ut
1148 801 1318 876 Parochus,
1336 802 1395 861 etc.
1422 799 1446 860 si
1471 817 1510 858 cx
1531 797 1734 878 negligentia,

105 893 144 962 ut
170 893 313 954 damnum
341 890 472 962 alterius
502 897 712 966 concurrunt;
743 892 891 954 nimirum
944 890 994 951 vol
1016 889 1203 968 ignorantia,
1220 888 1435 968 penitentem,
1454 903 1514 947 non
1529 889 1656 948 moveat
1681 889 1736 948 aut

103 985 212 1059 mutus,
227 980 291 1044 sive
306 997 369 1042 nou
384 980 536 1056 clamans,
547 997 619 1042 cum
633 985 747 1060 potest,
764 985 891 1043 autnon
945 977 1062 1058 obliget
1076 978 1118 1038 ad
1140 977 1370 1038 restitutionem
1387 995 1393 1038 :
1412 975 1486 1056 quia
1508 974 1565 1037 etsi
1581 993 1619 1035 ex
1634 974 1737 1036 officio

102 1071 232 1144 obstans,
257 1086 321 1129 non
343 1067 558 1144 manifestans,
584 1069 640 1132 sed
662 1073 736 1130 tuuc
754 1073 888 1146 tantum,
944 1071 1088 1130 teneatur
1109 1067 1190 1128 benc
1205 1065 1357 1127 instruere
1380 1063 1585 1145 poenitentem
1606 1062 1740 1144 ideoque

101 1157 222 1240 quando
234 1156 312 1218 tales
332 1155 491 1235 exutique
511 1161 615 1235 pacto,
641 1157 691 1218 vel
710 1156 823 1234 cilicio,
840 1158 890 1218 uel
944 1161 1053 1237 peccet
1066 1153 1207 1234 graviter
1221 1154 1409 1230 omittendo,
1426 1152 1553 1233 quando
1569 1156 1616 1216 est
1630 1171 1739 1240 neces3

99 1246 259 1327 stipendio,
276 1248 337 1308 etc.
364 1247 512 1306 tenentur
530 1263 569 1306 ex
588 1244 711 1325 justitia
738 1246 890 1306 damnum
947 1243 1084 1320 sarium,
1112 1246 1301 1304 nontamen
1316 1241 1356 1302 ad
1380 1241 1440 1303 hoc
1461 1244 1586 1302 tenetur
1598 1261 1636 1302 ex
1659 1239 1739 1302 obli-

99 1351 216 1410 ccrere,
228 1334 261 1398 S.
277 1332 337 1394 Tb.
353 1337 384 1408 2,
400 1335 430 1406 2,
446 1350 475 1412 q.
496 1335 610 1410 tiburi.
622 1337 652 1394 7.
664 1333 716 1396 Sic
725 1333 888 1412 Princeps,
943 1334 1068 1412 gatioue
1085 1351 1160 1411 erga
1174 1330 1314 1407 tertium,
1328 1329 1417 1410 quasi
1433 1349 1471 1390 cx
1485 1328 1608 1410 justitia
1622 1329 1740 1391 debeat

98 1421 304 1502 Magistratus,
321 1419 396 1482 belli
411 1423 489 1497 Dux,
505 1424 652 1483 tenentur
674 1421 715 1482 ad
736 1421 890 1484 retitutic·
944 1421 1012 1502 ojus
1035 1421 1186 1483 damnum
1208 1437 1331 1496 cavere,
1349 1425 1404 1478 aut
1424 1436 1605 1498 procurare,
1621 1421 1657 1479 ut
1678 1417 1739 1478 boc

98 1529 169 1574 nem
181 1511 381 1586 damnorum,
398 1527 468 1589 quse
481 1528 502 1572 a
514 1509 599 1588 feris,
610 1510 796 1588 latronibus,
808 1509 890 1570 mili·
944 1509 972 1570 ei
995 1515 1229 1587 compensetur.
1248 1510 1345 1569 Secus
1370 1512 1475 1568 tamen
1500 1504 1668 1566 dicendum
1690 1505 1738 1565 vi-

99 1599 187 1676 tibus,
216 1597 256 1660 oh
278 1598 422 1676 ipsorum
447 1596 636 1677 culpabilem
666 1598 890 1678 negligentiam
944 1598 1046 1674 detur,
1073 1596 1098 1658 si
1122 1597 1254 1676 positive
1275 1594 1504 1656 restitutionem
1527 1591 1679 1671 impediat
1700 1612 1738 1654 ex

99 1687 218 1750 duntur.
240 1689 320 1750 Item
340 1685 526 1763 Consiliarii,
551 1688 712 1765 Canonici,
735 1692 886 1766 tacentes,
943 1683 1073 1762 malitia,
1090 1685 1152 1746 imo
1177 1683 1272 1746 etiam
1297 1702 1334 1744 ex
1358 1680 1541 1762 ignorantia
1556 1699 1672 1757 crassa,
1688 1682 1739 1742 vel

100 1776 418 1852 absentantesse,nou
432 1773 638 1855 impedientes
657 1775 797 1856 iniquam
815 1795 889 1838 con·
942 1774 1036 1853 culpa
1059 1775 1134 1851 lata,
1158 1775 1233 1854 quia
1253 1777 1327 1835 tunc
1352 1771 1481 1834 consilio
1506 1789 1562 1831 suo
1581 1773 1628 1832 est
1642 1787 1739 1832 cause

101 1864 350 1942 stitutionem,vel
360 1863 641 1942 electionem,item
651 1870 782 1942 tutores,
790 1865 888 1928 admi·
943 1864 1053 1924 efficax
1063 1863 1181 1940 damni,
1198 1865 1235 1925 V.
1252 1865 1337 1924 Less.
1354 1881 1384 1922 u.
1402 1865 1440 1922 ’Π
1459 1864 1491 1923 et
1504 1863 1554 1936 78,
1572 1864 1604 1922 et
1617 1861 1734 1922 Bonae.

102 1953 274 2014 nistmtores
305 1952 474 2030 bonorum,
499 1956 560 2014 etc.
590 1971 653 2014 non
682 1953 888 2032 impedientes
941 1950 977 2012 de
998 1951 1089 2013 restit.
1112 1951 1143 2013 d.
1165 1955 1193 2028 l,
1208 1971 1237 2032 q.
1264 1956 1339 2030 2,p.
1360 1953 1414 2022 113
1432 1952 1542 2029 Laym.
1560 1949 1581 2012 t.
1608 1951 1638 2025 3,
1666 1956 1687 2010 t.
1704 1953 1735 2026 4,

103 2041 209 2102 damus
229 2039 372 2120 pupillis,
397 2039 590 2119 minoribus,
613 2043 889 2122 Itcclesiisprove-
941 2061 966 2102 c.
995 2049 1013 2106 'l
1042 2046 1074 2105 et
1101 2041 1183 2104 intra
1211 2039 1262 2102 ut.
1292 2045 1332 2116 o,
1362 2047 1383 2102 t.
1414 2043 1444 2116 4,
1474 2057 1499 2098 c.
1532 2042 1570 2116 2,
1601 2036 1672 2099 dut.
1699 2040 1732 2106 ὅ,

104 2129 218 2190 aientia
247 2131 328 2192 Item
356 2129 503 2204 custodes
525 2130 691 2207 montium,
708 2131 884 2210 vinearum,
941 2153 1016 2216 resp.
1033 2137 1063 2198 3.
1085 2155 1100 2194 u

106 2219 252 2296 diruam,
278 2235 441 2298 agrorum,
466 2217 668 2298 piscinarum,
695 2221 748 2301 qui
772 2221 888 2284 damna

107 2325 160 2370 non
180 2306 368 2386 impediunt,
390 2307 442 2368 vel
465 2307 549 2370 tacta
576 2326 639 2370 nou
666 2309 884 2388 manifestant,

107 2393 531 2473 u01.d.trc;ui11.r.ae‚c.
554 2399 585 2474 3,
605 2415 636 2478 q.
658 2401 708 2459 lt.
729 2399 767 2460 V.
790 2414 888 2476 supra
1207 2390 1459 2453 ADDENDA.

109 2483 128 2546 l.
145 2487 335 2565 3‚1.3,cap.
352 2487 381 2561 2,
402 2482 433 2546 d.
453 2487 483 2546 4.
501 2485 578 2546 Item
593 2485 751 2565 principes
774 2491 806 2548 et
831 2485 889 2546 dc·

109 2569 420 2649 mbitcrrltoriorum,
437 2570 464 2632 si
478 2570 579 2634 sciant
601 2572 665 2634 vics
680 2573 821 2654 publicas
840 2572 888 2635 in·
982 2581 1090 2655 (inest.
1115 2583 1145 2640 7.
1169 2577 1279 2638 -Au
1308 2595 1441 2653 mouens,
1465 2583 1516 2638 out
1539 2573 1674 2636 inducens
1699 2569 1739 2632 cd
1765 2594 1790 2639 n

110 2659 199 2724 lutari
212 2658 426 2740 pradonibus,
447 2663 488 2736 et,
502 2678 574 2721 cum
589 2660 720 2741 possint,
738 2681 801 2724 non
829 2663 888 2724 im·
941 2667 1196 2749 dainnificcudum
1218 2665 1318 2736 alteri,
1342 2665 1493 2726 restituere
1519 2662 1678 2724 teneatur?
1699 2663 1735 2722 R.

111 2748 231 2828 lllffiffllls
261 2752 410 2812 lssssfflllut
444 2750 672 2813 mefffllffllbsss
702 2755 734 2814 et
762 2751 886 2816 cacteris
942 2758 1074 2834 Teneri,
1100 2758 1173 2820 hinc
1196 2757 1298 2819 innoc.
1324 2753 1376 2818 XI
1404 2752 1565 2816 damnavit
1594 2750 1738 2830 translati

112 2838 262 2900 debribus
276 2839 405 2915 damna,
422 2839 617 2919 qnoeabistis
627 2840 889 2920 accipiunt,com·
942 2864 1034 2926 prop.
1052 2847 1111 2921 (lui
1124 2845 1221 2908 olium
1237 2853 1341 2920 euocet,
1355 2850 1409 2905 cut
1431 2841 1544 2903 inducit
1557 2838 1598 2900 od
1609 2837 1738 2918 insuen-

113 2945 234 3006 peusars.
245 2926 336 2989 Dian.
350 2946 384 3006 p.
400 2930 431 3004 8,
449 2935 488 2990 tr.
505 2932 535 3005 7,
549 2929 615 2992 iles.
635 2931 684 2993 38.
943 2935 1014 2997 dum
1026 2953 1116 3016 praue
1127 2935 1268 2997 damnum
1285 2933 1381 3010 tertio,
1396 2951 1453 2992 nou
1474 2937 1589 2992 tenetur
1601 2927 1643 2990 ud
1653 2925 1737 2988 resti-

143 3017 243 3078 rlllll.
264 3015 445 3095 supradicti
467 3036 530 3079 nou
544 3020 692 3080 tenentur
706 3019 746 3080 ud
761 3019 890 3083 restitu-
944 3026 1086 3087 tutionem
1108 3024 1193 3086 istius
1213 3023 1316 3086 domm
1337 3021 1444 3084 illoti:
1474 3023 1624 3098 notatque
1642 3015 1735 3079 Card.

0 3113 1 3124 ¹
116 3105 228 3181 ionem,
257 3104 384 3186 quando
412 3123 475 3167 non
502 3105 630 3168 fuerunt
657 3125 754 3170 causa
778 3109 889 3170 efficax
943 3115 1008 3176 int
1030 3114 1103 3176 crisi
1113 3113 1144 3176 d.
1160 3117 1209 3192 23,
1226 3133 1258 3175 n.
1277 3115 1345 3189 430,
1361 3111 1450 3173 illum
1465 3109 1526 3170 dici
1541 3125 1669 3170 movere
1684 3104 1737 3184 qui

118 3191 217 3266 tanne
239 3199 273 3256 nt
295 3213 327 3256 v.
343 3213 376 3274 s·
399 3192 425 3254 si
438 3194 501 3271 fur,
518 3194 689 3272 homicida,
713 3195 890 3259 confuerit
944 3204 1084 3281 mandat,
1110 3202 1275 3264 consilium
1297 3203 1362 3280 dat,
1388 3195 1735 3274 consent·t,‘'adu1atur,

120 3280 261 3346 efficaciter
278 3286 383 3346 mobis
404 3283 570 3361 mandato,
591 3285 720 3347 consilio
741 3285 887 3363 alterius,
944 3293 1079 3371 ideoque
1092 3309 1189 3352 causa
1213 3293 1270 3367 cst,
1289 3288 1374 3368 quod
1397 3287 1549 3348 inferatur
1573 3283 1735 3358 damnum,

120 3368 160 3430 sed
177 3369 373 3433 nihilominus
397 3371 539 3434 absolute
554 3377 623 3435 erat
643 3373 794 3436 lecturus.
811 3375 890 3436 ltem
945 3379 984 3442 de
998 3378 1121 3458 {quibus
1145 3377 1176 3438 in
1191 3395 1279 3456 seqq.
1307 3374 1452 3436 dicetur:
1478 3372 1518 3432 de
1542 3370 1594 3431 illo
1618 3372 1735 3444 autem,

121 3455 172 3518 sir.
185 3476 214 3536 g.
229 3458 260 3518 in
270 3458 413 3538 Capitulo
428 3459 481 3520 ulii
494 3463 566 3523 ante
578 3463 608 3522 te
624 3461 768 3526 dederint
777 3463 891 3524 suflra—
945 3467 998 3548 qui
1023 3471 1147 3530 tantum
1161 3464 1304 3544 exemplo
1327 3481 1384 3524 suo
1399 3463 1506 3523 movet
1520 3460 1561 3521 ad
1585 3459 1739 3520 damnum

121 3543 409 3622 tllffldltulvidffi
423 3552 454 3608 ῐθ
469 3546 547 3610 nihil
559 3545 814 3628 impetraturum,
832 3549 889 3612 elsi
945 3557 1036 3620 alteri
1049 3555 1258 3634 inferendum,
1275 3557 1331 3616 aut
1353 3569 1426 3613 cum
1449 3549 1510 3612 alio
1525 3546 1684 3612 concurrit
1697 3547 1738 3607 ad

122 3649 193 3712 noges
207 3651 214 3694 ε
230 3637 304 3696 tunc
319 3633 404 3696 cuim
418 3652 481 3696 non
495 3634 612 3698 teneris
625 3637 802 3712 restituere
818 3639 892 3702 licet
946 3647 1108 3722 damnum,
1129 3642 1229 3706 videri
1254 3645 1386 3724 possunt
1408 3640 1494 3702 dicta
1514 3657 1547 3720 p.
1566 3640 1594 3715 l,
1611 3655 1643 3698 u.
1661 3637 1738 3698 1009

121 3737 293 3802 pccces,pro
316 3723 467 3803 qualitate
482 3725 600 3803 damni,
617 3726 763 3789 addendo
780 3732 887 3807 tuum,
945 3742 1060 3816 etseqq.
1635 3743 1639 3751 ·

122 3811 349 3888 ielmandando,
365 3813 569 3891 consulendo,
586 3819 646 3876 etc.
663 3817 741 3878 Bon.
758 3818 781 3879 l.
799 3837 825 3880 c.
987 3825 1095 3899 (lueet.
1119 3826 1149 3886 8.
1173 3857 1213 3866 -
1235 3821 1315 3898 Quid
1324 3821 1405 3884 circa
1427 3815 1614 3881 mandantem
1635 3809 1738 3875 prad.
1764 3823 1792 3867 ῃ

133 3920 159 3998 Ι4
173 3901 220 3962 lll.
236 3900 401 3962 Probabile
415 3905 473 3979 est,
490 3921 552 3964 non
567 3903 665 3966 teneri
676 3906 888 3986 supradictos,
945 3914 1095 3977 desdam?
1108 3919 1143 3977 R.
1166 3931 1253 3994 seqq,

121 4004 196 4050 suun
204 3988 244 4052 sit
254 3989 419 4052 moraliter
428 3995 560 4069 certum,
573 4009 683 4054 eorum
692 3995 888 4074 mandatum,
985 4005 1003 4082 ς
1024 4007 1051 4065 1,
1075 4001 1228 4064 Mandane
1247 3998 1447 4076 (liciturum,
1465 3996 1518 4078 qui
1535 3996 1574 4057 de
1589 3995 1672 4056 facto
1685 3991 1737 4072 jn·
1764 4009 1792 4056 2³

121 4076 275 4175 consitum,
293 4078 463 4141 efficaciter
477 4078 655 4144 influxisse:
686 4083 760 4163 quia
780 4084 813 4144 in
833 4084 892 4146 du·
944 4093 1018 4168 het,
1044 4090 1188 4171 quamvis
1219 4089 1259 4149 de
1285 4089 1357 4170 jure
1381 4091 1488 4149 eareat
1515 4086 1668 4165 potestate
1688 4079 1739 4161 ju-

121 4161 157 4266 tro
168 4167 271 4229 melior
293 4173 343 4229 est
355 4167 492 4230 conditio
505 4169 705 4248 possidentis,
717 4173 891 4251 presertim
944 4179 1064 4241 bandi:
1087 4177 1171 4258 quod
1194 4175 1218 4238 si
1244 4178 1432 4255 potestatem
1452 4170 1586 4254 jubendi
1600 4169 1735 4245 habeat,

120 4271 184 4318 ΗΜ
202 4257 518 4338 mlefiamlffillllffii
534 4261 620 4321 1⁴⁸³&
637 4279 719 4322 ”ltm-
736 4265 792 4336 383
809 4264 888 4324 B0n·
946 4271 978 4331 et
991 4267 1101 4328 innuat
1114 4285 1147 4326 se
1169 4264 1260 4342 velle,
1277 4269 1333 4326 aut
1354 4280 1469 4341 cupere
1494 4264 1529 4324 ut
1548 4261 1613 4335 fiat,
1630 4275 1739 4320 cense-

118 4362 140 4424 t·
151 4349 215 4428 tp.
230 4351 264 4421 2;
280 4347 374 4410 Diffi·
384 4367 417 4430 Ρ·
429 4349 460 4425 3,
476 4353 517 4410 ir·
533 4350 563 4426 5,
579 4349 617 4411 R·
634 4353 673 4412 84
683 4369 691 4425 ;
703 4353 803 4413 'Pstssn-
816 4355 845 4421 ⁶2,
858 4355 888 4430 2,
945 4363 997 4419 tur
1008 4357 1131 4438 jubere,
1149 4355 1221 4416 binc
1236 4355 1270 4416 L.
1288 4356 1317 4431 t,
1333 4352 1368 4432 ff.
1383 4349 1518 4414 cucullati
1528 4349 1657 4411 dicitur:
1672 4346 1738 4409 sive

119 4431 176 4512 ‘lli
188 4456 216 4518 t·
228 4439 260 4512 d,
276 4435 307 4498 d·
326 4439 377 4498 Η·
946 4467 1027 4529 rogo,
1043 4445 1108 4507 sive
1122 4445 1196 4522 octo,
1214 4444 1279 4504 sive
1293 4440 1412 4518 mundo,
1429 4439 1494 4501 sive
1510 4438 1570 4500 alio
1587 4453 1739 4516 quocum-

146 4544 158 4580 u
174 4525 208 4586 X.
223 4527 454 4598 Necleuentur,
466 4523 492 4586 si
503 4526 673 4589 efficaciter
684 4529 806 4592 tentum
816 4548 892 4592 con·
946 4555 1006 4617 que
1021 4535 1118 4596 verbo
1133 4532 1303 4612 scripserit,
1320 4529 1460 4592 mandati
1476 4527 1557 4590 actio
1573 4529 1630 4588 est.

117 4615 288 4677 manisd
316 4614 567 4678 circumstantias
594 4620 626 4678 et
647 4618 778 4679 modum
803 4623 890 4684 actus
984 4626 1052 4705 §b
1076 4621 1229 4685 Mandane
1252 4624 1375 4683 tenetur
1397 4617 1492 4680 etiarn
1507 4616 1548 4678 ad
1570 4613 1739 4678 restitutio·
1764 4631 1793 4677 st

117 4697 253 4776 damnosi3
265 4723 296 4764 v.
313 4721 345 4782 g.
363 4703 389 4764 si
405 4702 474 4783 quis
489 4707 611 4766 tuntum
626 4705 767 4785 impellat
781 4707 888 4784 alium,
946 4732 1017 4775 nem
1033 4713 1232 4787 damnorum,
1250 4727 1319 4791 quae
1339 4711 1509 4771 causantur
1526 4704 1736 4780 mandatarii),

117 4791 143 4850 ul
153 4789 244 4870 citius,
260 4791 312 4853 vel
332 4792 513 4870 animosius,
531 4793 592 4855 boc
605 4795 655 4855 vel
676 4795 728 4856 illc
743 4796 824 4875 loco,
840 4797 889 4860 rel
945 4803 977 4862 id
988 4807 1045 4878 est,
1058 4801 1113 4876 illi,
1125 4800 1177 4880 qui
1188 4799 1372 4860 mandatum
1383 4794 1575 4875 exsequitur,
1588 4793 1647 4856 nisi
1657 4793 1739 4854 forte

115 4877 194 4940 nodo
212 4886 333 4944 noceat.
355 4882 393 4942 V.
410 4884 519 4961 haym.
545 4881 567 4943 t.
584 4885 613 4961 3,
636 4903 660 4944 s.
684 4887 713 4962 5,
731 4895 752 4946 t.
769 4889 797 4964 2,
811 4905 837 4948 c.
858 4891 888 4965 5,
945 4890 1038 4951 aliter
1051 4887 1257 4950 contraxisset
1280 4903 1352 4946 oum
1376 4884 1441 4961 illo,
1457 4903 1487 4945 v.
1513 4903 1545 4962 g.
1573 4881 1740 4945 utfaceret

116 4983 182 5028 lm·
197 4971 225 5030 5·
945 4997 1002 5058 pro
1018 4981 1104 5040 certa
1117 4975 1274 5053 mercede,
1291 4975 1335 5035 ita
1349 4993 1422 5036 cum
1436 4972 1504 5034 aliis
1518 4975 1627 5050 Laym.
1643 4970 1694 5032 lit.
1706 4974 1736 5048 3,

147 5083 160 5120 a
182 5063 230 5128 Xl.
253 5067 317 5126 Nec
339 5069 474 5144 tenetur,
501 5068 554 5147 qui
579 5067 750 5132 deliberate
774 5071 890 5134 volenti
945 5077 968 5129 t.
985 5073 1014 5145 2,
1041 5087 1067 5129 c.
1092 5070 1123 5145 6,
1139 5077 1167 5128 ct
1182 5075 1204 5127 t.
1229 5068 1259 5142 4,
1276 5083 1302 5126 c.
1318 5067 1403 5142 26,a
1424 5083 1454 5124 a.
1470 5065 1529 5124 3et
1550 5081 1575 5124 c.
1589 5067 1640 5132 27,
1657 5081 1688 5124 u.
1705 5065 1735 5123 2.

116 5147 207 5212 intarri
228 5171 381 5232 magnum
404 5153 554 5216 damnum
578 5157 701 5233 suadet,
727 5163 763 5221 ut
784 5159 889 5223 minus
945 5157 1035 5219 Ratio
1058 5161 1116 5232 est,
1140 5155 1214 5236 quia
1235 5153 1452 5216 mandatarius
1476 5152 1535 5213 sub
1555 5151 1610 5212 illa
1629 5149 1739 5213 condi-

119 5237 206 5299 citlem
218 5239 332 5302 inierat
347 5259 355 5301 ε
371 5241 446 5320 quia
462 5244 538 5303 tunc
551 5243 669 5308 utiliter
692 5247 821 5309 alterius
836 5267 892 5310 ne·
945 5245 1031 5306 tione
1053 5243 1247 5322 suscipiebat
1267 5241 1500 5304 exsecutionem
1519 5238 1680 5318 mandati,
1704 5246 1739 5303 ut

120 5327 224 5422 gotium
257 5329 350 5408 gerit.
380 5330 455 5390 Dico
483 5329 597 5409 uitem,
627 5334 702 5413 quia
729 5353 791 5396 non
820 5335 892 5396 licet
945 5333 1100 5394 mandans
1112 5332 1233 5394 subiret
1246 5349 1335 5407 onae,
1351 5331 1427 5411 quia
1445 5330 1513 5410 ipse
1526 5331 1595 5392 erat
1616 5334 1738 5396 tantum

122 5415 258 5500 impedire
275 5417 424 5481 damnum
440 5415 532 5482 onius
542 5437 613 5484 oum
624 5421 739 5502 injuria
749 5423 888 5487 alteriue.
944 5423 1186 5488 instrumentum
1199 5421 1389 5486 mundantis.
