4120 6348
589 579 641 644 nn
662 573 879 644 unianimis
901 575 1224 642 nocunsiisricis.
1458 605 1463 616 ·
1672 563 1730 638 tac

93 773 174 836 satur
188 789 207 832 a
220 762 404 847 residentia,
423 766 467 830 nti
489 768 528 830 de
550 769 691 830 Parocho
714 767 887 832 declaravit
979 769 997 848 ἓ
1016 771 1059 831 15.
1082 767 1251 848 Coadjutor
1269 769 1371 846 potest
1392 765 1487 827 ctiam
1508 782 1564 844 per
1585 764 1731 827 substitn-
1758 761 1799 810 '¹³³

93 861 292 940 §.congreg
310 858 394 938 apud
409 859 551 936 Castrup.
567 878 648 919 cum.
672 861 720 920 42.
739 858 817 922 Vide
837 857 886 919 di·
939 861 1005 920 tum
1024 861 1171 935 praestare
1188 873 1235 932 ea,
1254 874 1322 934 quae
1338 856 1440 934 potest
1458 872 1515 934 per
1535 854 1684 934 seipsum,
1701 857 1732 916 et

93 947 185 1010 conda
202 964 291 1008 num.
316 949 385 1008 867.
402 947 427 1006 E
446 950 557 1007 contra
577 944 723 1026 coadjuto
745 946 884 1026 legitime
938 944 1013 1006 tacit
1033 953 1182 1025 tanquam
1203 943 1378 1023 coadjutor,
1394 963 1425 1004 v.
1445 962 1492 1022 gr.
1515 948 1618 1022 potest
1638 942 1731 1004 alicui

93 1035 236 1114 impedito
259 1035 427 1114 quominus
447 1033 569 1096 intersit
583 1055 613 1096 v·.
631 1055 678 1114 gr.
696 1035 803 1113 choro,
822 1053 884 1096 non
939 1035 1146 1111 committere,
1162 1039 1194 1095 ut
1206 1052 1261 1111 pro
1276 1051 1308 1092 sc
1323 1031 1427 1112 eligat,
1441 1032 1515 1112 quia
1528 1035 1561 1093 ut
1574 1032 1633 1094 ista
1645 1034 1729 1111 agat,

93 1123 157 1186 idco
177 1127 348 1184 excusatur
369 1121 544 1203 coadjutor,
566 1123 641 1203 quia
662 1122 753 1184 datus
776 1131 832 1200 est,
850 1126 884 1183 nt
939 1124 1034 1184 habat
1057 1124 1096 1184 ali
1118 1123 1267 1198 Ecclesia,
1291 1127 1321 1181 ct
1340 1140 1401 1182 non
1422 1139 1440 1182 a
1461 1121 1608 1200 coadjuto
1629 1141 1634 1181 :
1657 1139 1731 1198 ergo

92 1212 228 1291 suppleat
242 1211 273 1272 in
293 1211 489 1283 necessitate3
504 1213 607 1273 Furio.
629 1214 770 1291 Castrop.
785 1231 816 1292 p.
833 1214 882 1287 40,
938 1217 1040 1292 potest
1055 1211 1200 1292 delegare
1215 1210 1317 1282 alteri3
1335 1211 1437 1286 Garz.,
1456 1211 1610 1288 castrop,
1627 1229 1656 1270 ii.
1680 1211 1729 1269 35.

93 1318 204 1362 cuum.
223 1301 255 1361 6.
274 1299 306 1360 Si
321 1303 426 1361 tamaii
443 1299 524 1362 absit
542 1300 636 1361 etiam
658 1301 832 1381 coadjutor,
854 1304 885 1361 ct
938 1301 977 1362 Et
992 1300 1118 1380 quidem
1134 1305 1235 1380 potest
1255 1299 1325 1361 talis
1345 1298 1509 1378 coadjutor
1529 1298 1645 1358 habere
1669 1297 1731 1358 duo

94 1388 252 1468 coadjutus
267 1387 310 1448 sit
326 1387 464 1468 legitima
484 1389 662 1468 impeditur,
680 1389 813 1451 habetur
827 1407 884 1467 pro
938 1395 1023 1466 iota,
1039 1408 1137 1450 unum
1158 1391 1197 1450 dc
1217 1409 1261 1464 sc,
1283 1387 1308 1447 si
1324 1387 1438 1449 haheat
1452 1408 1482 1448 v.
1499 1407 1530 1467 g.
1548 1385 1732 1465 dignitatem

93 1480 251 1556 prasente,
268 1480 300 1538 et
314 1477 428 1541 fruitur
440 1478 595 1556 omnibus,
613 1485 647 1538 ut
662 1479 741 1539 alius
755 1497 817 1540 non
831 1477 885 1538 lia·
938 1481 969 1540 iii
983 1477 1034 1538 illo
1051 1478 1197 1556 capitulo,
1213 1477 1345 1537 altorum
1360 1476 1481 1537 ratione
1498 1475 1645 1553 coadjuti,
1661 1475 1732 1535 Cas·

93 1566 164 1626 bens
186 1564 416 1646 coadjutorem,
441 1587 506 1648 cap.
532 1567 609 1628 unce.
634 1566 669 1628 de
693 1565 801 1628 elei-ic.
827 1585 885 1626 coa
939 1569 1020 1645 trop.
1038 1586 1119 1629 cum.
1134 1569 1182 1627 37.
1197 1565 1285 1638 Quod
1301 1563 1326 1622 si
1341 1565 1381 1625 sit
1395 1564 1559 1643 coadjutor
1573 1561 1733 1640 dignitatis

93 1651 174 1716 resid.
191 1654 222 1714 in
237 1657 268 1716 6.
287 1657 379 1731 Nau,
399 1657 507 1732 oona,
525 1658 627 1732 Garz.,
645 1658 800 1734 Castrop.,
819 1676 849 1716 a.
865 1659 883 1716 9
939 1659 970 1715 et
997 1656 1209 1731 canonicatus,
1234 1661 1336 1734 potest
1364 1652 1528 1732 coadjutor
1554 1651 1732 1731 relinquare

93 1746 170 1804 elli.
181 1741 332 1804 Similiter
342 1743 366 1804 si
378 1745 543 1824 coadjutor
553 1744 592 1805 sit
603 1744 743 1824 logitime
755 1743 883 1822 impedi·
939 1747 1048 1804 votum
1062 1745 1183 1805 ratione
1198 1744 1369 1824 dignitatis,
1382 1748 1413 1806 et
1423 1744 1498 1804 dare
1511 1761 1602 1802 sunm
1612 1739 1732 1800 ratione

92 1836 148 1906 tua,
159 1834 373 1910 censeturpro
384 1831 529 1912 coadjuto
541 1851 608 1894 csse
620 1852 769 1912 praecona
783 1833 882 1909 Grat,
939 1833 1154 1906 canonicatus
1172 1836 1275 1911 Garz.,
1292 1837 1447 1911 castrop,
1464 1851 1545 1892 nicio.
1562 1834 1611 1891 38.

95 1919 195 1996 Garz.,
210 1921 316 1996 Garz.,
334 1921 490 2000 Gastmp,
512 1941 542 1981 a.
566 1924 615 1994 45,
640 1919 672 1980 id
693 1927 800 1982 tamari
821 1937 883 1980 noii
980 1921 998 1998 ἓ
1015 1923 1060 1981 lc.
1079 1921 1228 1993 Quamvis
1240 1923 1404 2002 coadjutor
1416 1920 1520 1998 reipsa
1531 1917 1734 1979 nonhaberct

94 2011 181 2084 tenet,
198 2007 225 2067 si
239 2009 337 2069 vellet
348 2009 458 2070 abesse
473 2009 594 2071 ratione
607 2009 701 2071 studii
711 2011 743 2069 in
755 2008 884 2071 Univcr-
939 2009 1183 2088 dignitatemvcl
1196 2011 1426 2086 canonicatum,
1439 2015 1544 2070 tamon
1555 2011 1733 2086 potestesse

95 2095 188 2172 sitcta,
212 2101 268 2158 aut
291 2097 409 2158 servitii
430 2099 599 2176 praestandi
621 2098 786 2178 Episcopo,
811 2114 884 2157 nain
938 2099 1041 2161 ludex
1060 2099 1258 2176 Apostolicus
1279 2101 1329 2161 vcl
1349 2098 1520 2178 synodalis,
1545 2097 1618 2176 quia
1639 2095 1735 2156 habat

94 2181 147 2242 hoc
161 2183 362 2262 privilegium
377 2203 439 2246 non
451 2185 609 2247 residendi
623 2186 805 2247 conceditur
815 2188 884 2248 tan·
938 2188 1163 2268 praerogativas
1176 2189 1295 2266 talium,
1309 2208 1443 2269 quornm
1456 2192 1504 2248 est
1516 2185 1691 2265 coadjutor,
1703 2188 1735 2243 et

94 2271 154 2367 tum
169 2268 237 2346 illis,
253 2271 307 2350 qni
320 2273 441 2334 rationo
455 2273 599 2334 beneficii
613 2274 660 2334 sui
676 2277 823 2336 tenentur
837 2293 884 2336 rc·
937 2277 1063 2338 fictione
1079 2276 1160 2356 juris
1182 2283 1327 2340 censetur
1347 2277 1429 2354 talis,
1450 2278 1559 2352 Gora,
1576 2277 1731 2352 castrop,

94 2355 200 2433 sidere,
221 2357 389 2439 coadjutor
409 2365 515 2423 autem
536 2380 598 2422 non
622 2366 746 2424 tenetur
763 2362 883 2424 ratione
938 2385 1018 2427 num.
1042 2367 1092 2443 39,
1115 2371 1224 2428 contra
1248 2369 1337 2428 Garz.
1361 2365 1469 2426 Vidcri
1491 2359 1622 2444 possunt
1643 2362 1735 2441 plura

94 2443 241 2521 beneficii,
256 2446 314 2506 sad
329 2446 433 2521 officii;
452 2451 556 2527 Garz.,
572 2451 726 2530 Castrop.,
738 2471 819 2512 com.
831 2453 881 2511 40.
938 2455 1023 2535 apud
1039 2456 1141 2532 Garz.,
1154 2475 1186 2536 p.
1202 2459 1232 2532 4,
1249 2476 1312 2536 cop.
1330 2459 1361 2532 5,
1380 2474 1491 2514 cauci.
1509 2457 1558 2526 55;
1577 2451 1732 2528 Castrop,

97 2529 188 2591 Addit
214 2553 298 2596 rium.
322 2536 372 2611 44,
398 2535 613 2616 coadjutorem
638 2538 825 2600 servientem
852 2539 883 2598 in
938 2543 987 2603 ci't.
1005 2561 1039 2624 p.
1058 2547 1078 2605 9
1098 2553 1126 2603 et
1148 2547 1195 2616 10;
1220 2543 1355 2623 Piguat„
1380 2549 1449 2604 tom.
1471 2547 1501 2619 4,
1518 2540 1643 2602 consult.
1664 2543 1732 2610 1853

95 2618 267 2716 cathedrali
293 2640 384 2701 possa
408 2624 523 2685 lucrari
546 2626 665 2686 fructus
683 2627 826 2688 bonelioii
851 2627 884 2689 in
937 2633 1044 2706 Laur.,
1073 2631 1106 2692 ic
1132 2633 1251 2714 speciali
1273 2640 1362 2694 tract.
1392 2630 1428 2692 de
1454 2629 1658 2711 coodj'utoia'i's,
1683 2627 1735 2687 sub

95 2704 315 2858 qliatqlcclcsia,
332 2710 405 2773 licet
425 2711 485 2774 hoc
506 2713 623 2795 alioqui
644 2716 785 2796 requirat
807 2715 885 2777 rcsi-
938 2720 1036 2790 titolo,
1053 2721 1087 2782 de
1108 2717 1234 2808 Vicari'i's
1248 2720 1401 2802 Episcopi.

115 2813 150 2855 aii
177 2815 239 2858 ain.

41 2906 74 2952 aa
130 2884 208 2962 §lt
231 2885 264 2948 Si
281 2887 452 2969 Coadjutns
470 2890 509 2952 ob
531 2892 885 2956 excommunicationem

96 2977 171 3035 essct
184 2973 319 3054 incapax
338 2977 507 3056 tructunm,
523 2978 687 3060 coadjutor
706 2987 811 3060 posset
832 3000 885 3044 cos

96 3052 216 3139 lucrari,
235 3082 300 3125 noii
316 3064 473 3145 coadjuto,
490 3068 546 3128 sed
561 3069 630 3145 sihi,
646 3069 718 3149 quia
732 3075 807 3132 tunc
823 3089 884 3131 non

97 3149 703 3234 servitnominccoadjuti,sednomine
724 3159 882 3236 Ecclesia,
1072 3221 1078 3232 ,
1165 3221 1171 3233 ,
1356 3200 1398 3234 ,’

96 3240 261 3301 secundum
293 3242 522 3305 ordinationem
548 3246 651 3324 Papae3
681 3249 784 3325 Garz.,
811 3251 885 3312 Cas·
970 3217 1043 3294 ΟΜ
1065 3229 1195 3288 mimum·
1222 3221 1432 3324 ef‘ll‘amafej
1456 3221 1651 3303 requirantur
1674 3221 1714 3286 ad

96 3327 185 3404 ij„
201 3347 284 3389 num,
304 3332 351 3390 46·
1130 3309 1309 3372 Beneficium
1331 3311 1544 3391 accipiendum.

43 3423 76 3475 ln
131 3413 209 3492 §lE
230 3415 357 3478 llabcns
371 3416 587 3498 coadjutorem
603 3441 674 3483 cum
692 3423 798 3485 futura
817 3444 885 3487 snc-

98 3501 230 3563 cessione
242 3522 301 3583 pro
317 3511 402 3567 certo
414 3507 577 3584 beneficio,
590 3530 650 3572 noii
664 3517 767 3589 potest
777 3520 885 3593 optare
985 3529 999 3564 t
1012 3509 1105 3587 Resp·
1122 3509 1145 3567 l·
1167 3509 1208 3569 Ui
1219 3507 1407 3570 beneficium
1428 3509 1556 3589 aliquod
1570 3511 1685 3587 valide,
1706 3514 1737 3572 ei

98 3589 176 3650 aliud
190 3590 259 3652 loco
273 3592 367 3669 illius,
380 3595 438 3654 nisi
451 3597 625 3677 coadjutori
644 3599 682 3660 sit
699 3601 772 3663 data
788 3605 886 3664 facul·
939 3597 1022 3662 licite
1038 3597 1226 3674 obtineatur,
1244 3597 1424 3677 requiritur,
1435 3603 1470 3660 nt
1481 3600 1520 3661 sit
1535 3619 1670 3678 persona
1684 3621 1737 3662 ca-

98 3679 141 3738 tas
155 3678 247 3740 etiam
261 3679 627 3760 inoptioocsncccdcndi
640 3688 796 3768 coadjuto,
811 3693 886 3754 alio·
940 3707 1001 3767 pair
1022 3691 1053 3749 ct
1074 3687 1197 3764 habilis,
1222 3688 1280 3747 hoc
1303 3691 1361 3764 est,
1384 3693 1418 3749 ut
1437 3689 1477 3750 sit
1499 3688 1647 3765 Clericus,
1673 3707 1737 3750 non

100 3765 167 3844 quin
175 3769 278 3846 gratia
288 3770 462 3851 coadjutori
490 3773 573 3835 lacta
599 3777 883 3855 ficretfrustranoa3
941 3775 1122 3856 illegitimus
1138 3775 1221 3855 (cum
1237 3794 1297 3856 qno
1309 3782 1415 3836 tamen
1427 3777 1598 3856 Episcopus
1612 3777 1738 3856 dispen-

100 3853 201 3932 Gouz.,
217 3859 373 3938 Castrop.,
389 3878 471 3920 oiim.
485 3865 535 3934 28;
555 3862 627 3923 hinc
649 3865 743 3925 etiam
763 3867 803 3927 ab
825 3867 885 3928 alio
941 3884 1011 3927 aare
1027 3868 1128 3943 potest
1142 3864 1182 3924 ad
1198 3863 1329 3926 Ordines
1344 3864 1493 3942 minores,
1506 3865 1737 3927 etheneficium

100 3943 193 4036 optari
217 3962 278 4004 nori
299 3951 401 4024 potest
421 3948 604 4026 Praebcnda,
622 3969 690 4031 quia
705 3953 777 4016 vivo
792 3956 887 4017 coad-
941 3953 1089 4033 simplex,
1113 3954 1161 4014 cui
1186 3953 1269 4014 Ordo
1293 3953 1395 4033 major
1415 3973 1477 4015 non
1502 3961 1549 4014 cst
1576 3951 1736 4032 annexus)

97 4029 159 4105 juta
173 4033 240 4093 erat
254 4032 435 4114 adjudicata
447 4037 633 4118 coadjutori;
652 4042 755 4120 Garz.,
772 4045 885 4124 Casta,
942 4063 1005 4105 non
1032 4041 1224 4122 irregularis,
1254 4062 1317 4103 nori
1346 4042 1645 4120 excommunicatus,
1674 4061 1737 4104 non

101 4132 175 4178 ’mm-
192 4122 241 4181 29·
942 4132 1104 4211 improbus
1129 4134 1184 4192 ant
1204 4131 1415 4209 facinorosuS,
1439 4136 1474 4192 ut
1497 4133 1613 4193 habeat
1639 4131 1737 4193 scicri-

45 4227 79 4274 τω
114 4205 216 4306 ·§l¹3.
240 4205 411 4288 Coadjutor
429 4217 532 4290 potest
550 4217 757 4298 perseipsum
772 4237 889 4282 rcnuii-
942 4221 1018 4282 tiam
1040 4223 1270 4298 competentem
1293 4221 1333 4280 ad
1359 4239 1473 4281 munus
1500 4221 1653 4282 licnelicio
1682 4240 1738 4284 an-

101 4294 172 4393 tiare
183 4314 235 4374 jus
249 4298 450 4378 succedendi,
468 4302 523 4362 sed
538 4321 599 4364 non
615 4312 718 4384 potest
732 4308 888 4372 dimittere
943 4327 1069 4386 nexum,
1081 4313 1113 4369 et
1125 4311 1247 4370 aetatem
1261 4309 1445 4388 legitimam,
1458 4309 1515 4370 nisi
1527 4309 1735 4388 dispensetur,

102 4379 317 4462 obligationem
336 4387 492 4450 serviendi
513 4391 581 4452 sirie
603 4411 756 4456 consensu
776 4400 887 4479 Papae;
943 4397 1062 4460 scilicet
1075 4415 1132 4477 pro
1148 4397 1300 4458 beneficio
1322 4397 1454 4476 simplici
1476 4416 1558 4461 anno
1581 4402 1618 4460 44
1643 4399 1738 4479 (sufli-

33 4495 37 4504 ·
103 4469 210 4535 sufficit
232 4479 339 4534 tamen
353 4493 522 4539 consensus
537 4480 703 4559 Ordinarii,
725 4484 750 4544 si
765 4487 890 4570 coadju·
944 4505 1016 4548 cera
1030 4491 1133 4546 tamaii
1160 4489 1197 4547 44
1218 4485 1410 4562 inchoatum,
1428 4486 1520 4548 docet
1540 4488 1630 4548 Dian.
1651 4507 1683 4569 p.
1705 4489 1735 4566 3,

102 4559 148 4618 tus
174 4563 358 4638 consentiat;
384 4566 496 4644 Paris,
525 4567 628 4638 Garz.,
656 4571 812 4654 Castrop'.,
838 4596 891 4638 nu-
944 4585 966 4638 t.
983 4581 1013 4654 6,
1031 4575 1068 4636 c.
1085 4577 1135 4651 ci,
1152 4593 1190 4634 cx
1205 4577 1311 4652 Azan,
1331 4580 1362 4636 et
1375 4575 1443 4635 aliis
1455 4575 1497 4656 5),
1515 4594 1571 4654 pro
1588 4594 1636 4653 co,
1654 4577 1739 4656 quod

47 4709 78 4757 73,
102 4663 169 4708 mer·
189 4651 238 4712 3¹·
945 4661 1213 4728 subdiaconatum
1242 4663 1371 4744 requirit
1385 4663 1570 4743 vigesimum
1581 4665 1736 4743 primuni;

105 4814 112 4828 ·
139 4735 216 4813 §tt
234 4739 267 4838 Si
280 4739 348 4839 quis
360 4741 495 4821 accipiat
507 4749 737 4823 possessionem
747 4749 890 4814 beneficii
945 4771 1002 4830 pro
1034 4769 1081 4827 eo,
1107 4751 1190 4830 quod
1212 4751 1417 4812 Diaconatuni
1438 4755 1486 4828 ⁶22,
1507 4771 1563 4830 pro
1585 4772 1632 4829 eo,
1655 4751 1738 4832 quod

104 4825 336 4902 incompatibilia
365 4848 437 4890 cuin
466 4832 637 4896 ministario
670 4839 888 4920 coadjutorirc,
947 4840 1176 4916 Sacerdotium,
1188 4839 1733 4920 vigesimumquartuiiiinclioatum,

106 4900 168 4966 haec
182 4912 296 5012 eoipso
312 4921 413 5016 vacat,
434 4916 526 4981 Cteiii.
548 4925 668 5001 proti'cc,
694 4926 729 4986 de
742 4929 888 5009 ltescri'pt.
946 4929 1103 5008 colligitur
1124 4947 1161 4988 ex
1181 4929 1320 4990 Trident.
1344 4949 1409 4990 sess.
1426 4933 1475 5006 22,
1492 4932 1541 5004 23,
1558 4938 1612 4990 otc.
1633 4931 1668 4988 lii
1690 4927 1739 4986 his

111 4995 262 5096 tillenseris
270 5011 450 5065 renuntiare
458 5008 578 5086 gratim,
590 5013 833 5078 utdoBcncsicio
843 5019 892 5081 vel
946 5022 1051 5079 taiiien
1073 5021 1104 5079 ct
1119 5017 1271 5078 similibus
1288 5017 1411 5078 casilins
1426 5017 1513 5079 multi
1532 5021 1736 5089 accusantum

107 5077 249 5160 dlgnitatc
259 5091 465 5170 providearis,
475 5097 501 5156 si
511 5103 583 5158 anto
597 5100 798 5179 adeptionem
811 5107 892 5186 ejus·
946 5107 996 5168 vel
1015 5105 1090 5184 quia
1113 5106 1190 5166 illud
1213 5105 1265 5185 jus
1287 5105 1402 5184 ubique
1418 5125 1480 5166 non
1496 5109 1543 5165 est
1557 5108 1735 5181 receptuiri3

108 5165 173 5265 <iem
200 5175 238 5236 ad
262 5179 454 5275 ¹Beuesicium
479 5183 608 5260 pacilicc
631 5187 784 5267 obtineas,
808 5193 892 5270 quod
947 5195 996 5256 val
1012 5195 1257 5272 quiabonafidc
1276 5199 1450 5255 trasancos
1467 5193 1592 5252 luerunt
1613 5191 1645 5250 iii
1667 5209 1740 5270 pos-

109 5261 193 5320 simul
205 5263 245 5360 dc
255 5285 328 5345 jure
343 5287 415 5329 cum
430 5270 580 5350 dignitate
594 5277 642 5336 vel
654 5277 818 5358 beneficio,
830 5283 894 5342 vir·
948 5283 1096 5358 sessione,
1107 5301 1175 5361 qnae
1185 5281 1281 5343 veluti
1291 5281 1514 5358 usucapionem
1525 5283 1555 5340 ct
1566 5279 1739 5340 dominium

109 5342 168 5402 tute
182 5347 272 5452 dicta
284 5357 393 5434 gratioe
408 5358 463 5419 tibi
480 5360 585 5423 debito
600 5365 735 5427 retinere
750 5387 812 5429 non
824 5389 893 5448 pos·
947 5371 1039 5450 parit.
1057 5373 1103 5432 lta
1117 5374 1201 5432 Lesa.
1221 5370 1271 5431 lib.
1288 5376 1318 5445 2,
1334 5387 1399 5449 cup.
1417 5373 1466 5444 34,
1483 5365 1513 5429 d.
1530 5371 1579 5429 20.

111 5445 166 5510 ses,
180 5435 251 5502 licet
264 5442 341 5505 illud
359 5446 578 5528 resignaveris,
596 5458 651 5514 aut
671 5455 712 5516 sis
732 5457 893 5538 resignare
994 5481 1007 5517 c
1028 5461 1120 5539 Resp.
1144 5461 1182 5520 ll.
1212 5458 1268 5532 Oui
1293 5457 1410 5536 recapit
1432 5456 1619 5516 beneficium
1642 5459 1738 5538 quod·

22 5605 27 5618 ‚
111 5527 240 5610 paratust
258 5531 360 5620 Garz.,
378 5537 530 5622 uasuop.
547 5559 627 5606 cum.
645 5545 693 5607 30.
708 5567 722 5605 u
947 5539 1072 5632 cunque
1094 5539 1215 5610 habens
1241 5535 1577 5608 annexumtlrdincm‘
1596 5537 1737 5628 Sacrii'in',

1760 1884 1801 1930 ’133

1194 3023 1417 3088 ARTICULUS
1439 3022 1491 3086 Ill.
