<?xml version="1.0" encoding="UTF-8"?>
<!DOCTYPE html PUBLIC "-//W3C//DTD XHTML 1.0 Transitional//EN"
    "http://www.w3.org/TR/xhtml1/DTD/xhtml1-transitional.dtd">
<html xmlns="http://www.w3.org/1999/xhtml" xml:lang="en" lang="en">
 <head>
  <title>
</title>
<meta http-equiv="Content-Type" content="text/html;charset=utf-8" />
  <meta name='ocr-system' content='tesseract 3.04.00' />
  <meta name='ocr-capabilities' content='ocr_page ocr_carea ocr_par ocr_line ocrx_word'/>
</head>
<body>
  <div class='ocr_page' id='page_1' title='image "./theologiamorali01busegoog_0051.png"; bbox 0 0 4144 6336; ppageno 0'>
   <div class='ocr_carea' id='block_1_1' title="bbox 738 521 1803 600">
    <p class='ocr_par' dir='ltr' id='par_1_1' title="bbox 738 521 1803 600">
     <span class='ocr_line' id='line_1_1' title="bbox 738 521 1803 600; baseline 0.002 -11"><span class='ocrx_word' id='word_1_1' title='bbox 738 523 855 589; x_wconf 76' lang='lat' dir='ltr'>LlBlth</span> <span class='ocrx_word' id='word_1_2' title='bbox 881 521 1062 600; x_wconf 75' lang='lat' dir='ltr'><strong>TERTIUS,</strong></span> <span class='ocrx_word' id='word_1_3' title='bbox 1091 521 1193 588; x_wconf 84' lang='lat' dir='ltr'><strong>PARS</strong></span> <span class='ocrx_word' id='word_1_4' title='bbox 1220 523 1244 587; x_wconf 91' lang='lat'>1.</span> <span class='ocrx_word' id='word_1_5' title='bbox 1763 521 1803 591; x_wconf 67' lang='lat'>4³</span> 
     </span>
    </p>
   </div>
   <div class='ocr_carea' id='block_1_2' title="bbox 153 706 958 2019">
    <p class='ocr_par' dir='ltr' id='par_1_2' title="bbox 157 706 958 1385">
     <span class='ocr_line' id='line_1_2' title="bbox 159 706 958 790; baseline 0.004 -22"><span class='ocrx_word' id='word_1_6' title='bbox 159 723 235 768; x_wconf 89' lang='lat' dir='ltr'>nem</span> <span class='ocrx_word' id='word_1_7' title='bbox 259 706 441 788; x_wconf 79' lang='lat' dir='ltr'>assignare3</span> <span class='ocrx_word' id='word_1_8' title='bbox 466 727 562 790; x_wconf 91' lang='lat' dir='ltr'>quam</span> <span class='ocrx_word' id='word_1_9' title='bbox 581 711 622 773; x_wconf 91' lang='lat' dir='ltr'>cb</span> <span class='ocrx_word' id='word_1_10' title='bbox 644 729 772 773; x_wconf 89' lang='lat' dir='ltr'>cansam</span> <span class='ocrx_word' id='word_1_11' title='bbox 785 713 849 773; x_wconf 92' lang='lat' dir='ltr'>Nos</span> <span class='ocrx_word' id='word_1_12' title='bbox 863 710 958 773; x_wconf 89' lang='lat' dir='ltr'>etiam</span> 
     </span>
     <span class='ocr_line' id='line_1_3' title="bbox 159 797 957 879; baseline 0.004 -22"><span class='ocrx_word' id='word_1_13' title='bbox 159 797 422 859; x_wconf 83' lang='lat' dir='ltr'>Fraternitatibns</span> <span class='ocrx_word' id='word_1_14' title='bbox 435 799 564 877; x_wconf 82' lang='lat' dir='ltr'>Vestris,</span> <span class='ocrx_word' id='word_1_15' title='bbox 578 802 732 879; x_wconf 86' lang='lat' dir='ltr'>quatenns</span> <span class='ocrx_word' id='word_1_16' title='bbox 743 819 820 879; x_wconf 90' lang='lat' dir='ltr'>opus</span> <span class='ocrx_word' id='word_1_17' title='bbox 835 800 884 876; x_wconf 87' lang='lat' dir='ltr'>sit,</span> <span class='ocrx_word' id='word_1_18' title='bbox 902 818 957 860; x_wconf 85' lang='lat' dir='ltr'>ne-</span> 
     </span>
     <span class='ocr_line' id='line_1_4' title="bbox 158 884 957 966; baseline 0 -20"><span class='ocrx_word' id='word_1_19' title='bbox 158 884 314 946; x_wconf 83' lang='lat' dir='ltr'>cessarias</span> <span class='ocrx_word' id='word_1_20' title='bbox 337 903 446 948; x_wconf 91' lang='lat' dir='ltr'>omnes</span> <span class='ocrx_word' id='word_1_21' title='bbox 468 891 500 948; x_wconf 87' lang='lat' dir='ltr'>et</span> <span class='ocrx_word' id='word_1_22' title='bbox 513 891 706 966; x_wconf 90' lang='lat' dir='ltr'>opportunas</span> <span class='ocrx_word' id='word_1_23' title='bbox 720 888 883 950; x_wconf 73' lang='lat' dir='ltr'>facultates</span> <span class='ocrx_word' id='word_1_24' title='bbox 897 887 957 948; x_wconf 92' lang='lat' dir='ltr'>im-</span> 
     </span>
     <span class='ocr_line' id='line_1_5' title="bbox 158 971 957 1053; baseline 0.003 -23"><span class='ocrx_word' id='word_1_25' title='bbox 158 971 332 1049; x_wconf 87' lang='lat' dir='ltr'>pertimur;</span> <span class='ocrx_word' id='word_1_26' title='bbox 348 971 596 1053; x_wconf 89' lang='lat' dir='ltr'>quibuscumque</span> <span class='ocrx_word' id='word_1_27' title='bbox 607 974 878 1052; x_wconf 79' lang='lat' dir='ltr'>appellationibus,</span> <span class='ocrx_word' id='word_1_28' title='bbox 894 972 957 1052; x_wconf 91' lang='lat' dir='ltr'>pri-</span> 
     </span>
     <span class='ocr_line' id='line_1_6' title="bbox 158 1058 954 1140; baseline 0.006 -23"><span class='ocrx_word' id='word_1_29' title='bbox 158 1058 294 1140; x_wconf 87' lang='lat' dir='ltr'>vilegiis,</span> <span class='ocrx_word' id='word_1_30' title='bbox 311 1064 366 1122; x_wconf 90' lang='lat' dir='ltr'>aut</span> <span class='ocrx_word' id='word_1_31' title='bbox 379 1061 640 1140; x_wconf 80' lang='lat' dir='ltr'><strong>exemptionibus,</strong></span> <span class='ocrx_word' id='word_1_32' title='bbox 659 1062 736 1124; x_wconf 90' lang='lat' dir='ltr'>utin</span> <span class='ocrx_word' id='word_1_33' title='bbox 752 1061 864 1123; x_wconf 91' lang='lat' dir='ltr'>eodem</span> <span class='ocrx_word' id='word_1_34' title='bbox 878 1063 954 1123; x_wconf 90' lang='lat' dir='ltr'>ccu-</span> 
     </span>
     <span class='ocr_line' id='line_1_7' title="bbox 159 1147 956 1230; baseline 0.005 -24"><span class='ocrx_word' id='word_1_35' title='bbox 159 1147 232 1208; x_wconf 88' lang='lat' dir='ltr'>cilio</span> <span class='ocrx_word' id='word_1_36' title='bbox 247 1148 397 1224; x_wconf 89' lang='lat' dir='ltr'>sancitur,</span> <span class='ocrx_word' id='word_1_37' title='bbox 423 1148 575 1210; x_wconf 86' lang='lat' dir='ltr'>adversus</span> <span class='ocrx_word' id='word_1_38' title='bbox 599 1167 647 1225; x_wconf 86' lang='lat' dir='ltr'>aa,</span> <span class='ocrx_word' id='word_1_39' title='bbox 670 1167 741 1230; x_wconf 79' lang='lat' dir='ltr'>qne</span> <span class='ocrx_word' id='word_1_40' title='bbox 756 1150 956 1211; x_wconf 89' lang='lat' dir='ltr'>salubritera</span> 
     </span>
     <span class='ocr_line' id='line_1_8' title="bbox 158 1235 955 1317; baseline 0.001 -21"><span class='ocrx_word' id='word_1_41' title='bbox 158 1235 258 1298; x_wconf 86' lang='lat' dir='ltr'>Vobis</span> <span class='ocrx_word' id='word_1_42' title='bbox 280 1237 449 1299; x_wconf 90' lang='lat' dir='ltr'>constituta</span> <span class='ocrx_word' id='word_1_43' title='bbox 471 1236 603 1316; x_wconf 88' lang='lat' dir='ltr'>fuerint,</span> <span class='ocrx_word' id='word_1_44' title='bbox 629 1238 757 1300; x_wconf 90' lang='lat' dir='ltr'>minime</span> <span class='ocrx_word' id='word_1_45' title='bbox 781 1239 955 1317; x_wconf 85' lang='lat' dir='ltr'>suifragan-</span> 
     </span>
     <span class='ocr_line' id='line_1_9' title="bbox 157 1322 256 1385; baseline 0.01 -1"><span class='ocrx_word' id='word_1_46' title='bbox 157 1322 256 1385; x_wconf 88' lang='lat' dir='ltr'>tibus.</span> 
     </span>
    </p>

    <p class='ocr_par' dir='ltr' id='par_1_3' title="bbox 153 1413 955 2019">
     <span class='ocr_line' id='line_1_10' title="bbox 199 1413 954 1494; baseline 0.007 -23"><span class='ocrx_word' id='word_1_47' title='bbox 199 1435 215 1470; x_wconf 88' lang='lat' dir='ltr'>n</span> <span class='ocrx_word' id='word_1_48' title='bbox 241 1415 315 1474; x_wconf 77' lang='lat' dir='ltr'>llaec</span> <span class='ocrx_word' id='word_1_49' title='bbox 329 1413 424 1494; x_wconf 85' lang='lat' dir='ltr'>igitur</span> <span class='ocrx_word' id='word_1_50' title='bbox 434 1413 517 1476; x_wconf 87' lang='lat' dir='ltr'>circa</span> <span class='ocrx_word' id='word_1_51' title='bbox 526 1415 652 1477; x_wconf 86' lang='lat' dir='ltr'>Missam</span> <span class='ocrx_word' id='word_1_52' title='bbox 663 1415 879 1478; x_wconf 76' lang='lat' dir='ltr'><strong>parochialem</strong></span> <span class='ocrx_word' id='word_1_53' title='bbox 894 1417 954 1476; x_wconf 88' lang='lat' dir='ltr'>sta·</span> 
     </span>
     <span class='ocr_line' id='line_1_11' title="bbox 157 1500 955 1568; baseline -0.001 -5"><span class='ocrx_word' id='word_1_54' title='bbox 157 1500 280 1563; x_wconf 88' lang='lat' dir='ltr'>tuenda</span> <span class='ocrx_word' id='word_1_55' title='bbox 293 1506 325 1564; x_wconf 90' lang='lat' dir='ltr'>et</span> <span class='ocrx_word' id='word_1_56' title='bbox 335 1503 593 1565; x_wconf 82' lang='lat' dir='ltr'>Frateruitatibns</span> <span class='ocrx_word' id='word_1_57' title='bbox 608 1505 726 1568; x_wconf 86' lang='lat' dir='ltr'>Vestris</span> <span class='ocrx_word' id='word_1_58' title='bbox 740 1502 955 1565; x_wconf 86' lang='lat' dir='ltr'>denuntianda</span> 
     </span>
     <span class='ocr_line' id='line_1_12' title="bbox 153 1589 954 1672; baseline 0.004 -24"><span class='ocrx_word' id='word_1_59' title='bbox 153 1589 379 1668; x_wconf 87' lang='lat' dir='ltr'>judicavimus.</span> <span class='ocrx_word' id='word_1_60' title='bbox 391 1591 541 1672; x_wconf 79' lang='lat' dir='ltr'>Indeque,</span> <span class='ocrx_word' id='word_1_61' title='bbox 553 1594 687 1672; x_wconf 90' lang='lat' dir='ltr'>gradum</span> <span class='ocrx_word' id='word_1_62' title='bbox 698 1594 847 1656; x_wconf 89' lang='lat' dir='ltr'>facientes</span> <span class='ocrx_word' id='word_1_63' title='bbox 861 1591 901 1653; x_wconf 91' lang='lat' dir='ltr'>ad</span> <span class='ocrx_word' id='word_1_64' title='bbox 916 1609 954 1652; x_wconf 86' lang='lat' dir='ltr'>ea</span> 
     </span>
     <span class='ocr_line' id='line_1_13' title="bbox 158 1679 955 1758; baseline 0.003 -20"><span class='ocrx_word' id='word_1_65' title='bbox 158 1696 231 1757; x_wconf 83' lang='lat' dir='ltr'>quae</span> <span class='ocrx_word' id='word_1_66' title='bbox 245 1679 404 1758; x_wconf 73' lang='lat' dir='ltr'>pertinent</span> <span class='ocrx_word' id='word_1_67' title='bbox 427 1680 467 1742; x_wconf 92' lang='lat' dir='ltr'>ad</span> <span class='ocrx_word' id='word_1_68' title='bbox 488 1682 613 1744; x_wconf 83' lang='lat' dir='ltr'><strong>Missam</strong></span> <span class='ocrx_word' id='word_1_69' title='bbox 629 1682 882 1758; x_wconf 76' lang='lat' dir='ltr'>conventualem,</span> <span class='ocrx_word' id='word_1_70' title='bbox 899 1697 955 1740; x_wconf 89' lang='lat' dir='ltr'>ne·</span> 
     </span>
     <span class='ocr_line' id='line_1_14' title="bbox 156 1765 954 1849; baseline 0.005 -23"><span class='ocrx_word' id='word_1_71' title='bbox 156 1765 278 1826; x_wconf 91' lang='lat' dir='ltr'>minem</span> <span class='ocrx_word' id='word_1_72' title='bbox 292 1769 438 1829; x_wconf 84' lang='lat' dir='ltr'>Vestrum</span> <span class='ocrx_word' id='word_1_73' title='bbox 447 1770 544 1831; x_wconf 88' lang='lat' dir='ltr'>latere</span> <span class='ocrx_word' id='word_1_74' title='bbox 554 1775 702 1849; x_wconf 88' lang='lat' dir='ltr'>putamus</span> <span class='ocrx_word' id='word_1_75' title='bbox 716 1772 884 1833; x_wconf 91' lang='lat' dir='ltr'>Sacrorum</span> <span class='ocrx_word' id='word_1_76' title='bbox 899 1770 954 1830; x_wconf 89' lang='lat' dir='ltr'>ca·</span> 
     </span>
     <span class='ocr_line' id='line_1_15' title="bbox 157 1855 953 1937; baseline 0.003 -25"><span class='ocrx_word' id='word_1_77' title='bbox 157 1871 279 1914; x_wconf 90' lang='lat' dir='ltr'>nonum</span> <span class='ocrx_word' id='word_1_78' title='bbox 299 1855 486 1932; x_wconf 89' lang='lat' dir='ltr'>sanctiones,</span> <span class='ocrx_word' id='word_1_79' title='bbox 508 1857 622 1937; x_wconf 92' lang='lat' dir='ltr'>quibus</span> <span class='ocrx_word' id='word_1_80' title='bbox 636 1858 826 1937; x_wconf 84' lang='lat' dir='ltr'>praecipitur,</span> <span class='ocrx_word' id='word_1_81' title='bbox 844 1859 879 1918; x_wconf 91' lang='lat' dir='ltr'>ut</span> <span class='ocrx_word' id='word_1_82' title='bbox 892 1855 953 1916; x_wconf 89' lang='lat' dir='ltr'>sin-</span> 
     </span>
     <span class='ocr_line' id='line_1_16' title="bbox 155 1939 952 2019; baseline 0.004 -20"><span class='ocrx_word' id='word_1_83' title='bbox 155 1940 241 2017; x_wconf 90' lang='lat' dir='ltr'>gulis</span> <span class='ocrx_word' id='word_1_84' title='bbox 263 1939 375 2002; x_wconf 91' lang='lat' dir='ltr'>diebus</span> <span class='ocrx_word' id='word_1_85' title='bbox 395 1941 426 2001; x_wconf 95' lang='lat' dir='ltr'>in</span> <span class='ocrx_word' id='word_1_86' title='bbox 441 1943 586 2004; x_wconf 80' lang='lat' dir='ltr'>ccelesiis</span> <span class='ocrx_word' id='word_1_87' title='bbox 602 1943 874 2019; x_wconf 77' lang='lat' dir='ltr'>patriarchalibus,</span> <span class='ocrx_word' id='word_1_88' title='bbox 890 1943 952 2003; x_wconf 92' lang='lat' dir='ltr'>Me·</span> 
     </span>
    </p>
   </div>
   <div class='ocr_carea' id='block_1_3' title="bbox 1006 709 1805 2024">
    <p class='ocr_par' dir='ltr' id='par_1_4' title="bbox 1008 709 1804 1324">
     <span class='ocr_line' id='line_1_17' title="bbox 1010 709 1802 794; baseline 0.008 -23"><span class='ocrx_word' id='word_1_89' title='bbox 1010 709 1121 772; x_wconf 89' lang='lat' dir='ltr'>diebus</span> <span class='ocrx_word' id='word_1_90' title='bbox 1142 711 1302 775; x_wconf 82' lang='lat' dir='ltr'>Sacrificio</span> <span class='ocrx_word' id='word_1_91' title='bbox 1319 730 1377 793; x_wconf 92' lang='lat' dir='ltr'>pro</span> <span class='ocrx_word' id='word_1_92' title='bbox 1395 712 1455 776; x_wconf 92' lang='lat' dir='ltr'>illis</span> <span class='ocrx_word' id='word_1_93' title='bbox 1474 714 1677 794; x_wconf 88' lang='lat' dir='ltr'>peraguntur.</span> <span class='ocrx_word' id='word_1_94' title='bbox 1704 713 1802 777; x_wconf 90' lang='lat' dir='ltr'>Nemo</span> 
     </span>
     <span class='ocr_line' id='line_1_18' title="bbox 1010 799 1803 883; baseline 0.008 -25"><span class='ocrx_word' id='word_1_95' title='bbox 1010 800 1093 859; x_wconf 90' lang='lat' dir='ltr'>euim</span> <span class='ocrx_word' id='word_1_96' title='bbox 1109 799 1141 860; x_wconf 94' lang='lat' dir='ltr'>id</span> <span class='ocrx_word' id='word_1_97' title='bbox 1155 800 1214 862; x_wconf 90' lang='lat' dir='ltr'>sibi</span> <span class='ocrx_word' id='word_1_98' title='bbox 1229 819 1378 883; x_wconf 86' lang='lat' dir='ltr'>arrogare</span> <span class='ocrx_word' id='word_1_99' title='bbox 1393 802 1498 880; x_wconf 91' lang='lat' dir='ltr'>debet,</span> <span class='ocrx_word' id='word_1_100' title='bbox 1515 808 1550 864; x_wconf 93' lang='lat' dir='ltr'>nt</span> <span class='ocrx_word' id='word_1_101' title='bbox 1564 803 1717 882; x_wconf 79' lang='lat' dir='ltr'>impositae</span> <span class='ocrx_word' id='word_1_102' title='bbox 1727 802 1803 864; x_wconf 91' lang='lat' dir='ltr'>obli·</span> 
     </span>
     <span class='ocr_line' id='line_1_19' title="bbox 1008 888 1803 970; baseline 0.005 -22"><span class='ocrx_word' id='word_1_103' title='bbox 1008 888 1126 966; x_wconf 89' lang='lat' dir='ltr'>gationi</span> <span class='ocrx_word' id='word_1_104' title='bbox 1146 889 1207 949; x_wconf 88' lang='lat' dir='ltr'>alia</span> <span class='ocrx_word' id='word_1_105' title='bbox 1230 890 1351 951; x_wconf 91' lang='lat' dir='ltr'>ratione</span> <span class='ocrx_word' id='word_1_106' title='bbox 1370 891 1549 952; x_wconf 81' lang='lat' dir='ltr'>satisfacere</span> <span class='ocrx_word' id='word_1_107' title='bbox 1571 891 1686 970; x_wconf 91' lang='lat' dir='ltr'>possit,</span> <span class='ocrx_word' id='word_1_108' title='bbox 1707 909 1803 970; x_wconf 90' lang='lat' dir='ltr'>quam</span> 
     </span>
     <span class='ocr_line' id='line_1_20' title="bbox 1009 979 1804 1058; baseline 0.006 -22"><span class='ocrx_word' id='word_1_109' title='bbox 1009 994 1061 1053; x_wconf 90' lang='lat' dir='ltr'>ea,</span> <span class='ocrx_word' id='word_1_110' title='bbox 1079 995 1148 1056; x_wconf 89' lang='lat' dir='ltr'>quae</span> <span class='ocrx_word' id='word_1_111' title='bbox 1169 996 1189 1037; x_wconf 88' lang='lat' dir='ltr'>a</span> <span class='ocrx_word' id='word_1_112' title='bbox 1208 980 1291 1057; x_wconf 87' lang='lat' dir='ltr'>Lege</span> <span class='ocrx_word' id='word_1_113' title='bbox 1306 979 1524 1041; x_wconf 80' lang='lat' dir='ltr'>Ecclesiastico</span> <span class='ocrx_word' id='word_1_114' title='bbox 1542 979 1700 1042; x_wconf 72' lang='lat' dir='ltr'>multoties</span> <span class='ocrx_word' id='word_1_115' title='bbox 1723 997 1804 1058; x_wconf 79' lang='lat' dir='ltr'>pra-</span> 
     </span>
     <span class='ocr_line' id='line_1_21' title="bbox 1008 1063 1802 1143; baseline 0.005 -19"><span class='ocrx_word' id='word_1_116' title='bbox 1008 1063 1125 1143; x_wconf 90' lang='lat' dir='ltr'>scripta</span> <span class='ocrx_word' id='word_1_117' title='bbox 1138 1065 1216 1138; x_wconf 90' lang='lat' dir='ltr'>fuit;</span> <span class='ocrx_word' id='word_1_118' title='bbox 1240 1067 1388 1128; x_wconf 90' lang='lat' dir='ltr'>nimirum</span> <span class='ocrx_word' id='word_1_119' title='bbox 1412 1069 1539 1130; x_wconf 86' lang='lat' dir='ltr'>Missam</span> <span class='ocrx_word' id='word_1_120' title='bbox 1557 1068 1802 1131; x_wconf 77' lang='lat' dir='ltr'>conventualem</span> 
     </span>
     <span class='ocr_line' id='line_1_22' title="bbox 1008 1151 1804 1234; baseline 0.006 -23"><span class='ocrx_word' id='word_1_121' title='bbox 1008 1151 1138 1232; x_wconf 89' lang='lat' dir='ltr'>singulis</span> <span class='ocrx_word' id='word_1_122' title='bbox 1161 1154 1272 1216; x_wconf 89' lang='lat' dir='ltr'>diebus</span> <span class='ocrx_word' id='word_1_123' title='bbox 1289 1173 1346 1234; x_wconf 87' lang='lat' dir='ltr'>pro</span> <span class='ocrx_word' id='word_1_124' title='bbox 1364 1157 1621 1219; x_wconf 89' lang='lat' dir='ltr'>Benefactoribus</span> <span class='ocrx_word' id='word_1_125' title='bbox 1641 1155 1804 1218; x_wconf 89' lang='lat' dir='ltr'>celebran-</span> 
     </span>
     <span class='ocr_line' id='line_1_23' title="bbox 1009 1239 1800 1324; baseline 0.006 -23"><span class='ocrx_word' id='word_1_126' title='bbox 1009 1239 1060 1318; x_wconf 89' lang='lat' dir='ltr'>do,</span> <span class='ocrx_word' id='word_1_127' title='bbox 1073 1241 1278 1322; x_wconf 89' lang='lat' dir='ltr'>eamdemque</span> <span class='ocrx_word' id='word_1_128' title='bbox 1289 1260 1346 1323; x_wconf 91' lang='lat' dir='ltr'>pro</span> <span class='ocrx_word' id='word_1_129' title='bbox 1361 1243 1420 1305; x_wconf 91' lang='lat' dir='ltr'>illis</span> <span class='ocrx_word' id='word_1_130' title='bbox 1430 1244 1462 1305; x_wconf 96' lang='lat' dir='ltr'>in</span> <span class='ocrx_word' id='word_1_131' title='bbox 1472 1262 1588 1324; x_wconf 88' lang='lat' dir='ltr'>genere</span> <span class='ocrx_word' id='word_1_132' title='bbox 1599 1244 1800 1323; x_wconf 86' lang='lat' dir='ltr'>applicando.</span> 
     </span>
    </p>

    <p class='ocr_par' dir='ltr' id='par_1_5' title="bbox 1006 1330 1805 2024">
     <span class='ocr_line' id='line_1_24' title="bbox 1047 1330 1804 1411; baseline 0.009 -25"><span class='ocrx_word' id='word_1_133' title='bbox 1047 1351 1062 1388; x_wconf 89' lang='lat' dir='ltr'>n</span> <span class='ocrx_word' id='word_1_134' title='bbox 1075 1330 1216 1392; x_wconf 89' lang='lat' dir='ltr'>Profecto</span> <span class='ocrx_word' id='word_1_135' title='bbox 1231 1349 1294 1392; x_wconf 92' lang='lat' dir='ltr'>non</span> <span class='ocrx_word' id='word_1_136' title='bbox 1308 1332 1409 1393; x_wconf 91' lang='lat' dir='ltr'>solnm</span> <span class='ocrx_word' id='word_1_137' title='bbox 1419 1332 1576 1411; x_wconf 86' lang='lat' dir='ltr'>prioribus</span> <span class='ocrx_word' id='word_1_138' title='bbox 1586 1331 1733 1393; x_wconf 74' lang='lat' dir='ltr'>Ecclesia</span> <span class='ocrx_word' id='word_1_139' title='bbox 1744 1349 1804 1393; x_wconf 79' lang='lat' dir='ltr'>sa·</span> 
     </span>
     <span class='ocr_line' id='line_1_25' title="bbox 1008 1417 1805 1500; baseline 0.003 -22"><span class='ocrx_word' id='word_1_140' title='bbox 1008 1417 1102 1494; x_wconf 87' lang='lat' dir='ltr'>culis,</span> <span class='ocrx_word' id='word_1_141' title='bbox 1120 1420 1340 1482; x_wconf 84' lang='lat' dir='ltr'>verumetiam</span> <span class='ocrx_word' id='word_1_142' title='bbox 1362 1421 1556 1500; x_wconf 90' lang='lat' dir='ltr'>temporibus</span> <span class='ocrx_word' id='word_1_143' title='bbox 1571 1421 1655 1482; x_wconf 87' lang='lat' dir='ltr'>hand</span> <span class='ocrx_word' id='word_1_144' title='bbox 1676 1420 1770 1499; x_wconf 89' lang='lat' dir='ltr'>longe</span> <span class='ocrx_word' id='word_1_145' title='bbox 1784 1438 1805 1480; x_wconf 90' lang='lat' dir='ltr'>a</span> 
     </span>
     <span class='ocr_line' id='line_1_26' title="bbox 1008 1505 1804 1587; baseline 0.005 -23"><span class='ocrx_word' id='word_1_146' title='bbox 1008 1507 1115 1565; x_wconf 85' lang='lat' dir='ltr'>nostra</span> <span class='ocrx_word' id='word_1_147' title='bbox 1134 1509 1225 1568; x_wconf 81' lang='lat' dir='ltr'>atate</span> <span class='ocrx_word' id='word_1_148' title='bbox 1249 1507 1377 1569; x_wconf 88' lang='lat' dir='ltr'>remotis</span> <span class='ocrx_word' id='word_1_149' title='bbox 1401 1507 1498 1587; x_wconf 91' lang='lat' dir='ltr'>(quod</span> <span class='ocrx_word' id='word_1_150' title='bbox 1521 1509 1585 1573; x_wconf 85' lang='lat' dir='ltr'>Vos</span> <span class='ocrx_word' id='word_1_151' title='bbox 1605 1526 1644 1568; x_wconf 83' lang='lat' dir='ltr'>ex</span> <span class='ocrx_word' id='word_1_152' title='bbox 1666 1505 1804 1568; x_wconf 88' lang='lat' dir='ltr'>Historia</span> 
     </span>
     <span class='ocr_line' id='line_1_27' title="bbox 1007 1592 1803 1674; baseline 0.004 -22"><span class='ocrx_word' id='word_1_153' title='bbox 1007 1592 1153 1654; x_wconf 78' lang='lat' dir='ltr'>Ecclesia</span> <span class='ocrx_word' id='word_1_154' title='bbox 1168 1592 1314 1655; x_wconf 86' lang='lat' dir='ltr'>didicisse</span> <span class='ocrx_word' id='word_1_155' title='bbox 1330 1611 1392 1655; x_wconf 92' lang='lat' dir='ltr'>non</span> <span class='ocrx_word' id='word_1_156' title='bbox 1406 1594 1611 1674; x_wconf 82' lang='lat' dir='ltr'>dubitamus),</span> <span class='ocrx_word' id='word_1_157' title='bbox 1623 1598 1803 1656; x_wconf 87' lang='lat' dir='ltr'>reservatur</span> 
     </span>
     <span class='ocr_line' id='line_1_28' title="bbox 1008 1679 1801 1760; baseline 0.001 -20"><span class='ocrx_word' id='word_1_158' title='bbox 1008 1679 1082 1740; x_wconf 91' lang='lat' dir='ltr'>olim</span> <span class='ocrx_word' id='word_1_159' title='bbox 1105 1679 1136 1739; x_wconf 92' lang='lat' dir='ltr'>in</span> <span class='ocrx_word' id='word_1_160' title='bbox 1151 1680 1280 1760; x_wconf 92' lang='lat' dir='ltr'>singulis</span> <span class='ocrx_word' id='word_1_161' title='bbox 1299 1681 1445 1742; x_wconf 79' lang='lat' dir='ltr'>ccelesiis</span> <span class='ocrx_word' id='word_1_162' title='bbox 1459 1682 1556 1742; x_wconf 89' lang='lat' dir='ltr'>series</span> <span class='ocrx_word' id='word_1_163' title='bbox 1570 1685 1719 1743; x_wconf 90' lang='lat' dir='ltr'>accurata</span> <span class='ocrx_word' id='word_1_164' title='bbox 1733 1697 1801 1741; x_wconf 92' lang='lat' dir='ltr'>om-</span> 
     </span>
     <span class='ocr_line' id='line_1_29' title="bbox 1006 1767 1803 1849; baseline 0.004 -23"><span class='ocrx_word' id='word_1_165' title='bbox 1006 1767 1094 1827; x_wconf 92' lang='lat' dir='ltr'>nium</span> <span class='ocrx_word' id='word_1_166' title='bbox 1108 1774 1140 1828; x_wconf 88' lang='lat' dir='ltr'>et</span> <span class='ocrx_word' id='word_1_167' title='bbox 1153 1768 1358 1847; x_wconf 88' lang='lat' dir='ltr'>singulorum,</span> <span class='ocrx_word' id='word_1_168' title='bbox 1375 1787 1510 1849; x_wconf 90' lang='lat' dir='ltr'>quornm</span> <span class='ocrx_word' id='word_1_169' title='bbox 1523 1770 1711 1832; x_wconf 83' lang='lat' dir='ltr'>liberalitate</span> <span class='ocrx_word' id='word_1_170' title='bbox 1726 1787 1803 1830; x_wconf 88' lang='lat' dir='ltr'>una·</span> 
     </span>
     <span class='ocr_line' id='line_1_30' title="bbox 1007 1856 1803 1938; baseline 0.003 -23"><span class='ocrx_word' id='word_1_171' title='bbox 1007 1873 1140 1934; x_wconf 85' lang='lat' dir='ltr'>qnaeque</span> <span class='ocrx_word' id='word_1_172' title='bbox 1163 1861 1255 1918; x_wconf 88' lang='lat' dir='ltr'>aucta</span> <span class='ocrx_word' id='word_1_173' title='bbox 1282 1857 1384 1918; x_wconf 87' lang='lat' dir='ltr'>fuerat</span> <span class='ocrx_word' id='word_1_174' title='bbox 1405 1875 1577 1938; x_wconf 90' lang='lat' dir='ltr'>eorumque</span> <span class='ocrx_word' id='word_1_175' title='bbox 1599 1856 1728 1918; x_wconf 89' lang='lat' dir='ltr'>nomina</span> <span class='ocrx_word' id='word_1_176' title='bbox 1746 1859 1803 1918; x_wconf 89' lang='lat' dir='ltr'>Sa·</span> 
     </span>
     <span class='ocr_line' id='line_1_31' title="bbox 1006 1944 1804 2024; baseline 0.001 -20"><span class='ocrx_word' id='word_1_177' title='bbox 1006 1944 1067 2004; x_wconf 91' lang='lat' dir='ltr'>oris</span> <span class='ocrx_word' id='word_1_178' title='bbox 1082 1945 1253 2024; x_wconf 86' lang='lat' dir='ltr'>Diptychis,</span> <span class='ocrx_word' id='word_1_179' title='bbox 1266 1946 1310 2007; x_wconf 92' lang='lat' dir='ltr'>sic</span> <span class='ocrx_word' id='word_1_180' title='bbox 1325 1947 1409 2006; x_wconf 90' lang='lat' dir='ltr'>enim</span> <span class='ocrx_word' id='word_1_181' title='bbox 1423 1947 1627 2022; x_wconf 88' lang='lat' dir='ltr'>vocabantur,</span> <span class='ocrx_word' id='word_1_182' title='bbox 1640 1946 1711 2007; x_wconf 91' lang='lat' dir='ltr'>ideo</span> <span class='ocrx_word' id='word_1_183' title='bbox 1727 1963 1804 2006; x_wconf 93' lang='lat' dir='ltr'>con-</span> 
     </span>
    </p>
   </div>
   <div class='ocr_carea' id='block_1_4' title="bbox 0 4148 5 5967">
    <p class='ocr_par' dir='ltr' id='par_1_6' title="bbox 0 4148 5 5967">
     <span class='ocr_line' id='line_1_32' title="bbox 0 4148 5 5967; baseline 0 0"><span class='ocrx_word' id='word_1_184' title='bbox 0 4148 5 5967; x_wconf 95' lang='lat' dir='ltr'> </span> 
     </span>
    </p>
   </div>
   <div class='ocr_carea' id='block_1_5' title="bbox 143 2027 1803 5546">
    <p class='ocr_par' dir='ltr' id='par_1_7' title="bbox 143 2027 1803 5546">
     <span class='ocr_line' id='line_1_33' title="bbox 154 2027 1802 2111; baseline 0.002 -23"><span class='ocrx_word' id='word_1_185' title='bbox 154 2027 367 2105; x_wconf 88' lang='lat' dir='ltr'>trcpolitanis,</span> <span class='ocrx_word' id='word_1_186' title='bbox 392 2029 630 2092; x_wconf 86' lang='lat' dir='ltr'>Gathedralibus</span> <span class='ocrx_word' id='word_1_187' title='bbox 648 2037 680 2092; x_wconf 89' lang='lat' dir='ltr'>et</span> <span class='ocrx_word' id='word_1_188' title='bbox 693 2031 870 2110; x_wconf 75' lang='lat' dir='ltr'>collegiatis</span> <span class='ocrx_word' id='word_1_189' title='bbox 884 2034 953 2091; x_wconf 89' lang='lat' dir='ltr'>tum</span> <span class='ocrx_word' id='word_1_190' title='bbox 1005 2032 1129 2111; x_wconf 84' lang='lat' dir='ltr'>signata</span> <span class='ocrx_word' id='word_1_191' title='bbox 1147 2038 1246 2111; x_wconf 88' lang='lat' dir='ltr'>erant,</span> <span class='ocrx_word' id='word_1_192' title='bbox 1268 2038 1303 2096; x_wconf 90' lang='lat' dir='ltr'>ut</span> <span class='ocrx_word' id='word_1_193' title='bbox 1319 2035 1503 2096; x_wconf 90' lang='lat' dir='ltr'>eorumdem</span> <span class='ocrx_word' id='word_1_194' title='bbox 1524 2034 1700 2096; x_wconf 89' lang='lat' dir='ltr'>recordatio</span> <span class='ocrx_word' id='word_1_195' title='bbox 1724 2052 1802 2093; x_wconf 88' lang='lat' dir='ltr'>unn-</span> 
     </span>
     <span class='ocr_line' id='line_1_34' title="bbox 155 2113 1803 2203; baseline 0.005 -29"><span class='ocrx_word' id='word_1_196' title='bbox 155 2113 245 2175; x_wconf 82' lang='lat' dir='ltr'>hcrae</span> <span class='ocrx_word' id='word_1_197' title='bbox 266 2113 431 2176; x_wconf 84' lang='lat' dir='ltr'>Canonicae</span> <span class='ocrx_word' id='word_1_198' title='bbox 455 2115 567 2178; x_wconf 90' lang='lat' dir='ltr'>debitis</span> <span class='ocrx_word' id='word_1_199' title='bbox 590 2117 695 2194; x_wconf 90' lang='lat' dir='ltr'>modo,</span> <span class='ocrx_word' id='word_1_200' title='bbox 712 2123 743 2180; x_wconf 87' lang='lat' dir='ltr'>et</span> <span class='ocrx_word' id='word_1_201' title='bbox 758 2119 857 2179; x_wconf 89' lang='lat' dir='ltr'>forma</span> <span class='ocrx_word' id='word_1_202' title='bbox 871 2115 952 2177; x_wconf 91' lang='lat' dir='ltr'>reci·</span> <span class='ocrx_word' id='word_1_203' title='bbox 1007 2139 1102 2201; x_wconf 89' lang='lat' dir='ltr'>qnam</span> <span class='ocrx_word' id='word_1_204' title='bbox 1117 2121 1274 2199; x_wconf 87' lang='lat' dir='ltr'>interiret,</span> <span class='ocrx_word' id='word_1_205' title='bbox 1291 2127 1388 2203; x_wconf 90' lang='lat' dir='ltr'>utque</span> <span class='ocrx_word' id='word_1_206' title='bbox 1403 2140 1459 2202; x_wconf 90' lang='lat' dir='ltr'>pro</span> <span class='ocrx_word' id='word_1_207' title='bbox 1475 2123 1512 2184; x_wconf 89' lang='lat' dir='ltr'>iis</span> <span class='ocrx_word' id='word_1_208' title='bbox 1527 2127 1593 2184; x_wconf 89' lang='lat' dir='ltr'>tum</span> <span class='ocrx_word' id='word_1_209' title='bbox 1608 2141 1718 2201; x_wconf 88' lang='lat' dir='ltr'>preces</span> <span class='ocrx_word' id='word_1_210' title='bbox 1732 2122 1803 2182; x_wconf 89' lang='lat' dir='ltr'>fun-</span> 
     </span>
     <span class='ocr_line' id='line_1_35' title="bbox 154 2201 1803 2289; baseline 0.005 -28"><span class='ocrx_word' id='word_1_211' title='bbox 154 2203 275 2276; x_wconf 86' lang='lat' dir='ltr'>tentur,</span> <span class='ocrx_word' id='word_1_212' title='bbox 291 2205 357 2262; x_wconf 92' lang='lat' dir='ltr'>tum</span> <span class='ocrx_word' id='word_1_213' title='bbox 373 2201 467 2264; x_wconf 88' lang='lat' dir='ltr'>etiam</span> <span class='ocrx_word' id='word_1_214' title='bbox 477 2203 570 2265; x_wconf 87' lang='lat' dir='ltr'>Missa</span> <span class='ocrx_word' id='word_1_215' title='bbox 580 2206 799 2268; x_wconf 89' lang='lat' dir='ltr'>conventualis</span> <span class='ocrx_word' id='word_1_216' title='bbox 814 2204 953 2265; x_wconf 89' lang='lat' dir='ltr'>celebre·</span> <span class='ocrx_word' id='word_1_217' title='bbox 1007 2210 1167 2289; x_wconf 89' lang='lat' dir='ltr'>darentur,</span> <span class='ocrx_word' id='word_1_218' title='bbox 1183 2217 1251 2272; x_wconf 89' lang='lat' dir='ltr'>tum</span> <span class='ocrx_word' id='word_1_219' title='bbox 1269 2211 1363 2273; x_wconf 88' lang='lat' dir='ltr'>etiam</span> <span class='ocrx_word' id='word_1_220' title='bbox 1379 2211 1480 2274; x_wconf 83' lang='lat' dir='ltr'>Missae</span> <span class='ocrx_word' id='word_1_221' title='bbox 1504 2211 1697 2275; x_wconf 88' lang='lat' dir='ltr'>Sacrificium</span> <span class='ocrx_word' id='word_1_222' title='bbox 1713 2213 1803 2272; x_wconf 89' lang='lat' dir='ltr'>offer·</span> 
     </span>
     <span class='ocr_line' id='line_1_36' title="bbox 154 2290 1801 2378; baseline 0.006 -30"><span class='ocrx_word' id='word_1_223' title='bbox 154 2294 230 2360; x_wconf 81' lang='lat' dir='ltr'>tur3</span> <span class='ocrx_word' id='word_1_224' title='bbox 256 2307 327 2368; x_wconf 82' lang='lat' dir='ltr'>qnae</span> <span class='ocrx_word' id='word_1_225' title='bbox 350 2290 431 2351; x_wconf 89' lang='lat' dir='ltr'>adeo</span> <span class='ocrx_word' id='word_1_226' title='bbox 445 2290 537 2352; x_wconf 86' lang='lat' dir='ltr'>clarae</span> <span class='ocrx_word' id='word_1_227' title='bbox 551 2299 635 2371; x_wconf 91' lang='lat' dir='ltr'>suut,</span> <span class='ocrx_word' id='word_1_228' title='bbox 661 2297 695 2354; x_wconf 89' lang='lat' dir='ltr'>ut</span> <span class='ocrx_word' id='word_1_229' title='bbox 709 2293 794 2355; x_wconf 91' lang='lat' dir='ltr'>nulla</span> <span class='ocrx_word' id='word_1_230' title='bbox 807 2311 902 2371; x_wconf 91' lang='lat' dir='ltr'>super</span> <span class='ocrx_word' id='word_1_231' title='bbox 915 2290 953 2352; x_wconf 90' lang='lat' dir='ltr'>iis</span> <span class='ocrx_word' id='word_1_232' title='bbox 1006 2301 1109 2371; x_wconf 83' lang='lat' dir='ltr'>retur3</span> <span class='ocrx_word' id='word_1_233' title='bbox 1146 2315 1241 2376; x_wconf 91' lang='lat' dir='ltr'>quam</span> <span class='ocrx_word' id='word_1_234' title='bbox 1270 2299 1310 2360; x_wconf 93' lang='lat' dir='ltr'>ob</span> <span class='ocrx_word' id='word_1_235' title='bbox 1343 2317 1472 2360; x_wconf 87' lang='lat' dir='ltr'>cansam</span> <span class='ocrx_word' id='word_1_236' title='bbox 1511 2300 1607 2361; x_wconf 88' lang='lat' dir='ltr'>etiam</span> <span class='ocrx_word' id='word_1_237' title='bbox 1634 2298 1801 2378; x_wconf 89' lang='lat' dir='ltr'>praedictus</span> 
     </span>
     <span class='ocr_line' id='line_1_37' title="bbox 155 2375 1801 2465; baseline 0.006 -29"><span class='ocrx_word' id='word_1_238' title='bbox 155 2375 234 2437; x_wconf 86' lang='lat' dir='ltr'>oriri</span> <span class='ocrx_word' id='word_1_239' title='bbox 248 2377 347 2454; x_wconf 89' lang='lat' dir='ltr'>possit</span> <span class='ocrx_word' id='word_1_240' title='bbox 360 2377 525 2440; x_wconf 87' lang='lat' dir='ltr'>dubitatio.</span> <span class='ocrx_word' id='word_1_241' title='bbox 551 2382 658 2460; x_wconf 84' lang='lat' dir='ltr'>Reque</span> <span class='ocrx_word' id='word_1_242' title='bbox 677 2382 716 2443; x_wconf 90' lang='lat' dir='ltr'>da</span> <span class='ocrx_word' id='word_1_243' title='bbox 731 2380 951 2460; x_wconf 86' lang='lat' dir='ltr'>reperspicuae</span> <span class='ocrx_word' id='word_1_244' title='bbox 1007 2385 1172 2464; x_wconf 87' lang='lat' dir='ltr'>catalogus</span> <span class='ocrx_word' id='word_1_245' title='bbox 1200 2384 1232 2445; x_wconf 91' lang='lat' dir='ltr'>in</span> <span class='ocrx_word' id='word_1_246' title='bbox 1259 2385 1416 2465; x_wconf 91' lang='lat' dir='ltr'>plerisque</span> <span class='ocrx_word' id='word_1_247' title='bbox 1444 2386 1590 2447; x_wconf 80' lang='lat' dir='ltr'>ccelesiis</span> <span class='ocrx_word' id='word_1_248' title='bbox 1618 2386 1660 2447; x_wconf 95' lang='lat' dir='ltr'>ob</span> <span class='ocrx_word' id='word_1_249' title='bbox 1694 2384 1801 2446; x_wconf 91' lang='lat' dir='ltr'>oculos</span> 
     </span>
     <span class='ocr_line' id='line_1_38' title="bbox 154 2465 1801 2552; baseline 0.005 -27"><span class='ocrx_word' id='word_1_250' title='bbox 154 2465 288 2544; x_wconf 88' lang='lat' dir='ltr'>pariter,</span> <span class='ocrx_word' id='word_1_251' title='bbox 313 2469 344 2527; x_wconf 90' lang='lat' dir='ltr'>et</span> <span class='ocrx_word' id='word_1_252' title='bbox 367 2484 425 2544; x_wconf 92' lang='lat' dir='ltr'>per</span> <span class='ocrx_word' id='word_1_253' title='bbox 441 2468 547 2529; x_wconf 90' lang='lat' dir='ltr'>omnia</span> <span class='ocrx_word' id='word_1_254' title='bbox 560 2469 731 2531; x_wconf 86' lang='lat' dir='ltr'>uniformes</span> <span class='ocrx_word' id='word_1_255' title='bbox 745 2471 881 2531; x_wconf 83' lang='lat' dir='ltr'>existunt</span> <span class='ocrx_word' id='word_1_256' title='bbox 896 2471 952 2528; x_wconf 87' lang='lat' dir='ltr'>Re·</span> <span class='ocrx_word' id='word_1_257' title='bbox 1007 2473 1183 2552; x_wconf 88' lang='lat' dir='ltr'>Presbyteri</span> <span class='ocrx_word' id='word_1_258' title='bbox 1199 2473 1391 2535; x_wconf 86' lang='lat' dir='ltr'>celebrantis</span> <span class='ocrx_word' id='word_1_259' title='bbox 1402 2481 1519 2552; x_wconf 79' lang='lat' dir='ltr'>apponi</span> <span class='ocrx_word' id='word_1_260' title='bbox 1532 2473 1711 2547; x_wconf 88' lang='lat' dir='ltr'>consuevit;</span> <span class='ocrx_word' id='word_1_261' title='bbox 1728 2472 1801 2534; x_wconf 90' lang='lat' dir='ltr'>licet</span> 
     </span>
     <span class='ocr_line' id='line_1_39' title="bbox 154 2553 1801 2640; baseline 0.003 -27"><span class='ocrx_word' id='word_1_262' title='bbox 154 2553 330 2615; x_wconf 86' lang='lat' dir='ltr'>solutiones</span> <span class='ocrx_word' id='word_1_263' title='bbox 344 2553 386 2614; x_wconf 83' lang='lat' dir='ltr'>ab</span> <span class='ocrx_word' id='word_1_264' title='bbox 406 2553 465 2616; x_wconf 90' lang='lat' dir='ltr'>hac</span> <span class='ocrx_word' id='word_1_265' title='bbox 480 2557 593 2636; x_wconf 83' lang='lat' dir='ltr'>congr.</span> <span class='ocrx_word' id='word_1_266' title='bbox 611 2559 689 2620; x_wconf 87' lang='lat' dir='ltr'>Ven.</span> <span class='ocrx_word' id='word_1_267' title='bbox 707 2562 806 2620; x_wconf 84' lang='lat' dir='ltr'>Fratr.</span> <span class='ocrx_word' id='word_1_268' title='bbox 824 2560 952 2618; x_wconf 87' lang='lat' dir='ltr'>Nostro-</span> <span class='ocrx_word' id='word_1_269' title='bbox 1006 2561 1101 2621; x_wconf 90' lang='lat' dir='ltr'>iidem</span> <span class='ocrx_word' id='word_1_270' title='bbox 1122 2560 1163 2640; x_wconf 92' lang='lat' dir='ltr'>pii</span> <span class='ocrx_word' id='word_1_271' title='bbox 1187 2560 1406 2622; x_wconf 89' lang='lat' dir='ltr'>Benefactores</span> <span class='ocrx_word' id='word_1_272' title='bbox 1429 2561 1461 2620; x_wconf 94' lang='lat' dir='ltr'>in</span> <span class='ocrx_word' id='word_1_273' title='bbox 1485 2561 1550 2622; x_wconf 88' lang='lat' dir='ltr'>suis</span> <span class='ocrx_word' id='word_1_274' title='bbox 1572 2559 1801 2622; x_wconf 87' lang='lat' dir='ltr'>Donationibus</span> 
     </span>
     <span class='ocr_line' id='line_1_40' title="bbox 155 2641 1799 2726; baseline 0.004 -26"><span class='ocrx_word' id='word_1_275' title='bbox 155 2658 231 2700; x_wconf 89' lang='lat' dir='ltr'>rum</span> <span class='ocrx_word' id='word_1_276' title='bbox 245 2643 339 2703; x_wconf 86' lang='lat' dir='ltr'>Cone.</span> <span class='ocrx_word' id='word_1_277' title='bbox 357 2641 443 2703; x_wconf 84' lang='lat' dir='ltr'>&#39;frid</span> <span class='ocrx_word' id='word_1_278' title='bbox 456 2645 664 2723; x_wconf 87' lang='lat' dir='ltr'>interpretum</span> <span class='ocrx_word' id='word_1_279' title='bbox 679 2647 818 2726; x_wconf 88' lang='lat' dir='ltr'>repetitis</span> <span class='ocrx_word' id='word_1_280' title='bbox 832 2645 952 2706; x_wconf 90' lang='lat' dir='ltr'>vicibus</span> <span class='ocrx_word' id='word_1_281' title='bbox 1006 2649 1083 2709; x_wconf 86' lang='lat' dir='ltr'>nihil</span> <span class='ocrx_word' id='word_1_282' title='bbox 1101 2648 1226 2726; x_wconf 91' lang='lat' dir='ltr'>peuitns</span> <span class='ocrx_word' id='word_1_283' title='bbox 1240 2666 1296 2726; x_wconf 92' lang='lat' dir='ltr'>prc</span> <span class='ocrx_word' id='word_1_284' title='bbox 1312 2665 1345 2708; x_wconf 89' lang='lat' dir='ltr'>se</span> <span class='ocrx_word' id='word_1_285' title='bbox 1359 2648 1442 2726; x_wconf 85' lang='lat' dir='ltr'>pacti</span> <span class='ocrx_word' id='word_1_286' title='bbox 1458 2651 1572 2726; x_wconf 91' lang='lat' dir='ltr'>essent,</span> <span class='ocrx_word' id='word_1_287' title='bbox 1590 2648 1646 2710; x_wconf 91' lang='lat' dir='ltr'>sed</span> <span class='ocrx_word' id='word_1_288' title='bbox 1659 2653 1799 2710; x_wconf 88' lang='lat' dir='ltr'>tantum·</span> 
     </span>
     <span class='ocr_line' id='line_1_41' title="bbox 155 2733 1799 2814; baseline 0.004 -26"><span class='ocrx_word' id='word_1_289' title='bbox 155 2735 325 2806; x_wconf 68' lang='lat' dir='ltr'>emanatas,</span> <span class='ocrx_word' id='word_1_290' title='bbox 351 2749 430 2810; x_wconf 86' lang='lat' dir='ltr'>quas</span> <span class='ocrx_word' id='word_1_291' title='bbox 444 2749 552 2794; x_wconf 89' lang='lat' dir='ltr'>omnes</span> <span class='ocrx_word' id='word_1_292' title='bbox 566 2735 746 2814; x_wconf 82' lang='lat' dir='ltr'>Apostolica</span> <span class='ocrx_word' id='word_1_293' title='bbox 759 2733 952 2797; x_wconf 73' lang='lat' dir='ltr'>securitate</span> <span class='ocrx_word' id='word_1_294' title='bbox 1006 2736 1100 2798; x_wconf 92' lang='lat' dir='ltr'>modo</span> <span class='ocrx_word' id='word_1_295' title='bbox 1115 2753 1171 2814; x_wconf 91' lang='lat' dir='ltr'>pro</span> <span class='ocrx_word' id='word_1_296' title='bbox 1191 2739 1393 2814; x_wconf 89' lang='lat' dir='ltr'>peccatorum</span> <span class='ocrx_word' id='word_1_297' title='bbox 1413 2754 1543 2798; x_wconf 89' lang='lat' dir='ltr'>suornm</span> <span class='ocrx_word' id='word_1_298' title='bbox 1563 2735 1746 2798; x_wconf 88' lang='lat' dir='ltr'>remissione</span> <span class='ocrx_word' id='word_1_299' title='bbox 1766 2753 1799 2795; x_wconf 91' lang='lat' dir='ltr'>sa</span> 
     </span>
     <span class='ocr_line' id='line_1_42' title="bbox 156 2819 1801 2903; baseline 0.004 -25"><span class='ocrx_word' id='word_1_300' title='bbox 156 2819 273 2879; x_wconf 84' lang='lat' dir='ltr'>Nostra</span> <span class='ocrx_word' id='word_1_301' title='bbox 295 2819 516 2881; x_wconf 85' lang='lat' dir='ltr'>confirmamus</span> <span class='ocrx_word' id='word_1_302' title='bbox 544 2827 576 2884; x_wconf 92' lang='lat' dir='ltr'>et</span> <span class='ocrx_word' id='word_1_303' title='bbox 598 2823 820 2903; x_wconf 86' lang='lat' dir='ltr'>approbamus,</span> <span class='ocrx_word' id='word_1_304' title='bbox 844 2839 953 2885; x_wconf 89' lang='lat' dir='ltr'>earnm</span> <span class='ocrx_word' id='word_1_305' title='bbox 1004 2825 1090 2886; x_wconf 86' lang='lat' dir='ltr'>bona</span> <span class='ocrx_word' id='word_1_306' title='bbox 1110 2841 1167 2884; x_wconf 88' lang='lat' dir='ltr'>sna</span> <span class='ocrx_word' id='word_1_307' title='bbox 1190 2826 1254 2885; x_wconf 82' lang='lat' dir='ltr'>fleo</span> <span class='ocrx_word' id='word_1_308' title='bbox 1276 2825 1387 2884; x_wconf 88' lang='lat' dir='ltr'>offerre</span> <span class='ocrx_word' id='word_1_309' title='bbox 1403 2823 1625 2884; x_wconf 87' lang='lat' dir='ltr'>declarassent.</span> <span class='ocrx_word' id='word_1_310' title='bbox 1646 2821 1801 2885; x_wconf 83' lang='lat' dir='ltr'>Ecclesia·</span> 
     </span>
     <span class='ocr_line' id='line_1_43' title="bbox 155 2904 1799 2990; baseline 0.002 -25"><span class='ocrx_word' id='word_1_311' title='bbox 155 2904 376 2966; x_wconf 83' lang='lat' dir='ltr'>executionem</span> <span class='ocrx_word' id='word_1_312' title='bbox 390 2906 485 2968; x_wconf 84' lang='lat' dir='ltr'>Vobis</span> <span class='ocrx_word' id='word_1_313' title='bbox 500 2910 589 2971; x_wconf 85' lang='lat' dir='ltr'>enixe</span> <span class='ocrx_word' id='word_1_314' title='bbox 599 2913 808 2974; x_wconf 89' lang='lat' dir='ltr'>inculcantes:</span> <span class='ocrx_word' id='word_1_315' title='bbox 826 2916 861 2973; x_wconf 89' lang='lat' dir='ltr'>ut</span> <span class='ocrx_word' id='word_1_316' title='bbox 872 2911 952 2974; x_wconf 89' lang='lat' dir='ltr'>scili·</span> <span class='ocrx_word' id='word_1_317' title='bbox 1006 2932 1077 2975; x_wconf 91' lang='lat' dir='ltr'>rum</span> <span class='ocrx_word' id='word_1_318' title='bbox 1097 2911 1253 2990; x_wconf 87' lang='lat' dir='ltr'>siqnidem</span> <span class='ocrx_word' id='word_1_319' title='bbox 1272 2911 1424 2972; x_wconf 79' lang='lat' dir='ltr'>Praesules</span> <span class='ocrx_word' id='word_1_320' title='bbox 1437 2928 1547 2989; x_wconf 91' lang='lat' dir='ltr'>preces</span> <span class='ocrx_word' id='word_1_321' title='bbox 1571 2929 1627 2990; x_wconf 93' lang='lat' dir='ltr'>pro</span> <span class='ocrx_word' id='word_1_322' title='bbox 1646 2910 1684 2972; x_wconf 90' lang='lat' dir='ltr'>iis</span> <span class='ocrx_word' id='word_1_323' title='bbox 1702 2910 1799 2986; x_wconf 91' lang='lat' dir='ltr'>impe·</span> 
     </span>
     <span class='ocr_line' id='line_1_44' title="bbox 154 2993 1801 3080; baseline 0.002 -26"><span class='ocrx_word' id='word_1_324' title='bbox 154 2999 209 3054; x_wconf 86' lang='lat' dir='ltr'>cet</span> <span class='ocrx_word' id='word_1_325' title='bbox 233 2993 327 3055; x_wconf 90' lang='lat' dir='ltr'>Missa</span> <span class='ocrx_word' id='word_1_326' title='bbox 348 2996 579 3075; x_wconf 88' lang='lat' dir='ltr'>conventualis,</span> <span class='ocrx_word' id='word_1_327' title='bbox 605 3018 675 3078; x_wconf 82' lang='lat' dir='ltr'>quae</span> <span class='ocrx_word' id='word_1_328' title='bbox 696 3001 827 3080; x_wconf 90' lang='lat' dir='ltr'>singulis</span> <span class='ocrx_word' id='word_1_329' title='bbox 841 3001 952 3062; x_wconf 90' lang='lat' dir='ltr'>dicbus</span> <span class='ocrx_word' id='word_1_330' title='bbox 1006 3000 1121 3062; x_wconf 89' lang='lat' dir='ltr'>raudas</span> <span class='ocrx_word' id='word_1_331' title='bbox 1149 3017 1216 3059; x_wconf 90' lang='lat' dir='ltr'>esse</span> <span class='ocrx_word' id='word_1_332' title='bbox 1240 2998 1414 3070; x_wconf 83' lang='lat' dir='ltr'>duxerunt;</span> <span class='ocrx_word' id='word_1_333' title='bbox 1438 2998 1582 3077; x_wconf 90' lang='lat' dir='ltr'>quamvis</span> <span class='ocrx_word' id='word_1_334' title='bbox 1605 2998 1649 3059; x_wconf 88' lang='lat' dir='ltr'>illi</span> <span class='ocrx_word' id='word_1_335' title='bbox 1672 2997 1801 3076; x_wconf 89' lang='lat' dir='ltr'>propria</span> 
     </span>
     <span class='ocr_line' id='line_1_45' title="bbox 154 3081 1798 3167; baseline 0.002 -24"><span class='ocrx_word' id='word_1_336' title='bbox 154 3081 642 3160; x_wconf 84' lang='lat' dir='ltr'>canituracleropraedictarnm</span> <span class='ocrx_word' id='word_1_337' title='bbox 656 3088 877 3164; x_wconf 85' lang='lat' dir='ltr'>Ecclesiarum,</span> <span class='ocrx_word' id='word_1_338' title='bbox 895 3105 950 3166; x_wconf 91' lang='lat' dir='ltr'>pro</span> <span class='ocrx_word' id='word_1_339' title='bbox 1005 3090 1089 3151; x_wconf 91' lang='lat' dir='ltr'>bona</span> <span class='ocrx_word' id='word_1_340' title='bbox 1110 3089 1275 3150; x_wconf 86' lang='lat' dir='ltr'>offerentes</span> <span class='ocrx_word' id='word_1_341' title='bbox 1297 3105 1336 3148; x_wconf 91' lang='lat' dir='ltr'>ne</span> <span class='ocrx_word' id='word_1_342' title='bbox 1358 3086 1490 3148; x_wconf 89' lang='lat' dir='ltr'>verbum</span> <span class='ocrx_word' id='word_1_343' title='bbox 1509 3086 1637 3167; x_wconf 90' lang='lat' dir='ltr'>quidem</span> <span class='ocrx_word' id='word_1_344' title='bbox 1659 3105 1697 3148; x_wconf 87' lang='lat' dir='ltr'>ea</span> <span class='ocrx_word' id='word_1_345' title='bbox 1710 3086 1750 3147; x_wconf 92' lang='lat' dir='ltr'>de</span> <span class='ocrx_word' id='word_1_346' title='bbox 1765 3103 1798 3146; x_wconf 89' lang='lat' dir='ltr'>re</span> 
     </span>
     <span class='ocr_line' id='line_1_46' title="bbox 154 3169 1797 3256; baseline 0.004 -27"><span class='ocrx_word' id='word_1_347' title='bbox 154 3169 343 3230; x_wconf 88' lang='lat' dir='ltr'>earumdem</span> <span class='ocrx_word' id='word_1_348' title='bbox 365 3169 622 3234; x_wconf 89' lang='lat' dir='ltr'>Benefactoribus</span> <span class='ocrx_word' id='word_1_349' title='bbox 635 3173 667 3234; x_wconf 91' lang='lat' dir='ltr'>in</span> <span class='ocrx_word' id='word_1_350' title='bbox 681 3193 796 3253; x_wconf 89' lang='lat' dir='ltr'>genere</span> <span class='ocrx_word' id='word_1_351' title='bbox 812 3174 952 3256; x_wconf 88' lang='lat' dir='ltr'>qnotidie</span> <span class='ocrx_word' id='word_1_352' title='bbox 1005 3177 1161 3239; x_wconf 88' lang='lat' dir='ltr'>fecissent.</span> <span class='ocrx_word' id='word_1_353' title='bbox 1182 3177 1349 3238; x_wconf 90' lang='lat' dir='ltr'>Sacrorum</span> <span class='ocrx_word' id='word_1_354' title='bbox 1367 3175 1548 3255; x_wconf 90' lang='lat' dir='ltr'>hujusmodi</span> <span class='ocrx_word' id='word_1_355' title='bbox 1570 3175 1797 3255; x_wconf 88' lang='lat' dir='ltr'>Diptychorum</span> 
     </span>
     <span class='ocr_line' id='line_1_47' title="bbox 153 3257 1800 3344; baseline 0.004 -26"><span class='ocrx_word' id='word_1_356' title='bbox 153 3257 353 3337; x_wconf 87' lang='lat' dir='ltr'>applicetnr;</span> <span class='ocrx_word' id='word_1_357' title='bbox 370 3258 481 3319; x_wconf 89' lang='lat' dir='ltr'>eodem</span> <span class='ocrx_word' id='word_1_358' title='bbox 491 3276 619 3338; x_wconf 89' lang='lat' dir='ltr'>prorsus</span> <span class='ocrx_word' id='word_1_359' title='bbox 631 3262 736 3341; x_wconf 89' lang='lat' dir='ltr'>modo,</span> <span class='ocrx_word' id='word_1_360' title='bbox 749 3282 810 3344; x_wconf 95' lang='lat' dir='ltr'>quo</span> <span class='ocrx_word' id='word_1_361' title='bbox 826 3265 952 3328; x_wconf 89' lang='lat' dir='ltr'>Missam</span> <span class='ocrx_word' id='word_1_362' title='bbox 1006 3263 1332 3337; x_wconf 88' lang='lat' dir='ltr'>nsusseusimdefccit;</span> <span class='ocrx_word' id='word_1_363' title='bbox 1341 3263 1381 3324; x_wconf 91' lang='lat' dir='ltr'>oh</span> <span class='ocrx_word' id='word_1_364' title='bbox 1390 3263 1484 3342; x_wconf 92' lang='lat' dir='ltr'>idque</span> <span class='ocrx_word' id='word_1_365' title='bbox 1493 3263 1524 3323; x_wconf 92' lang='lat' dir='ltr'>in</span> <span class='ocrx_word' id='word_1_366' title='bbox 1533 3261 1800 3342; x_wconf 88' lang='lat' dir='ltr'>oblivionejacant</span> 
     </span>
     <span class='ocr_line' id='line_1_48' title="bbox 155 3344 1800 3432; baseline 0.001 -24"><span class='ocrx_word' id='word_1_367' title='bbox 155 3344 376 3408; x_wconf 88' lang='lat' dir='ltr'>Parocbialem</span> <span class='ocrx_word' id='word_1_368' title='bbox 399 3346 439 3407; x_wconf 87' lang='lat' dir='ltr'>ab</span> <span class='ocrx_word' id='word_1_369' title='bbox 458 3346 496 3408; x_wconf 88' lang='lat' dir='ltr'>iis</span> <span class='ocrx_word' id='word_1_370' title='bbox 510 3349 560 3409; x_wconf 91' lang='lat' dir='ltr'>cni</span> <span class='ocrx_word' id='word_1_371' title='bbox 574 3367 682 3411; x_wconf 91' lang='lat' dir='ltr'>curam</span> <span class='ocrx_word' id='word_1_372' title='bbox 696 3353 881 3414; x_wconf 85' lang='lat' dir='ltr'>Animarum</span> <span class='ocrx_word' id='word_1_373' title='bbox 896 3371 951 3432; x_wconf 88' lang='lat' dir='ltr'>ge·</span> <span class='ocrx_word' id='word_1_374' title='bbox 1006 3351 1119 3414; x_wconf 87' lang='lat' dir='ltr'>alicubi</span> <span class='ocrx_word' id='word_1_375' title='bbox 1135 3350 1342 3430; x_wconf 90' lang='lat' dir='ltr'>complurium</span> <span class='ocrx_word' id='word_1_376' title='bbox 1351 3349 1592 3411; x_wconf 88' lang='lat' dir='ltr'>Benefactorum</span> <span class='ocrx_word' id='word_1_377' title='bbox 1607 3350 1745 3410; x_wconf 91' lang='lat' dir='ltr'>nomina.</span> <span class='ocrx_word' id='word_1_378' title='bbox 1758 3352 1800 3412; x_wconf 84' lang='lat' dir='ltr'>At</span> 
     </span>
     <span class='ocr_line' id='line_1_49' title="bbox 153 3433 1800 3519; baseline 0.002 -25"><span class='ocrx_word' id='word_1_379' title='bbox 153 3437 243 3508; x_wconf 88' lang='lat' dir='ltr'>runt,</span> <span class='ocrx_word' id='word_1_380' title='bbox 268 3450 325 3512; x_wconf 89' lang='lat' dir='ltr'>pro</span> <span class='ocrx_word' id='word_1_381' title='bbox 347 3434 461 3511; x_wconf 92' lang='lat' dir='ltr'>populo</span> <span class='ocrx_word' id='word_1_382' title='bbox 475 3433 534 3495; x_wconf 91' lang='lat' dir='ltr'>sihi</span> <span class='ocrx_word' id='word_1_383' title='bbox 550 3436 728 3516; x_wconf 90' lang='lat' dir='ltr'>commisso,</span> <span class='ocrx_word' id='word_1_384' title='bbox 745 3440 877 3519; x_wconf 88' lang='lat' dir='ltr'>singulis</span> <span class='ocrx_word' id='word_1_385' title='bbox 892 3441 950 3500; x_wconf 90' lang='lat' dir='ltr'>sal·</span> <span class='ocrx_word' id='word_1_386' title='bbox 1005 3460 1068 3502; x_wconf 92' lang='lat' dir='ltr'>non</span> <span class='ocrx_word' id='word_1_387' title='bbox 1093 3441 1209 3500; x_wconf 88' lang='lat' dir='ltr'>idcirco</span> <span class='ocrx_word' id='word_1_388' title='bbox 1224 3439 1369 3499; x_wconf 88' lang='lat' dir='ltr'>deserere</span> <span class='ocrx_word' id='word_1_389' title='bbox 1384 3438 1430 3499; x_wconf 90' lang='lat' dir='ltr'>fas</span> <span class='ocrx_word' id='word_1_390' title='bbox 1446 3442 1493 3499; x_wconf 90' lang='lat' dir='ltr'>est</span> <span class='ocrx_word' id='word_1_391' title='bbox 1513 3456 1604 3498; x_wconf 92' lang='lat' dir='ltr'>usum</span> <span class='ocrx_word' id='word_1_392' title='bbox 1619 3443 1651 3500; x_wconf 90' lang='lat' dir='ltr'>et</span> <span class='ocrx_word' id='word_1_393' title='bbox 1663 3436 1800 3517; x_wconf 85' lang='lat' dir='ltr'>discipli-</span> 
     </span>
     <span class='ocr_line' id='line_1_50' title="bbox 151 3520 1798 3607; baseline 0 -23"><span class='ocrx_word' id='word_1_394' title='bbox 151 3529 222 3584; x_wconf 83' lang='lat' dir='ltr'>tem</span> <span class='ocrx_word' id='word_1_395' title='bbox 238 3520 348 3582; x_wconf 89' lang='lat' dir='ltr'>diebus</span> <span class='ocrx_word' id='word_1_396' title='bbox 371 3521 457 3582; x_wconf 89' lang='lat' dir='ltr'>festis</span> <span class='ocrx_word' id='word_1_397' title='bbox 480 3522 520 3582; x_wconf 90' lang='lat' dir='ltr'>de</span> <span class='ocrx_word' id='word_1_398' title='bbox 543 3531 711 3604; x_wconf 84' lang='lat' dir='ltr'>praecepto,</span> <span class='ocrx_word' id='word_1_399' title='bbox 731 3527 881 3607; x_wconf 87' lang='lat' dir='ltr'>applicari</span> <span class='ocrx_word' id='word_1_400' title='bbox 896 3529 951 3590; x_wconf 86' lang='lat' dir='ltr'>de·</span> <span class='ocrx_word' id='word_1_401' title='bbox 1006 3545 1079 3590; x_wconf 91' lang='lat' dir='ltr'>nam</span> <span class='ocrx_word' id='word_1_402' title='bbox 1094 3527 1204 3588; x_wconf 87' lang='lat' dir='ltr'>orandi</span> <span class='ocrx_word' id='word_1_403' title='bbox 1222 3544 1279 3604; x_wconf 92' lang='lat' dir='ltr'>pro</span> <span class='ocrx_word' id='word_1_404' title='bbox 1299 3525 1347 3602; x_wconf 90' lang='lat' dir='ltr'>iis,</span> <span class='ocrx_word' id='word_1_405' title='bbox 1364 3531 1396 3586; x_wconf 90' lang='lat' dir='ltr'>et</span> <span class='ocrx_word' id='word_1_406' title='bbox 1410 3525 1605 3587; x_wconf 86' lang='lat' dir='ltr'>Sacrificium</span> <span class='ocrx_word' id='word_1_407' title='bbox 1620 3526 1721 3587; x_wconf 80' lang='lat' dir='ltr'>Missa</span> <span class='ocrx_word' id='word_1_408' title='bbox 1741 3543 1798 3604; x_wconf 94' lang='lat' dir='ltr'>pro</span> 
     </span>
     <span class='ocr_line' id='line_1_51' title="bbox 152 3607 1800 3695; baseline 0.001 -23"><span class='ocrx_word' id='word_1_409' title='bbox 152 3613 235 3672; x_wconf 88' lang='lat' dir='ltr'>bere</span> <span class='ocrx_word' id='word_1_410' title='bbox 249 3607 392 3686; x_wconf 88' lang='lat' dir='ltr'>superins</span> <span class='ocrx_word' id='word_1_411' title='bbox 405 3609 644 3673; x_wconf 89' lang='lat' dir='ltr'>declaravimus.</span> <span class='ocrx_word' id='word_1_412' title='bbox 667 3616 775 3695; x_wconf 89' lang='lat' dir='ltr'>ltaque</span> <span class='ocrx_word' id='word_1_413' title='bbox 790 3617 862 3678; x_wconf 86' lang='lat' dir='ltr'>date</span> <span class='ocrx_word' id='word_1_414' title='bbox 876 3635 952 3695; x_wconf 90' lang='lat' dir='ltr'>opa-</span> <span class='ocrx_word' id='word_1_415' title='bbox 1005 3617 1065 3677; x_wconf 89' lang='lat' dir='ltr'>illis</span> <span class='ocrx_word' id='word_1_416' title='bbox 1088 3614 1249 3676; x_wconf 88' lang='lat' dir='ltr'>offerendi.</span> <span class='ocrx_word' id='word_1_417' title='bbox 1271 3617 1373 3693; x_wconf 79' lang='lat' dir='ltr'>Atque</span> <span class='ocrx_word' id='word_1_418' title='bbox 1397 3612 1470 3674; x_wconf 91' lang='lat' dir='ltr'>inde</span> <span class='ocrx_word' id='word_1_419' title='bbox 1491 3617 1683 3692; x_wconf 81' lang='lat' dir='ltr'>praeceptum</span> <span class='ocrx_word' id='word_1_420' title='bbox 1698 3613 1800 3692; x_wconf 88' lang='lat' dir='ltr'>appli-</span> 
     </span>
     <span class='ocr_line' id='line_1_52' title="bbox 151 3695 1800 3781; baseline 0.001 -21"><span class='ocrx_word' id='word_1_421' title='bbox 151 3715 241 3774; x_wconf 89' lang='lat' dir='ltr'>ram,</span> <span class='ocrx_word' id='word_1_422' title='bbox 257 3699 291 3758; x_wconf 93' lang='lat' dir='ltr'>ut</span> <span class='ocrx_word' id='word_1_423' title='bbox 312 3695 423 3756; x_wconf 85' lang='lat' dir='ltr'>falsam</span> <span class='ocrx_word' id='word_1_424' title='bbox 440 3699 647 3775; x_wconf 87' lang='lat' dir='ltr'>quorumdam</span> <span class='ocrx_word' id='word_1_425' title='bbox 662 3702 840 3780; x_wconf 90' lang='lat' dir='ltr'>opinionem</span> <span class='ocrx_word' id='word_1_426' title='bbox 855 3703 951 3765; x_wconf 92' lang='lat' dir='ltr'>elimi-</span> <span class='ocrx_word' id='word_1_427' title='bbox 1005 3705 1096 3768; x_wconf 88' lang='lat' dir='ltr'>candi</span> <span class='ocrx_word' id='word_1_428' title='bbox 1112 3703 1239 3766; x_wconf 90' lang='lat' dir='ltr'>Missam</span> <span class='ocrx_word' id='word_1_429' title='bbox 1252 3703 1497 3765; x_wconf 88' lang='lat' dir='ltr'>conventualem</span> <span class='ocrx_word' id='word_1_430' title='bbox 1512 3719 1568 3781; x_wconf 91' lang='lat' dir='ltr'>pro</span> <span class='ocrx_word' id='word_1_431' title='bbox 1588 3701 1800 3764; x_wconf 87' lang='lat' dir='ltr'>Benefactori-</span> 
     </span>
     <span class='ocr_line' id='line_1_53' title="bbox 151 3784 1798 3872; baseline 0.001 -24"><span class='ocrx_word' id='word_1_432' title='bbox 151 3787 252 3854; x_wconf 87' lang='lat' dir='ltr'>netis,</span> <span class='ocrx_word' id='word_1_433' title='bbox 277 3801 372 3864; x_wconf 88' lang='lat' dir='ltr'>qnam</span> <span class='ocrx_word' id='word_1_434' title='bbox 395 3784 425 3844; x_wconf 89' lang='lat' dir='ltr'>in</span> <span class='ocrx_word' id='word_1_435' title='bbox 447 3785 604 3865; x_wconf 89' lang='lat' dir='ltr'>aliquibus</span> <span class='ocrx_word' id='word_1_436' title='bbox 623 3789 768 3852; x_wconf 85' lang='lat' dir='ltr'>Ecclesiis</span> <span class='ocrx_word' id='word_1_437' title='bbox 783 3790 948 3871; x_wconf 86' lang='lat' dir='ltr'>ejusmodi,</span> <span class='ocrx_word' id='word_1_438' title='bbox 1004 3793 1063 3854; x_wconf 87' lang='lat' dir='ltr'>hus</span> <span class='ocrx_word' id='word_1_439' title='bbox 1086 3793 1118 3853; x_wconf 94' lang='lat' dir='ltr'>in</span> <span class='ocrx_word' id='word_1_440' title='bbox 1139 3809 1266 3872; x_wconf 90' lang='lat' dir='ltr'>genere,</span> <span class='ocrx_word' id='word_1_441' title='bbox 1291 3790 1445 3870; x_wconf 82' lang='lat' dir='ltr'>originem</span> <span class='ocrx_word' id='word_1_442' title='bbox 1464 3793 1559 3871; x_wconf 92' lang='lat' dir='ltr'>atque</span> <span class='ocrx_word' id='word_1_443' title='bbox 1573 3791 1727 3854; x_wconf 91' lang='lat' dir='ltr'>rationem</span> <span class='ocrx_word' id='word_1_444' title='bbox 1745 3790 1798 3850; x_wconf 89' lang='lat' dir='ltr'>de·</span> 
     </span>
     <span class='ocr_line' id='line_1_54' title="bbox 148 3873 1110 3954; baseline 0.005 -16"><span class='ocrx_word' id='word_1_445' title='bbox 148 3877 225 3939; x_wconf 85' lang='lat' dir='ltr'>eive</span> <span class='ocrx_word' id='word_1_446' title='bbox 250 3875 320 3936; x_wconf 91' lang='lat' dir='ltr'>dolo</span> <span class='ocrx_word' id='word_1_447' title='bbox 344 3873 437 3951; x_wconf 89' lang='lat' dir='ltr'>malo,</span> <span class='ocrx_word' id='word_1_448' title='bbox 467 3875 533 3936; x_wconf 90' lang='lat' dir='ltr'>siva</span> <span class='ocrx_word' id='word_1_449' title='bbox 553 3895 611 3954; x_wconf 90' lang='lat' dir='ltr'>per</span> <span class='ocrx_word' id='word_1_450' title='bbox 633 3896 771 3940; x_wconf 90' lang='lat' dir='ltr'>errorem</span> <span class='ocrx_word' id='word_1_451' title='bbox 795 3881 950 3942; x_wconf 88' lang='lat' dir='ltr'>invectam</span> <span class='ocrx_word' id='word_1_452' title='bbox 1005 3881 1110 3943; x_wconf 90' lang='lat' dir='ltr'>sumit.</span> 
     </span>
     <span class='ocr_line' id='line_1_55' title="bbox 148 3962 1798 4048; baseline 0.001 -22"><span class='ocrx_word' id='word_1_453' title='bbox 148 3982 227 4026; x_wconf 86' lang='lat' dir='ltr'>esse</span> <span class='ocrx_word' id='word_1_454' title='bbox 244 3963 409 4024; x_wconf 89' lang='lat' dir='ltr'>novimus:</span> <span class='ocrx_word' id='word_1_455' title='bbox 436 3962 520 4041; x_wconf 92' lang='lat' dir='ltr'>quod</span> <span class='ocrx_word' id='word_1_456' title='bbox 543 3981 654 4044; x_wconf 90' lang='lat' dir='ltr'>nempe</span> <span class='ocrx_word' id='word_1_457' title='bbox 673 3966 749 4028; x_wconf 90' lang='lat' dir='ltr'>dum</span> <span class='ocrx_word' id='word_1_458' title='bbox 762 3968 857 4030; x_wconf 88' lang='lat' dir='ltr'>Missa</span> <span class='ocrx_word' id='word_1_459' title='bbox 871 3971 951 4031; x_wconf 86' lang='lat' dir='ltr'>con·</span> <span class='ocrx_word' id='word_1_460' title='bbox 1046 3995 1060 4031; x_wconf 86' lang='lat' dir='ltr'>n</span> <span class='ocrx_word' id='word_1_461' title='bbox 1079 3968 1349 4043; x_wconf 87' lang='lat' dir='ltr'>Quemadmodum</span> <span class='ocrx_word' id='word_1_462' title='bbox 1363 3986 1455 4045; x_wconf 88' lang='lat' dir='ltr'>vero,</span> <span class='ocrx_word' id='word_1_463' title='bbox 1472 3968 1629 4048; x_wconf 90' lang='lat' dir='ltr'>loquendo</span> <span class='ocrx_word' id='word_1_464' title='bbox 1645 3968 1684 4028; x_wconf 90' lang='lat' dir='ltr'>de</span> <span class='ocrx_word' id='word_1_465' title='bbox 1701 3966 1798 4028; x_wconf 85' lang='lat' dir='ltr'>Missa</span> 
     </span>
     <span class='ocr_line' id='line_1_56' title="bbox 145 4049 1798 4133; baseline 0 -19"><span class='ocrx_word' id='word_1_466' title='bbox 145 4050 312 4114; x_wconf 81' lang='lat' dir='ltr'>ventnalis</span> <span class='ocrx_word' id='word_1_467' title='bbox 335 4068 391 4128; x_wconf 90' lang='lat' dir='ltr'>pro</span> <span class='ocrx_word' id='word_1_468' title='bbox 414 4055 499 4110; x_wconf 86' lang='lat' dir='ltr'>certo</span> <span class='ocrx_word' id='word_1_469' title='bbox 520 4049 624 4131; x_wconf 84' lang='lat' dir='ltr'>aliquo</span> <span class='ocrx_word' id='word_1_470' title='bbox 639 4053 786 4116; x_wconf 76' lang='lat' dir='ltr'>Ecclesia</span> <span class='ocrx_word' id='word_1_471' title='bbox 800 4057 950 4118; x_wconf 88' lang='lat' dir='ltr'>Renafao-</span> <span class='ocrx_word' id='word_1_472' title='bbox 1004 4057 1196 4124; x_wconf 88' lang='lat' dir='ltr'>Parocbiali,</span> <span class='ocrx_word' id='word_1_473' title='bbox 1214 4055 1357 4133; x_wconf 89' lang='lat' dir='ltr'>superins</span> <span class='ocrx_word' id='word_1_474' title='bbox 1373 4057 1565 4133; x_wconf 88' lang='lat' dir='ltr'>dictumest,</span> <span class='ocrx_word' id='word_1_475' title='bbox 1581 4057 1687 4118; x_wconf 88' lang='lat' dir='ltr'>varias</span> <span class='ocrx_word' id='word_1_476' title='bbox 1703 4071 1798 4116; x_wconf 85' lang='lat' dir='ltr'>exon·</span> 
     </span>
     <span class='ocr_line' id='line_1_57' title="bbox 146 4136 1797 4219; baseline 0.001 -16"><span class='ocrx_word' id='word_1_477' title='bbox 146 4145 238 4216; x_wconf 77' lang='lat' dir='ltr'>tore,</span> <span class='ocrx_word' id='word_1_478' title='bbox 256 4139 304 4200; x_wconf 90' lang='lat' dir='ltr'>vel</span> <span class='ocrx_word' id='word_1_479' title='bbox 317 4137 397 4216; x_wconf 87' lang='lat' dir='ltr'>grati</span> <span class='ocrx_word' id='word_1_480' title='bbox 412 4136 507 4198; x_wconf 90' lang='lat' dir='ltr'>animi</span> <span class='ocrx_word' id='word_1_481' title='bbox 523 4157 609 4218; x_wconf 90' lang='lat' dir='ltr'>ergo,</span> <span class='ocrx_word' id='word_1_482' title='bbox 626 4143 763 4204; x_wconf 84' lang='lat' dir='ltr'>velexvi</span> <span class='ocrx_word' id='word_1_483' title='bbox 774 4145 877 4206; x_wconf 90' lang='lat' dir='ltr'>oneris</span> <span class='ocrx_word' id='word_1_484' title='bbox 891 4145 951 4206; x_wconf 89' lang='lat' dir='ltr'>im·</span> <span class='ocrx_word' id='word_1_485' title='bbox 1004 4147 1140 4210; x_wconf 90' lang='lat' dir='ltr'>sationes</span> <span class='ocrx_word' id='word_1_486' title='bbox 1160 4142 1264 4203; x_wconf 84' lang='lat' dir='ltr'>afferri</span> <span class='ocrx_word' id='word_1_487' title='bbox 1285 4142 1397 4219; x_wconf 86' lang='lat' dir='ltr'>solere,</span> <span class='ocrx_word' id='word_1_488' title='bbox 1415 4143 1455 4204; x_wconf 91' lang='lat' dir='ltr'>ad</span> <span class='ocrx_word' id='word_1_489' title='bbox 1475 4143 1697 4204; x_wconf 87' lang='lat' dir='ltr'>declinandam</span> <span class='ocrx_word' id='word_1_490' title='bbox 1716 4142 1797 4204; x_wconf 89' lang='lat' dir='ltr'>illius</span> 
     </span>
     <span class='ocr_line' id='line_1_58' title="bbox 145 4225 1797 4315; baseline 0.001 -29"><span class='ocrx_word' id='word_1_491' title='bbox 145 4225 252 4308; x_wconf 88' lang='lat' dir='ltr'>positi</span> <span class='ocrx_word' id='word_1_492' title='bbox 267 4225 442 4286; x_wconf 88' lang='lat' dir='ltr'>celebratur</span> <span class='ocrx_word' id='word_1_493' title='bbox 456 4225 682 4305; x_wconf 87' lang='lat' dir='ltr'>etapplicatur,</span> <span class='ocrx_word' id='word_1_494' title='bbox 698 4231 773 4292; x_wconf 86' lang='lat' dir='ltr'>satis</span> <span class='ocrx_word' id='word_1_495' title='bbox 787 4232 950 4312; x_wconf 90' lang='lat' dir='ltr'>impletum</span> <span class='ocrx_word' id='word_1_496' title='bbox 1004 4231 1246 4315; x_wconf 87' lang='lat' dir='ltr'>applicationem</span> <span class='ocrx_word' id='word_1_497' title='bbox 1274 4246 1331 4307; x_wconf 93' lang='lat' dir='ltr'>pro</span> <span class='ocrx_word' id='word_1_498' title='bbox 1355 4230 1474 4307; x_wconf 87' lang='lat' dir='ltr'>Populo</span> <span class='ocrx_word' id='word_1_499' title='bbox 1503 4231 1614 4292; x_wconf 90' lang='lat' dir='ltr'>diebus</span> <span class='ocrx_word' id='word_1_500' title='bbox 1643 4229 1729 4290; x_wconf 88' lang='lat' dir='ltr'>festis</span> <span class='ocrx_word' id='word_1_501' title='bbox 1757 4227 1797 4288; x_wconf 90' lang='lat' dir='ltr'>de</span> 
     </span>
     <span class='ocr_line' id='line_1_59' title="bbox 145 4309 1797 4401; baseline 0.003 -28"><span class='ocrx_word' id='word_1_502' title='bbox 145 4315 323 4378; x_wconf 84' lang='lat' dir='ltr'>censeatur</span> <span class='ocrx_word' id='word_1_503' title='bbox 345 4309 485 4372; x_wconf 87' lang='lat' dir='ltr'>debitum</span> <span class='ocrx_word' id='word_1_504' title='bbox 508 4313 724 4391; x_wconf 83' lang='lat' dir='ltr'>applicationis</span> <span class='ocrx_word' id='word_1_505' title='bbox 747 4318 848 4380; x_wconf 82' lang='lat' dir='ltr'>Missae</span> <span class='ocrx_word' id='word_1_506' title='bbox 870 4323 950 4382; x_wconf 91' lang='lat' dir='ltr'>Con·</span> <span class='ocrx_word' id='word_1_507' title='bbox 1004 4322 1180 4401; x_wconf 72' lang='lat' dir='ltr'>praecept03</span> <span class='ocrx_word' id='word_1_508' title='bbox 1197 4316 1241 4378; x_wconf 87' lang='lat' dir='ltr'>ita</span> <span class='ocrx_word' id='word_1_509' title='bbox 1254 4315 1372 4394; x_wconf 91' lang='lat' dir='ltr'>pariter</span> <span class='ocrx_word' id='word_1_510' title='bbox 1386 4318 1531 4378; x_wconf 90' lang='lat' dir='ltr'>usuvenit</span> <span class='ocrx_word' id='word_1_511' title='bbox 1540 4318 1645 4398; x_wconf 90' lang='lat' dir='ltr'>quoad</span> <span class='ocrx_word' id='word_1_512' title='bbox 1659 4316 1797 4396; x_wconf 87' lang='lat' dir='ltr'>applica·</span> 
     </span>
     <span class='ocr_line' id='line_1_60' title="bbox 145 4399 1796 4485; baseline -0.002 -20"><span class='ocrx_word' id='word_1_513' title='bbox 145 4400 323 4465; x_wconf 78' lang='lat' dir='ltr'>vectualia.</span> <span class='ocrx_word' id='word_1_514' title='bbox 353 4399 475 4461; x_wconf 79' lang='lat' dir='ltr'>Etenim</span> <span class='ocrx_word' id='word_1_515' title='bbox 507 4399 687 4480; x_wconf 88' lang='lat' dir='ltr'>hujusmodi</span> <span class='ocrx_word' id='word_1_516' title='bbox 719 4405 859 4468; x_wconf 89' lang='lat' dir='ltr'>debitum</span> <span class='ocrx_word' id='word_1_517' title='bbox 887 4426 949 4468; x_wconf 90' lang='lat' dir='ltr'>non</span> <span class='ocrx_word' id='word_1_518' title='bbox 1003 4409 1121 4472; x_wconf 89' lang='lat' dir='ltr'>tionem</span> <span class='ocrx_word' id='word_1_519' title='bbox 1144 4403 1358 4485; x_wconf 89' lang='lat' dir='ltr'>qnotidianam</span> <span class='ocrx_word' id='word_1_520' title='bbox 1382 4403 1483 4465; x_wconf 81' lang='lat' dir='ltr'>Missa</span> <span class='ocrx_word' id='word_1_521' title='bbox 1503 4403 1723 4466; x_wconf 87' lang='lat' dir='ltr'>Conventualis</span> <span class='ocrx_word' id='word_1_522' title='bbox 1737 4419 1796 4480; x_wconf 89' lang='lat' dir='ltr'>pro</span> 
     </span>
     <span class='ocr_line' id='line_1_61' title="bbox 146 4487 1796 4572; baseline -0.001 -21"><span class='ocrx_word' id='word_1_523' title='bbox 146 4490 287 4572; x_wconf 87' lang='lat' dir='ltr'>quidem</span> <span class='ocrx_word' id='word_1_524' title='bbox 302 4487 427 4567; x_wconf 87' lang='lat' dir='ltr'>respicit</span> <span class='ocrx_word' id='word_1_525' title='bbox 445 4487 619 4566; x_wconf 79' lang='lat' dir='ltr'>singulares</span> <span class='ocrx_word' id='word_1_526' title='bbox 634 4491 755 4572; x_wconf 88' lang='lat' dir='ltr'>aliquos</span> <span class='ocrx_word' id='word_1_527' title='bbox 771 4493 951 4557; x_wconf 88' lang='lat' dir='ltr'>benefacto·</span> <span class='ocrx_word' id='word_1_528' title='bbox 1004 4491 1259 4557; x_wconf 86' lang='lat' dir='ltr'>Renefaetcribus</span> <span class='ocrx_word' id='word_1_529' title='bbox 1278 4491 1309 4552; x_wconf 93' lang='lat' dir='ltr'>in</span> <span class='ocrx_word' id='word_1_530' title='bbox 1324 4509 1459 4570; x_wconf 91' lang='lat' dir='ltr'>genere.</span> <span class='ocrx_word' id='word_1_531' title='bbox 1484 4495 1525 4554; x_wconf 83' lang='lat' dir='ltr'>ut</span> <span class='ocrx_word' id='word_1_532' title='bbox 1537 4496 1643 4553; x_wconf 89' lang='lat' dir='ltr'>autem</span> <span class='ocrx_word' id='word_1_533' title='bbox 1658 4490 1796 4569; x_wconf 88' lang='lat' dir='ltr'>superio-</span> 
     </span>
     <span class='ocr_line' id='line_1_62' title="bbox 144 4576 1795 4662; baseline -0.002 -19"><span class='ocrx_word' id='word_1_534' title='bbox 144 4597 205 4643; x_wconf 82' lang='lat' dir='ltr'>res</span> <span class='ocrx_word' id='word_1_535' title='bbox 221 4577 278 4639; x_wconf 84' lang='lat' dir='ltr'>sed</span> <span class='ocrx_word' id='word_1_536' title='bbox 292 4576 507 4638; x_wconf 81' lang='lat' dir='ltr'>benefactores</span> <span class='ocrx_word' id='word_1_537' title='bbox 530 4577 562 4637; x_wconf 90' lang='lat' dir='ltr'>in</span> <span class='ocrx_word' id='word_1_538' title='bbox 581 4595 697 4657; x_wconf 90' lang='lat' dir='ltr'>genere</span> <span class='ocrx_word' id='word_1_539' title='bbox 712 4581 877 4662; x_wconf 89' lang='lat' dir='ltr'>cujuslibet</span> <span class='ocrx_word' id='word_1_540' title='bbox 891 4586 949 4646; x_wconf 80' lang='lat' dir='ltr'>Ec-</span> <span class='ocrx_word' id='word_1_541' title='bbox 1002 4603 1054 4646; x_wconf 89' lang='lat' dir='ltr'>res</span> <span class='ocrx_word' id='word_1_542' title='bbox 1068 4583 1145 4658; x_wconf 83' lang='lat' dir='ltr'>illae,</span> <span class='ocrx_word' id='word_1_543' title='bbox 1161 4581 1206 4641; x_wconf 88' lang='lat' dir='ltr'>sic</span> <span class='ocrx_word' id='word_1_544' title='bbox 1221 4579 1316 4640; x_wconf 88' lang='lat' dir='ltr'>etiam</span> <span class='ocrx_word' id='word_1_545' title='bbox 1335 4579 1384 4638; x_wconf 72' lang='lat' dir='ltr'>hta</span> <span class='ocrx_word' id='word_1_546' title='bbox 1406 4580 1614 4656; x_wconf 86' lang='lat' dir='ltr'>posteriores,</span> <span class='ocrx_word' id='word_1_547' title='bbox 1632 4578 1795 4659; x_wconf 86' lang='lat' dir='ltr'>providae</span> 
     </span>
     <span class='ocr_line' id='line_1_63' title="bbox 144 4663 1793 4752; baseline -0.001 -22"><span class='ocrx_word' id='word_1_548' title='bbox 144 4666 273 4739; x_wconf 71' lang='lat' dir='ltr'>etesia,</span> <span class='ocrx_word' id='word_1_549' title='bbox 295 4664 383 4744; x_wconf 88' lang='lat' dir='ltr'>cnjus</span> <span class='ocrx_word' id='word_1_550' title='bbox 401 4663 527 4725; x_wconf 88' lang='lat' dir='ltr'>servitio</span> <span class='ocrx_word' id='word_1_551' title='bbox 542 4665 658 4728; x_wconf 89' lang='lat' dir='ltr'>addicti</span> <span class='ocrx_word' id='word_1_552' title='bbox 673 4675 746 4731; x_wconf 91' lang='lat' dir='ltr'>sunt</span> <span class='ocrx_word' id='word_1_553' title='bbox 760 4671 949 4752; x_wconf 89' lang='lat' dir='ltr'>quicumque</span> <span class='ocrx_word' id='word_1_554' title='bbox 1002 4671 1107 4732; x_wconf 91' lang='lat' dir='ltr'>medio</span> <span class='ocrx_word' id='word_1_555' title='bbox 1121 4669 1251 4730; x_wconf 83' lang='lat' dir='ltr'>sublatae</span> <span class='ocrx_word' id='word_1_556' title='bbox 1266 4667 1458 4744; x_wconf 90' lang='lat' dir='ltr'>fueruutper</span> <span class='ocrx_word' id='word_1_557' title='bbox 1472 4671 1664 4745; x_wconf 91' lang='lat' dir='ltr'>opportunas</span> <span class='ocrx_word' id='word_1_558' title='bbox 1678 4669 1793 4744; x_wconf 87' lang='lat' dir='ltr'>Congr.</span> 
     </span>
     <span class='ocr_line' id='line_1_64' title="bbox 143 4752 1795 4837; baseline -0.002 -19"><span class='ocrx_word' id='word_1_559' title='bbox 143 4759 181 4819; x_wconf 88' lang='lat' dir='ltr'>in</span> <span class='ocrx_word' id='word_1_560' title='bbox 205 4754 324 4816; x_wconf 84' lang='lat' dir='ltr'>eadem</span> <span class='ocrx_word' id='word_1_561' title='bbox 345 4752 410 4814; x_wconf 85' lang='lat' dir='ltr'>siva</span> <span class='ocrx_word' id='word_1_562' title='bbox 434 4752 617 4832; x_wconf 85' lang='lat' dir='ltr'>Dignitates,</span> <span class='ocrx_word' id='word_1_563' title='bbox 643 4756 708 4818; x_wconf 86' lang='lat' dir='ltr'>siva</span> <span class='ocrx_word' id='word_1_564' title='bbox 727 4759 946 4837; x_wconf 87' lang='lat' dir='ltr'>canonicatus,</span> <span class='ocrx_word' id='word_1_565' title='bbox 1003 4763 1098 4822; x_wconf 88' lang='lat' dir='ltr'>cone.</span> <span class='ocrx_word' id='word_1_566' title='bbox 1110 4756 1196 4818; x_wconf 84' lang='lat' dir='ltr'>rrid.</span> <span class='ocrx_word' id='word_1_567' title='bbox 1215 4754 1441 4830; x_wconf 89' lang='lat' dir='ltr'>Resolutiones,</span> <span class='ocrx_word' id='word_1_568' title='bbox 1459 4772 1537 4833; x_wconf 87' lang='lat' dir='ltr'>qnas</span> <span class='ocrx_word' id='word_1_569' title='bbox 1551 4753 1684 4834; x_wconf 89' lang='lat' dir='ltr'>proinde</span> <span class='ocrx_word' id='word_1_570' title='bbox 1697 4755 1731 4814; x_wconf 90' lang='lat' dir='ltr'>in</span> <span class='ocrx_word' id='word_1_571' title='bbox 1746 4753 1795 4814; x_wconf 90' lang='lat' dir='ltr'>his</span> 
     </span>
     <span class='ocr_line' id='line_1_65' title="bbox 144 4839 1795 4921; baseline -0.002 -15"><span class='ocrx_word' id='word_1_572' title='bbox 144 4845 219 4906; x_wconf 90' lang='lat' dir='ltr'>sive</span> <span class='ocrx_word' id='word_1_573' title='bbox 247 4839 505 4916; x_wconf 89' lang='lat' dir='ltr'>Mansonariatus‚</span> <span class='ocrx_word' id='word_1_574' title='bbox 531 4841 596 4902; x_wconf 89' lang='lat' dir='ltr'>sive</span> <span class='ocrx_word' id='word_1_575' title='bbox 620 4843 777 4906; x_wconf 88' lang='lat' dir='ltr'>Beneficia</span> <span class='ocrx_word' id='word_1_576' title='bbox 804 4845 949 4907; x_wconf 83' lang='lat' dir='ltr'>choralis</span> <span class='ocrx_word' id='word_1_577' title='bbox 1002 4847 1097 4908; x_wconf 89' lang='lat' dir='ltr'>etiam</span> <span class='ocrx_word' id='word_1_578' title='bbox 1120 4843 1305 4906; x_wconf 85' lang='lat' dir='ltr'>anctoritate</span> <span class='ocrx_word' id='word_1_579' title='bbox 1326 4845 1439 4903; x_wconf 88' lang='lat' dir='ltr'>Nostra</span> <span class='ocrx_word' id='word_1_580' title='bbox 1452 4843 1663 4921; x_wconf 86' lang='lat' dir='ltr'>approbamus</span> <span class='ocrx_word' id='word_1_581' title='bbox 1678 4843 1710 4903; x_wconf 90' lang='lat' dir='ltr'>et</span> <span class='ocrx_word' id='word_1_582' title='bbox 1723 4859 1795 4902; x_wconf 89' lang='lat' dir='ltr'>oon·</span> 
     </span>
     <span class='ocr_line' id='line_1_66' title="bbox 144 4927 1174 5014; baseline -0.003 -20"><span class='ocrx_word' id='word_1_583' title='bbox 144 4932 300 4994; x_wconf 90' lang='lat' dir='ltr'>obtinent</span> <span class='ocrx_word' id='word_1_584' title='bbox 313 4933 344 4990; x_wconf 94' lang='lat' dir='ltr'>et</span> <span class='ocrx_word' id='word_1_585' title='bbox 357 4927 483 4990; x_wconf 88' lang='lat' dir='ltr'>Missam</span> <span class='ocrx_word' id='word_1_586' title='bbox 493 4931 739 4995; x_wconf 86' lang='lat' dir='ltr'>Conventnalem</span> <span class='ocrx_word' id='word_1_587' title='bbox 749 4933 812 4994; x_wconf 90' lang='lat' dir='ltr'>suis</span> <span class='ocrx_word' id='word_1_588' title='bbox 827 4952 948 5014; x_wconf 89' lang='lat' dir='ltr'>respec-</span> <span class='ocrx_word' id='word_1_589' title='bbox 1002 4936 1174 4996; x_wconf 88' lang='lat' dir='ltr'>firmamus.</span> 
     </span>
     <span class='ocr_line' id='line_1_67' title="bbox 144 5015 1795 5094; baseline -0.004 -10"><span class='ocrx_word' id='word_1_590' title='bbox 144 5022 215 5084; x_wconf 79' lang='lat' dir='ltr'>five</span> <span class='ocrx_word' id='word_1_591' title='bbox 232 5015 355 5078; x_wconf 91' lang='lat' dir='ltr'>vicibus</span> <span class='ocrx_word' id='word_1_592' title='bbox 369 5015 539 5079; x_wconf 89' lang='lat' dir='ltr'>celebrant.</span> <span class='ocrx_word' id='word_1_593' title='bbox 1042 5043 1056 5078; x_wconf 90' lang='lat' dir='ltr'>n</span> <span class='ocrx_word' id='word_1_594' title='bbox 1076 5016 1221 5080; x_wconf 91' lang='lat' dir='ltr'>Nonnulli</span> <span class='ocrx_word' id='word_1_595' title='bbox 1236 5015 1390 5094; x_wconf 90' lang='lat' dir='ltr'>siquidem</span> <span class='ocrx_word' id='word_1_596' title='bbox 1401 5017 1531 5079; x_wconf 88' lang='lat' dir='ltr'>obtentu</span> <span class='ocrx_word' id='word_1_597' title='bbox 1541 5017 1705 5080; x_wconf 76' lang='lat' dir='ltr'>contrarie</span> <span class='ocrx_word' id='word_1_598' title='bbox 1719 5035 1795 5080; x_wconf 91' lang='lat' dir='ltr'>con-</span> 
     </span>
     <span class='ocr_line' id='line_1_68' title="bbox 188 5103 1795 5185; baseline 0 -17"><span class='ocrx_word' id='word_1_599' title='bbox 188 5131 205 5168; x_wconf 78' lang='lat' dir='ltr'>o</span> <span class='ocrx_word' id='word_1_600' title='bbox 225 5107 336 5184; x_wconf 85' lang='lat' dir='ltr'>Neque</span> <span class='ocrx_word' id='word_1_601' title='bbox 350 5103 453 5165; x_wconf 89' lang='lat' dir='ltr'>minus</span> <span class='ocrx_word' id='word_1_602' title='bbox 463 5104 702 5184; x_wconf 86' lang='lat' dir='ltr'>improbandam</span> <span class='ocrx_word' id='word_1_603' title='bbox 712 5108 949 5173; x_wconf 86' lang='lat' dir='ltr'>noveritisalio·</span> <span class='ocrx_word' id='word_1_604' title='bbox 1001 5105 1185 5181; x_wconf 88' lang='lat' dir='ltr'>suetudinis,</span> <span class='ocrx_word' id='word_1_605' title='bbox 1208 5103 1304 5166; x_wconf 87' lang='lat' dir='ltr'>etiam</span> <span class='ocrx_word' id='word_1_606' title='bbox 1324 5105 1599 5184; x_wconf 89' lang='lat' dir='ltr'>immemorabilis,</span> <span class='ocrx_word' id='word_1_607' title='bbox 1620 5104 1795 5185; x_wconf 85' lang='lat' dir='ltr'>inproprie</span> 
     </span>
     <span class='ocr_line' id='line_1_69' title="bbox 145 5191 1796 5276; baseline -0.002 -18"><span class='ocrx_word' id='word_1_608' title='bbox 145 5213 223 5258; x_wconf 89' lang='lat' dir='ltr'>rum</span> <span class='ocrx_word' id='word_1_609' title='bbox 239 5191 438 5268; x_wconf 88' lang='lat' dir='ltr'>sententiam,</span> <span class='ocrx_word' id='word_1_610' title='bbox 456 5193 508 5273; x_wconf 94' lang='lat' dir='ltr'>qui</span> <span class='ocrx_word' id='word_1_611' title='bbox 523 5193 598 5254; x_wconf 83' lang='lat' dir='ltr'>satis</span> <span class='ocrx_word' id='word_1_612' title='bbox 612 5201 723 5273; x_wconf 87' lang='lat' dir='ltr'>putant</span> <span class='ocrx_word' id='word_1_613' title='bbox 737 5198 949 5276; x_wconf 90' lang='lat' dir='ltr'>supradictam</span> <span class='ocrx_word' id='word_1_614' title='bbox 1001 5193 1140 5256; x_wconf 86' lang='lat' dir='ltr'>Ecclesia</span> <span class='ocrx_word' id='word_1_615' title='bbox 1153 5191 1305 5272; x_wconf 88' lang='lat' dir='ltr'>vigentis,</span> <span class='ocrx_word' id='word_1_616' title='bbox 1321 5211 1355 5252; x_wconf 93' lang='lat' dir='ltr'>se</span> <span class='ocrx_word' id='word_1_617' title='bbox 1370 5192 1410 5254; x_wconf 89' lang='lat' dir='ltr'>ab</span> <span class='ocrx_word' id='word_1_618' title='bbox 1424 5193 1604 5275; x_wconf 88' lang='lat' dir='ltr'>hujusmodi</span> <span class='ocrx_word' id='word_1_619' title='bbox 1620 5211 1714 5255; x_wconf 89' lang='lat' dir='ltr'>onere</span> <span class='ocrx_word' id='word_1_620' title='bbox 1729 5195 1796 5254; x_wconf 88' lang='lat' dir='ltr'>axi·</span> 
     </span>
     <span class='ocr_line' id='line_1_70' title="bbox 145 5280 1795 5362; baseline -0.002 -16"><span class='ocrx_word' id='word_1_621' title='bbox 145 5280 379 5362; x_wconf 86' lang='lat' dir='ltr'>obligationem</span> <span class='ocrx_word' id='word_1_622' title='bbox 402 5280 562 5361; x_wconf 90' lang='lat' dir='ltr'>impletam</span> <span class='ocrx_word' id='word_1_623' title='bbox 585 5301 664 5361; x_wconf 89' lang='lat' dir='ltr'>esse,</span> <span class='ocrx_word' id='word_1_624' title='bbox 687 5283 762 5345; x_wconf 91' lang='lat' dir='ltr'>dum</span> <span class='ocrx_word' id='word_1_625' title='bbox 786 5285 817 5345; x_wconf 91' lang='lat' dir='ltr'>in</span> <span class='ocrx_word' id='word_1_626' title='bbox 839 5303 949 5347; x_wconf 87' lang='lat' dir='ltr'>eorum</span> <span class='ocrx_word' id='word_1_627' title='bbox 1001 5283 1044 5343; x_wconf 92' lang='lat' dir='ltr'>mi</span> <span class='ocrx_word' id='word_1_628' title='bbox 1068 5299 1159 5360; x_wconf 90' lang='lat' dir='ltr'>possa</span> <span class='ocrx_word' id='word_1_629' title='bbox 1182 5280 1239 5341; x_wconf 92' lang='lat' dir='ltr'>sibi</span> <span class='ocrx_word' id='word_1_630' title='bbox 1259 5286 1491 5360; x_wconf 88' lang='lat' dir='ltr'>persuaserunt.</span> <span class='ocrx_word' id='word_1_631' title='bbox 1514 5286 1630 5346; x_wconf 87' lang='lat' dir='ltr'>Verum</span> <span class='ocrx_word' id='word_1_632' title='bbox 1641 5282 1709 5362; x_wconf 89' lang='lat' dir='ltr'>jam</span> <span class='ocrx_word' id='word_1_633' title='bbox 1728 5284 1795 5360; x_wconf 92' lang='lat' dir='ltr'>plu-</span> 
     </span>
     <span class='ocr_line' id='line_1_71' title="bbox 144 5368 1794 5455; baseline -0.004 -19"><span class='ocrx_word' id='word_1_634' title='bbox 144 5370 302 5436; x_wconf 80' lang='lat' dir='ltr'>Ecclesils</span> <span class='ocrx_word' id='word_1_635' title='bbox 315 5387 372 5448; x_wconf 91' lang='lat' dir='ltr'>pro</span> <span class='ocrx_word' id='word_1_636' title='bbox 387 5369 643 5450; x_wconf 83' lang='lat' dir='ltr'>Benefactoribus</span> <span class='ocrx_word' id='word_1_637' title='bbox 656 5371 688 5432; x_wconf 93' lang='lat' dir='ltr'>in</span> <span class='ocrx_word' id='word_1_638' title='bbox 702 5390 817 5453; x_wconf 90' lang='lat' dir='ltr'>genere</span> <span class='ocrx_word' id='word_1_639' title='bbox 832 5375 948 5455; x_wconf 76' lang='lat' dir='ltr'>aliquae</span> <span class='ocrx_word' id='word_1_640' title='bbox 1002 5370 1064 5431; x_wconf 89' lang='lat' dir='ltr'>ries</span> <span class='ocrx_word' id='word_1_641' title='bbox 1087 5387 1273 5449; x_wconf 89' lang='lat' dir='ltr'>responsum</span> <span class='ocrx_word' id='word_1_642' title='bbox 1295 5368 1363 5446; x_wconf 90' lang='lat' dir='ltr'>fuit,</span> <span class='ocrx_word' id='word_1_643' title='bbox 1390 5368 1570 5450; x_wconf 89' lang='lat' dir='ltr'>hujusmodi</span> <span class='ocrx_word' id='word_1_644' title='bbox 1597 5368 1794 5431; x_wconf 90' lang='lat' dir='ltr'>consuetudi-</span> 
     </span>
     <span class='ocr_line' id='line_1_72' title="bbox 144 5457 1795 5546; baseline 0.001 -22"><span class='ocrx_word' id='word_1_645' title='bbox 144 5459 313 5524; x_wconf 88' lang='lat' dir='ltr'>interdnm</span> <span class='ocrx_word' id='word_1_646' title='bbox 328 5475 439 5541; x_wconf 89' lang='lat' dir='ltr'>preces</span> <span class='ocrx_word' id='word_1_647' title='bbox 456 5458 552 5538; x_wconf 90' lang='lat' dir='ltr'>fiunt,</span> <span class='ocrx_word' id='word_1_648' title='bbox 569 5461 619 5522; x_wconf 87' lang='lat' dir='ltr'>vol</span> <span class='ocrx_word' id='word_1_649' title='bbox 633 5460 847 5526; x_wconf 83' lang='lat' dir='ltr'>anniversaria</span> <span class='ocrx_word' id='word_1_650' title='bbox 860 5461 949 5530; x_wconf 85' lang='lat' dir='ltr'>statis</span> <span class='ocrx_word' id='word_1_651' title='bbox 1004 5476 1095 5536; x_wconf 84' lang='lat' dir='ltr'>nem,</span> <span class='ocrx_word' id='word_1_652' title='bbox 1111 5457 1184 5521; x_wconf 85' lang='lat' dir='ltr'>licet</span> <span class='ocrx_word' id='word_1_653' title='bbox 1197 5457 1497 5536; x_wconf 86' lang='lat' dir='ltr'>immemorabilem,</span> <span class='ocrx_word' id='word_1_654' title='bbox 1514 5475 1584 5546; x_wconf 81' lang='lat' dir='ltr'>qua</span> <span class='ocrx_word' id='word_1_655' title='bbox 1598 5457 1701 5540; x_wconf 88' lang='lat' dir='ltr'>potius</span> <span class='ocrx_word' id='word_1_656' title='bbox 1717 5458 1795 5526; x_wconf 79' lang='lat' dir='ltr'>ahu-</span> 
     </span>
    </p>
   </div>
   <div class='ocr_carea' id='block_1_6' title="bbox 0 0 2076 6336">
    <p class='ocr_par' dir='ltr' id='par_1_8' title="bbox 0 0 2076 6336">
     <span class='ocr_line' id='line_1_73' title="bbox 0 0 2076 6336; baseline 0 2"><span class='ocrx_word' id='word_1_657' title='bbox 0 0 2076 6336; x_wconf 95' lang='lat' dir='ltr'> </span> 
     </span>
    </p>
   </div>
  </div>
 </body>
</html>
