4086 6348
715 519 766 584 oa
787 520 903 582 trtius
925 519 1141 584 calabricis.
1692 517 1749 584 'ild

106 707 180 782 tiam,
198 707 284 791 qnod
301 711 406 770 tamen
422 701 473 768 hic
488 705 672 788 praecipitur
688 727 695 768 ε
713 710 745 769 et
758 707 828 770 ideo
843 708 897 770 do·
951 707 1084 786 debitas,
1101 708 1175 791 qnia
1210 723 1336 786 semper
1359 707 1431 769 sunt
1453 705 1543 782 tales,
1566 711 1602 768 ut
1623 723 1750 788 compa·

107 799 259 874 actitab,
276 797 310 857 ia
325 796 406 877 Eep.
429 795 464 857 Τ.
488 797 518 872 5,
543 815 624 858 arem.
652 799 723 874 446,
750 815 822 858 eum
846 797 899 878 qui
955 799 1072 860 tiantur
1090 795 1295 860 attentionem
1319 795 1489 870 internam3
1515 796 1631 858 Sancb.
1652 795 1744 873 Gob.,

106 889 230 967 propter
243 884 498 965 ingentissimam
512 903 693 963 moerorem,
718 886 768 947 vel
791 887 900 948 turba·
954 906 985 948 n.
1002 891 1072 949 ott.

105 974 220 1036 tionem
234 972 351 1034 mentis
366 976 557 1052 non'posset,
571 973 739 1053 nequidem
751 974 900 1036 adrerba
993 976 1054 1053 §b
1073 973 1745 1054 Satislacit,quieratncnomninoprope·
1777 972 1830 1020 ¹³³⁷

106 1059 277 1139 attendere,
300 1061 395 1122 etiam
419 1079 480 1123 non
504 1061 603 1122 teneri
628 1061 761 1122 recitare
784 1065 896 1140 Horas,
952 1068 1060 1126 ranter
1080 1082 1112 1124 se
1137 1063 1311 1139 vestiendo,
1342 1062 1524 1142 colligendo
1548 1062 1674 1140 herbas,
1700 1063 1749 1125 vel

106 1151 176 1232 quia
190 1152 338 1232 queraris
352 1149 508 1238 recitaret,
527 1167 587 1210 non
613 1154 729 1228 oraret,
754 1151 897 1232 adeoque
953 1170 1042 1227 uvas,
1059 1151 1148 1213 tarde
1167 1150 1349 1213 instruendo
1382 1151 1498 1227 locam,
1515 1151 1676 1228 pectendo
1698 1169 1751 1214 ca-

106 1255 164 1298 uon
178 1240 387 1301 satisfaceret.
951 1246 1019 1320 put,
1042 1239 1178 1302 lavando
1193 1258 1237 1315 se,
1254 1239 1746 1316 tenendocoulosinviridarium,

40 1355 83 1402 aa
119 1330 202 1416 fit.
220 1328 360 1390 Dubium
374 1331 492 1406 manet,
511 1346 529 1388 a
549 1327 662 1409 quihus
683 1329 899 1406 occupationi·
953 1327 1170 1408 prospiciendo
1198 1329 1230 1388 in
1258 1327 1371 1406 ripam,
1401 1327 1451 1390 val
1479 1328 1627 1402 fluvium;
1663 1332 1744 1392 Nar.

69 1439 72 1444 ·
105 1421 160 1482 bus
192 1419 332 1481 externis
372 1418 548 1480 necessario
582 1417 698 1480 debeat
733 1417 894 1495 abstineri,
953 1417 1043 1492 Gob.,
1058 1436 1141 1478 aum.
1156 1420 1225 1478 238.
1242 1418 1281 1478 lit
1297 1415 1382 1478 idem
1402 1419 1461 1492 est,
1485 1417 1592 1496 inquit
1615 1418 1746 1496 Saucb,

106 1509 174 1572 erint
188 1507 274 1569 enim
289 1507 386 1569 variae
401 1511 432 1570 et
445 1526 508 1568 non
533 1523 641 1567 omnes
656 1505 821 1586 aqualiter
841 1525 897 1586 per
952 1505 991 1566 de
1006 1505 1182 1567 actionibus
1195 1504 1274 1580 aliis,
1290 1522 1362 1583 quae
1374 1508 1446 1565 sunt
1460 1523 1522 1566 non
1541 1504 1635 1566 valde
1659 1505 1746 1567 sestis

106 1596 417 1670 illasdistralruntur3
442 1598 508 1658 Sot.
525 1594 649 1676 Arriag.
676 1597 765 1674 Lugo
789 1594 898 1657 dicunt
952 1598 1073 1656 canter.
1092 1593 1223 1656 Addunt
1240 1595 1318 1654 Nar.
1345 1591 1411 1673 Gaj.
1436 1597 1468 1656 et
1490 1593 1567 1674 boja
1591 1593 1747 1656 actionem

107 1685 327 1750 abstinendum
342 1701 409 1746 esse
424 1685 464 1746 ab
479 1683 550 1760 illis,
576 1699 645 1762 quae
669 1701 726 1762 per
748 1701 781 1743 se
805 1686 898 1745 etex
953 1699 1024 1742 eam
1048 1682 1219 1743 attentione
1240 1681 1363 1742 interna
1393 1681 1646 1760 compassibilem
1678 1701 1747 1746 esse

106 1780 216 1838 natura
234 1793 294 1836 sua
317 1777 390 1836 sunt
413 1771 680 1852 incompossibiles
704 1790 775 1832 oum
799 1776 898 1834 attan·
953 1775 1062 1850 aptare
1085 1770 1243 1832 calamum
1270 1770 1312 1830 ad
1333 1769 1547 1847 scribendam,
1570 1770 1657 1850 quod
1678 1789 1748 1832 me·

106 1861 186 1928 tione
200 1864 338 1942 interna,
356 1861 499 1944 quamvis
514 1863 658 1941 respectu
682 1860 775 1942 bajus
799 1861 897 1922 homi·
954 1859 1013 1921 rito
1029 1875 1090 1920 non
1105 1859 1242 1921 admittit
1256 1859 1347 1934 Gob.,
1360 1875 1456 1936 supra
1466 1865 1497 1921 et
1507 1859 1620 1920 iterum
1628 1880 1659 1920 a.
1674 1863 1743 1936 484,

106 1954 162 2031 nis,
187 1953 241 2034 qui
264 1952 363 2014 habet
385 1951 555 2011 firmiorem
578 1949 788 2028 phantasiam,
819 1951 898 2012 forte
955 1947 1006 2028 qui
1022 1953 1128 2010 tamen
1147 1949 1228 2010 inter
1249 1947 1447 2008 recitandum
1471 1947 1546 2010 facit
1568 1949 1747 2010 necessaria

107 2047 206 2105 essent
219 2038 468 2119 compassibiles,
484 2056 556 2099 nam
571 2038 658 2118 leges
672 2037 898 2100 videnturdari
954 2037 993 2098 ad
1009 2038 1235 2114 recitationem,
1256 2055 1320 2098 non
1344 2036 1470 2098 videtur
1489 2055 1639 2116 peccare;
1665 2039 1743 2100 Nav.

105 2147 159 2210 pro
175 2149 210 2192 eo
227 2133 259 2192 et
274 2129 314 2190 de
330 2145 378 2206 eo,
396 2127 480 2208 qnod
495 2130 542 2188 est
554 2145 612 2206 per
631 2145 676 2203 se,
705 2144 768 2188 non
792 2133 899 2189 autem
955 2125 1031 2188 Silv.
1049 2125 1201 2202 Sanohez,
1219 2124 1312 2200 Gob.,
1328 2141 1409 2186 num.
1425 2127 1495 2196 8193
1514 2123 1587 2186 hinc
1601 2142 1746 2204 quaerens

107 2217 143 2278 de
157 2235 205 2294 eo,
223 2215 310 2297 qued
326 2221 373 2277 est
387 2233 444 2294 per
458 2215 616 2276 accidens.
637 2215 662 2276 Ε
686 2218 794 2276 contra
818 2219 896 2279 Ner.

107 2305 232 2383 Sanch.,
249 2305 340 2385 Beja,
356 2305 462 2382 Suam,
479 2304 515 2365 de
528 2304 614 2366 Oret.
632 2302 685 2367 tit.
701 2309 733 2381 4,
757 2311 822 2386 cop.
846 2307 896 2383 46,

103 2399 248 2472 aremii,
267 2393 371 2456 etalii
397 2393 591 2474 probabilius
614 2392 723 2454 dicunt
746 2392 831 2454 illam
853 2395 900 2455 in·

106 2482 414 2563 compossibilitatem
430 2481 657 2543 desumendam
683 2499 750 2542 esse
774 2501 813 2542 ex
835 2499 901 2542 res-

105 2579 194 2652 pecta
222 2572 263 2634 ad
296 2577 449 2650 orantem,
480 2572 623 2651 adeoque
653 2571 897 2656 satisfacturum,

107 2663 155 2740 qui
170 2661 331 2741 pingendo
357 2660 473 2721 habere
498 2665 605 2739 posset
628 2657 832 2722 attentionem
854 2659 900 2720 in·

105 2755 234 2830 ternam,
248 2748 325 2830 qaia
335 2754 467 2828 poneret
477 2767 556 2828 opus
567 2753 770 2828 preceptum,
786 2767 898 2828 nempe

106 2855 208 2900 voram
224 2835 415 2914 orationem,
432 2855 536 2917 neque
558 2837 650 2898 aliter
672 2836 796 2899 ridetur
817 2853 899 2917 prae·

107 2925 163 3005 cipi
178 2925 313 2989 attentio
328 2929 469 3002 externa,
485 2925 543 2987 nisi
561 2927 837 3005 proutnecessaria
851 2931 898 2990 est

108 3015 145 3074 ad
167 3014 336 3090 internam,
362 3012 446 3074 unde
477 3031 668 3074 econverso
693 3011 801 3075 dicunt
824 3033 896 3075 eum

39 3161 42 3168 .
108 3120 166 3163 non
186 3101 433 3178 satisfacturum,
460 3100 513 3182 qai
536 3102 631 3162 etiarn
644 3105 766 3162 tantum
788 3101 896 3162 ambu-

106 3189 196 3252 lando
211 3191 394 3254 adverteret
407 3207 440 3250 se
460 3207 521 3251 non
545 3207 637 3270 posse
661 3190 777 3250 babere
801 3190 897 3251 ullam

108 3279 310 3342 attentionem
359 3280 533 3354 externam,
584 3295 655 3358 qum
704 3277 895 3358 precipitur,

99 3377 216 3447 nempe
232 3366 342 3442 talem,
356 3383 426 3446 quea
441 3365 593 3444 impediat
607 3367 763 3427 actionem
778 3364 898 3428 incom-

102 3454 285 3534 possibilem
311 3473 382 3516 cunr
406 3455 539 3516 interna.
558 3457 652 3517 Notat
674 3458 779 3517 autem
804 3457 895 3532 Gob.,

109 3561 184 3606 aum.
201 3545 274 3621 846,
291 3543 376 3624 quod
390 3543 422 3604 in
437 3543 593 3606 sententia
617 3551 751 3623 negante
773 3539 896 3624 peccari

108 3631 278 3694 mortaliter
292 3634 332 3693 ab
347 3649 395 3709 eo,
413 3633 465 3713 qui
492 3631 628 3712 negligit
645 3651 770 3694 omnem
796 3638 898 3697 atten-

102 3717 220 3780 tionem
236 3720 404 3797 internam,
426 3719 571 3783 videatur
593 3720 773 3799 dicendum,
795 3723 895 3785 vetari

109 3807 146 3868 ab
159 3810 299 3870 Ecclesia
314 3815 344 3871 et
358 3813 587 3890 consequenter
601 3809 702 3872 solum
714 3811 772 3872 sub
780 3810 894 3872 veniali

99 3901 128 3947 'a
139 3889 212 3967 beo,
229 3889 369 3951 actiones
384 3895 505 3952 tantum
519 3890 600 3967 illas,
614 3908 683 3971 quae
699 3909 736 3950 ex
759 3909 818 3952 sua
840 3909 893 3953 na·

103 3976 176 4036 tura
196 3977 338 4057 grauiter
357 3983 535 4058 repugnant
558 3978 721 4040 attentioni
745 3977 890 4054 internae;

111 4061 193 4128 addit
205 4082 287 4128 aum.
303 4069 373 4143 844,
389 4084 461 4127 cnm
476 4069 542 4128 Sot.
560 4072 591 4126 et
605 4068 709 4144 Susa,
730 4069 893 4147 probabile

112 4164 173 4215 esse
188 4153 257 4216 illae
268 4153 484 4216 distractiones
498 4155 657 4234 prohiberi
665 4157 704 4217 ab
714 4157 853 4219 Ecclesia
864 4163 895 4221 et

109 4243 334 4326 consequenter
347 4261 366 4304 a
380 4246 455 4319 Deo,
482 4259 551 4325 quae
575 4247 745 4306 causantur
767 4263 824 4324 per
844 4265 894 4308 ac-

98 4329 205 4395 ·tiones
219 4338 374 4410 artemas,
390 4351 459 4414 qua
474 4349 531 4395 sua
545 4338 658 4395 natura
680 4337 753 4398 sunt
774 4333 895 4398 incum-

97 4422 269 4500 'possiblles
282 4438 354 4483 cum
369 4422 539 4484 attentione
554 4422 687 4484 interna.

954 2215 1016 2276 alia
1030 2218 1061 2275 et
1073 2214 1192 2276 interea
1213 2213 1349 2276 recitans
1363 2213 1556 2290 memoriter,
1572 2213 1746 2276 secundum

955 2303 1046 2378 Gob.,
1063 2321 1123 2363 nou
1140 2305 1258 2381 peccat,
1287 2319 1344 2363 nec
1365 2305 1490 2364 tenetur
1512 2301 1598 2382 prius
1621 2305 1743 2382 namra,

954 2395 1010 2452 aut
1022 2391 1175 2469 tantisper
1189 2408 1323 2452 cessare.

995 2479 1060 2557 55.
1086 2479 1118 2540 Si
1143 2478 1275 2557 ipsemet
1299 2495 1392 2540 orans
1416 2495 1477 2540 noc
1499 2482 1645 2543 exerceat
1664 2478 1744 2559 ejus·
1773 2475 1826 2521 ¹³³⁸

954 2565 1039 2628 modi
1062 2567 1219 2629 actionem
1245 2570 1406 2628 externam
1426 2564 1595 2642 ordinarie,
1620 2582 1746 2645 semper
1779 2595 1782 2600 ¹

954 2655 1069 2734 poterit
1083 2656 1193 2717 adesse
1208 2655 1338 2716 attentio
1354 2655 1664 2720 excaecationem
1683 2655 1744 2716 sul·

953 2744 1061 2805 ticieus
1075 2743 1116 2806 ad
1139 2742 1324 2820 orationem,
1350 2742 1424 2822 qaia
1447 2743 1609 2805 attendere
1629 2742 1746 2824 poterit

954 2833 993 2894 ad
1007 2832 1116 2909 rerba,
1132 2836 1168 2894 ut
1182 2849 1218 2894 ea
1232 2830 1396 2894 articulate
1408 2835 1439 2894 et
1454 2831 1596 2896 ordinate
1605 2831 1745 2912 proferat

953 2922 1036 2983 unde
1051 2939 1114 2982 non
1130 2920 1277 2996 obstabit,
1295 2921 1378 2999 quod
1394 2919 1529 2983 exterius
1544 2921 1628 2984 eirca
1640 2920 1744 3000 ipsum

953 3011 1029 3072 fiant
1051 3009 1270 3086 fabulationes,
1293 3013 1415 3086 cautus,
1440 3010 1604 3088 tumultus,
1620 3010 1745 3090 pulsen-

952 3105 1004 3160 tur
1017 3103 1179 3177 tpmpana,
1195 3102 1268 3174 etc,
1286 3097 1457 3160 dammodo
1473 3097 1513 3160 ad
1528 3097 1587 3160 ista
1609 3117 1672 3162 non
1691 3097 1745 3162 de·

951 3188 1029 3267 ligat
1042 3187 1257 3266 cogitationes,
1272 3204 1330 3246 nce
1344 3186 1425 3248 serie
1436 3184 1573 3266 applicet
1589 3186 1741 3256 animum.

952 3277 1016 3337 Neo
1030 3275 1188 3336 tenebitur
1201 3291 1343 3354 quaerere
1355 3273 1458 3335 locum
1472 3273 1741 3353 opportuniorem,

946 3364 1002 3424 'rel
1017 3367 1182 3442 expectare
1203 3369 1326 3441 tempus
1349 3362 1485 3424 liberum
1508 3363 1548 3424 ab
1570 3363 1648 3440 istis,
1672 3381 1743 3444 que

953 3451 1172 3530 perfectiorem
1186 3449 1391 3513 attentionem
1406 3449 1592 3530 impediunt,
1609 3457 1643 3514 ut
1656 3452 1742 3517 dice-

952 3544 1048 3603 turn.
1067 3543 1151 3602 4344.

991 3630 1010 3709 ᾖ
1031 3633 1062 3691 6.
1089 3630 1120 3692 Si
1142 3645 1291 3690 exercens
1317 3627 1470 3690 actionem
1495 3631 1656 3692 externam
1680 3646 1743 3691 uon
1769 3643 1824 3692 teca

951 3717 1096 3780 advertat
1109 3736 1166 3797 per
1181 3734 1251 3778 eam
1265 3715 1409 3795 impediri
1425 3716 1631 3780 attentionem
1648 3715 1743 3780 inter·

950 3823 1035 3884 nam,
1052 3825 1114 3868 non
1129 3811 1176 3867 est
1190 3824 1269 3885 epus
1283 3809 1393 3884 postea
1403 3804 1739 3885 quidquamrepetcre;

949 3895 1059 3973 Regin.
1088 3895 1152 3956 Set.
1185 3897 1299 3955 Navar.
1329 3892 1428 3956 Tolet.
1453 3893 1577 3956 Valent.
1608 3895 1738 3958 Bonart.

949 3985 1053 4059 Diam,
1070 4002 1104 4064 p.
1127 3987 1157 4060 5,
1184 3993 1205 4044 t.
1232 3986 1281 4058 44,
1305 3982 1345 4044 It.
1362 3983 1418 4056 ³03
1444 3982 1537 4060 Gob.,
1562 4002 1645 4046 cam.
1662 3987 1738 4056 8203

948 4076 1024 4151 puto
1037 4076 1142 4152 tamen
1158 4072 1190 4132 id
1205 4070 1441 4150 intelligendam
1456 4088 1535 4148 esse,
1559 4071 1585 4134 si
1604 4073 1685 4136 actio
1702 4073 1743 4135 sit

949 4160 989 4221 de
1003 4177 1035 4220 se
1050 4159 1310 4239 incompassibilis
1324 4178 1396 4219 curn
1411 4159 1583 4222 attentione
1606 4161 1738 4224 interna.

941 4252 1193 4326 -Peocatautem,
1216 4248 1269 4328 qni
1294 4248 1380 4328 eligit
1402 4249 1507 4314 locum
1533 4249 1740 4312 distractioni-

948 4338 1007 4399 bus
1021 4337 1113 4398 valde
1129 4339 1315 4416 expositum,
1331 4357 1361 4399 r.
1385 4357 1417 4418 g.
1439 4337 1542 4399 forum
1566 4339 1739 4418 publicum,

946 4431 1004 4488 aut
1017 4427 1132 4503 lucum,
1154 4425 1205 4487 ubi
1230 4429 1282 4488 est
1300 4425 1448 4506 frequens
1471 4444 1653 4504 concursus,
1679 4428 1740 4493 cla·

41 4523 105 4577 teta·
147 4509 165 4589 5
184 4515 213 4574 3.
237 4511 383 4574 Actiones
406 4511 673 4591 incompossibilcs
696 4530 768 4574 cum
795 4515 894 4575 atten·
948 4533 1018 4576 mor
1031 4519 1086 4578 aut
1099 4515 1246 4595 strepitus
1261 4516 1411 4594 profanus
1426 4514 1600 4592 hominum,
1617 4521 1672 4578 aut
1686 4516 1739 4578 ubi

104 4596 192 4659 'tione
206 4600 330 4662 interna
344 4599 552 4661 communiter
566 4601 895 4680 censenturhm:pin-
949 4602 1106 4666 habentur
1128 4604 1273 4665 clamosae
1294 4603 1536 4682 disputationem
1558 4604 1676 4670 Bonae.
1706 4603 1741 4665 de

97 4689 355 4766 geresorihere,
372 4691 489 4750 attente
504 4687 614 4750 audire
627 4689 705 4750 alies
718 4689 891 4768 loquentes,
948 4691 1053 4770 Horis,
1069 4691 1100 4754 d.
1118 4697 1146 4768 4,
1163 4711 1193 4773 q.
1210 4693 1239 4768 3,
1254 4710 1287 4773 p.
1304 4695 1334 4765 ὃς
1351 4685 1506 4772 (testrep,
1522 4697 1611 4755 tract.
1623 4696 1653 4762 t.
1664 4692 1694 4754 d.
1707 4697 1737 4762 2,

111 4774 247 4837 celeriter
262 4795 295 4837 se
310 4775 435 4853 vestire,
452 4795 569 4856 magua
583 4795 659 4838 cura
673 4777 791 4857 aliquid
809 4783 895 4841 exte·
939 4801 979 4864 qr.
996 4787 1027 4860 4,
1043 4803 1074 4844 a.
1089 4787 1120 4856 73
1136 4785 1234 4860 Stoa,
1251 4781 1305 4843 ab.
1321 4785 1351 4858 4,
1366 4801 1398 4862 p.
1414 4783 1446 4858 3,
1459 4801 1489 4842 n.
1505 4784 1575 4844 444.

97 4857 171 4922 ¹rius
186 4881 290 4945 agere,
308 4869 368 4927 etc.
386 4864 474 4936 Quod
489 4866 514 4925 si
530 4866 611 4927 actio
626 4870 756 4927 externa
770 4885 832 4927 non
847 4885 894 4928 re·
992 4871 1097 4946 (tuest.
1110 4875 1229 4934 tau-
1242 4871 1289 4932 Aa
1303 4871 1553 4934 aracaioimaao
1566 4871 1740 4952 requiratur
1768 4883 1821 4929 aare

111 4951 209 5028 quirat
223 4971 370 5034 magnam
386 4955 560 5034 impensam
576 4954 683 5031 animi,
709 4973 772 5016 non
795 4957 894 5036 impe·
948 4958 1121 5021 adHerm?
1140 4963 1175 5022 a.
1201 4961 1265 5023 llls.
1289 4969 1313 5023 t.
1338 4963 1369 5037 5,
1393 4977 1476 5021 oum.
1500 4962 1540 5021 26
1563 4967 1595 5022 ct
1617 4960 1738 5024 Vindex

112 5035 172 5099 diet
184 5060 222 5102 ex
235 5061 268 5102 se
282 5043 486 5104 attentionem
501 5042 639 5103 debitam
656 5062 663 5116 ;
681 5048 712 5104 et
726 5044 750 5104 si
771 5044 812 5106 sit
833 5044 894 5104 dii·
949 5048 1040 5124 Gob.,
1054 5067 1086 5129 p.
1103 5054 1133 5124 4,
1153 5067 1242 5130 prop.
1268 5052 1298 5125 7,
1323 5050 1436 5127 putant
1458 5065 1521 5108 uon
1545 5064 1614 5108 esse
1634 5048 1738 5112 locum

111 5123 225 5191 ficultas
249 5131 280 5191 in
304 5131 450 5191 habenda
474 5131 644 5193 attentione
667 5131 791 5194 iuterna
820 5152 892 5194 oum
947 5136 1020 5197 huic
1035 5136 1209 5216 questioni,
1228 5136 1303 5218 qnia
1316 5154 1388 5197 cum
1407 5134 1550 5197 satisfieri
1564 5151 1626 5196 nou
1641 5137 1740 5214 possit

99 5212 160 5274 'terli
183 5218 305 5281 actione
326 5223 466 5296 externa,
492 5221 687 5299 compensari
710 5226 812 5300 potest
835 5240 892 5300 per
937 5223 1005 5284 nisi
1033 5227 1105 5284 actu
1135 5222 1274 5285 humano
1305 5221 1469 5296 orationis3
1501 5221 1601 5284 oratio
1631 5226 1738 5287 autem

95 5301 379 5384 ‘majorem'euranr
394 5309 587 5370 attendendi.
605 5311 688 5382 Quas
711 5317 816 5372 autem
839 5329 892 5372 ac·
946 5312 1017 5373 talis
1040 5310 1181 5390 requirat
1210 5311 1418 5374 intentionem
1446 5309 1568 5387 orandi,
1594 5310 1737 5392 adeoque

112 5387 205 5456 tiones
217 5395 299 5458 licite
314 5414 455 5474 exerceo,
476 5394 551 5458 daun
577 5398 672 5459 recito
696 5417 806 5478 preces
828 5417 889 5460 non
947 5400 1127 5462 attendendi
1143 5401 1253 5462 saltem
1264 5399 1512 5479 superficialiter,
1525 5397 1591 5461 sive
1599 5400 1737 5462 atverba

94 5475 236 5568 detta,
267 5486 392 5548 eaedem
419 5486 502 5556 licite
526 5501 667 5564 exerceo,
693 5487 767 5548 dum
793 5488 890 5549 recito
948 5488 1194 5573 beneproiercs,
1210 5487 1433 5558 interuutcum
1448 5489 1554 5568 Scan,
1578 5487 1613 5553 de
1636 5487 1735 5568 Orat„
