4166 6346
746 572 798 642 hh
821 568 950 642 satra
971 569 1192 644 astroloso
1731 585 1793 646 aas

137 761 265 844 fferam
284 761 307 830 Ι.
324 765 355 844 8,
371 785 401 849 q.
418 767 468 843 lt,
484 783 522 827 ex
536 763 585 827 bis
604 764 791 828 rationibus:
807 769 836 829 l.
863 764 943 838 Ouia
994 764 1143 844 galerum
1164 765 1369 830 intenderunt
1389 763 1529 847 speciale
1546 765 1666 830 bonum
1679 775 1712 832 et
1725 769 1792 851 qui·

137 853 322 932 Religiosus
335 858 462 916 mnetnr
483 854 544 916 sub
564 853 689 916 mortali
713 855 758 915 sic
778 873 811 916 se
830 873 941 934 gerere
996 851 1068 914 dem
1092 856 1273 933 maximum,
1300 855 1385 936 quod
1409 873 1471 918 non
1493 856 1705 936 intenderunt,
1733 877 1792 922 noc

137 947 173 1004 nt
188 949 364 1006 censeatur
379 942 571 1022 Religiosus;
592 947 675 1004 esset
696 943 780 1002 enim
803 941 943 1022 graviter
996 941 1113 1004 habere
1137 948 1306 1023 potuerunt
1325 963 1382 1023 per
1404 945 1542 1025 singulas
1562 946 1708 1026 Regulos,
1734 964 1792 1026 par

137 1029 290 1094 difforme
304 1036 420 1094 areeta
430 1030 553 1092 ratione
563 1031 588 1091 si
603 1031 698 1092 aliter
712 1036 870 1110 ageretur,
887 1029 942 1092 sed
997 1048 1075 1108 quas
1085 1049 1148 1093 non
1173 1037 1343 1112 potuerunt
1363 1032 1486 1114 assequi
1501 1033 1596 1094 linem
1610 1034 1666 1096 toti
1680 1031 1791 1096 collac-

136 1119 265 1180 censeri
281 1137 345 1180 non
360 1125 467 1198 posset
485 1119 661 1198 Religiosus
676 1119 701 1181 si
724 1119 800 1179 nihil
816 1121 945 1180 curaret
995 1119 1072 1182 honi
1096 1122 1274 1199 praefixum:
1298 1139 1373 1202 ergo
1394 1121 1506 1183 merito
1529 1122 1697 1184 voluerunt
1721 1140 1790 1183 esse

135 1205 177 1267 de
202 1209 377 1270 servandis
390 1208 658 1284 meditationibus,
677 1207 884 1284 examinibus,
901 1207 945 1268 si·
997 1207 1091 1269 aliam
1125 1209 1350 1290 obligationem
1378 1209 1419 1270 ad
1445 1213 1545 1271 totam
1572 1209 1790 1273 collectionem

136 1294 252 1372 lentio,
281 1295 532 1372 mortificatione,
549 1296 704 1358 modestia
722 1295 896 1376 ceterisque
910 1295 942 1355 in
997 1314 1092 1378 quam
1105 1298 1146 1359 ad
1164 1298 1302 1378 singulas
1324 1299 1469 1379 Regulos.

136 1399 194 1442 suo
218 1382 334 1444 ordine
349 1382 427 1445 citra
448 1389 612 1462 peecatum
627 1383 835 1463 prescriptis:
852 1400 939 1462 ergo.
1037 1385 1077 1446 Si
1090 1386 1192 1446 instar:
1208 1387 1342 1448 Violatio
1358 1388 1550 1466 Regularum
1564 1385 1705 1449 omnium
1720 1385 1787 1448 siue

136 1474 168 1532 2.
183 1469 339 1550 Alioquin
349 1472 533 1550 Superiores
548 1489 610 1533 non
620 1477 789 1551 peccarent
803 1470 943 1550 graviter
996 1474 1297 1554 propositoviolandi
1307 1493 1415 1536 omues
1424 1493 1486 1537 non
1497 1479 1544 1536 est
1553 1475 1700 1537 mortale:
1714 1493 1790 1554 ergo

135 1558 162 1619 si
187 1559 310 1621 horum
334 1561 585 1623 observationem
605 1579 667 1622 non
688 1563 896 1639 procurarent
909 1559 941 1619 ia
996 1579 1054 1621 nec
1077 1561 1203 1623 violatio
1226 1581 1298 1624 eum
1316 1563 1476 1641 proposito
1499 1563 1640 1625 violandi
1664 1581 1787 1640 omues,

137 1647 275 1710 subdita
290 1648 348 1710 sibi
365 1649 607 1722 communitate3
624 1647 711 1727 atqui
725 1665 783 1727 par
795 1647 856 1708 hoe
868 1665 943 1726 peo-
997 1649 1070 1728 quia
1087 1651 1283 1728 propositum
1300 1651 1416 1729 accipit
1429 1649 1567 1730 speciem
1581 1650 1622 1712 ab
1639 1651 1783 1731 objectet

137 1751 213 1796 aare
238 1735 382 1814 graviter
401 1736 492 1798 docet
510 1735 686 1796 communis
700 1753 772 1796 oum
792 1737 891 1814 hugo,
907 1732 943 1795 de
996 1755 1071 1816 ergo
1082 1738 1106 1798 si
1119 1738 1277 1819 objectum
1288 1757 1349 1802 non
1358 1739 1716 1817 sitmortalitermalum,
1727 1757 1786 1800 nec

137 1821 235 1899 Just,
255 1822 326 1894 da,
342 1842 360 1884 o
374 1843 405 1885 c.
416 1827 452 1885 al
468 1843 475 1885 ε
491 1841 572 1904 erqo.
590 1824 678 1886 (loni.
696 1841 769 1883 nam
784 1821 810 1882 si
824 1822 941 1884 subditi
996 1823 1063 1904 ejus
1077 1825 1206 1888 intentio
1220 1828 1279 1889 erit
1290 1829 1567 1890 mortalitermala.
1581 1827 1665 1908 Hesp.
1678 1831 1714 1890 N.
1732 1846 1787 1888 an-

137 1909 334 1990 negligendo
345 1910 617 1989 illanonpeecent,
627 1908 812 1989 prudentius
826 1909 943 1971 facient
995 1917 1055 1974 teo.
1072 1914 1147 1994 quia
1161 1915 1191 1974 iu
1203 1915 1370 1976 violatione
1386 1915 1526 1978 emnium
1541 1915 1635 1977 datur
1647 1915 1788 1996 proposi·

138 1999 331 2078 Superiores
344 1998 440 2060 etiam
453 1997 692 2074 dissimulando,
705 1997 780 2078 quia
791 2016 828 2058 ex
839 1998 941 2077 poenis
996 2004 1063 2062 tum
1081 2003 1212 2062 virtuale
1230 2007 1262 2062 et
1276 2003 1547 2080 interpretativum
1561 2001 1700 2064 violandi
1720 2020 1790 2063 om·

138 2085 294 2166 injunctis
307 2086 490 2166 frequenter
504 2093 677 2148 naseuntur
689 2091 821 2166 peccata
841 2087 942 2166 impa-
995 2107 1065 2163 nes;
1078 2091 1139 2150 tale
1148 2095 1254 2152 autem
1264 2090 1459 2170 propositum
1469 2091 1500 2150 in
1510 2091 1682 2152 moralibus
1693 2089 1789 2171 tequi-

137 2173 274 2252 tientiae,
290 2175 567 2251 memorationis,
586 2175 820 2252 susurrationis,
833 2180 893 2237 eto.
908 2177 938 2236 3.
995 2179 1080 2239 valet
1092 2178 1227 2240 formali.

142 2261 296 2344 Alioquin
310 2263 453 2343 sequitur
473 2264 623 2324 relaxatio
638 2263 807 2342 Religionis
822 2267 854 2326 et
873 2263 940 2344 ejus
1036 2266 1145 2348 objicit
1158 2267 1215 2328 sibi
1231 2269 1259 2328 R:
1281 2268 1316 2328 ln
1339 2264 1499 2346 Religione
1514 2265 1591 2328 nihil
1606 2267 1790 2346 profitemur
1816 2283 1844 2328 oo

143 2349 333 2422 dissolutio;
357 2349 509 2412 relaxatio
539 2349 623 2412 enim
645 2349 780 2412 habetur
800 2369 858 2430 per
877 2367 940 2411 non
994 2355 1053 2417 nisi
1076 2356 1137 2417 tria
1172 2360 1245 2418 vota
1288 2355 1526 2416 substantialia:
1552 2371 1629 2434 ergo
1655 2357 1696 2418 ad
1725 2356 1788 2416 alia

143 2437 383 2500 observantiam
411 2438 613 2518 Regularum,
643 2455 724 2518 quac,
749 2438 774 2498 si
799 2443 847 2500 est
872 2439 938 2515 uni,
995 2446 1212 2504 neumnemur
1225 2442 1283 2503 sub
1298 2447 1438 2522 peceato.
1455 2441 1615 2523 Respondet
1629 2445 1666 2504 N.
1683 2446 1785 2506 antec.

141 2525 554 2588 etiameritaliislicitasine
570 2525 941 2606 peccato,sioquedissol·
998 2530 1114 2610 Religio
1140 2530 1282 2592 animab
1306 2530 1444 2592 Ecclesia
1467 2549 1528 2592 non
1556 2530 1785 2609 admitteretur,

141 2612 938 2693 raturomnisdiseiplinaettotaRsligionisforma,
996 2636 1065 2698 quae
1079 2623 1200 2680 tantum
1214 2621 1275 2680 tria
1296 2623 1370 2680 rota
1384 2620 1583 2698 profiteretur
1606 2618 1673 2682 sine
1688 2637 1787 2700 peca—
1910 2689 1913 2697 ¹

142 2702 232 2782 quod
254 2702 363 2782 utique
383 2706 430 2762 est
443 2719 540 2779 greve
555 2701 685 2763 malum.
701 2703 727 2760 l.
757 2703 875 2764 Saltem
895 2707 942 2764 est
995 2707 1124 2767 liaribus
1139 2706 1265 2784 Regalis
1288 2705 1357 2786 ejus
1376 2707 1472 2766 finem
1485 2707 1786 2786 complectentibus;

143 2790 296 2870 obligatio
323 2789 469 2851 servandi
500 2790 634 2867 {tegulas
660 2788 781 2850 ratione
809 2789 941 2868 periculi
995 2793 1039 2856 sic
1054 2794 1137 2854 enim
1151 2795 1221 2856 linis
1244 2793 1395 2856 eastitatis
1410 2795 1573 2874 Religiosar
1593 2811 1655 2855 non
1671 2795 1789 2858 estho-

143 2877 284 2940 riolandi
296 2881 379 2953 vota,
396 2873 531 2936 maxime
541 2875 572 2936 in
583 2876 717 2937 materia
730 2877 893 2954 castitatis,
907 2883 941 2940 ιιι
996 2881 1099 2936 aestus
1114 2873 1242 2953 praecise
1257 2874 1418 2950 eastitatis,
1432 2873 1487 2934 sed
1502 2875 1594 2935 simul
1607 2874 1740 2936 facultas
1754 2875 1789 2935 li·

144 2964 290 3044 pluribus
304 2963 433 3026 deducit
441 2963 531 3040 illia,
542 2982 572 3045 q.
595 2964 713 3042 l5,5et
725 2981 803 3045 req.;
820 2965 845 3024 si
858 2965 940 3026 enim
994 2960 1100 3021 berius
1114 2961 1246 3023 vacandi
1263 2965 1326 3023 Deo
1342 2964 1373 3022 et
1387 2960 1517 3038 Divinis,
1533 2965 1569 3023 ut
1581 2979 1617 3022 ex
1637 2963 1788 3040 Apostolo

144 3051 322 3132 spiritualia
333 3051 543 3131 negligantur,
559 3051 626 3112 fieri
642 3051 695 3112 vix
704 3051 820 3128 poterit
834 3058 868 3115 ut
877 3053 941 3113 eri·
995 3067 1140 3127 expressa
1163 3047 1256 3112 docet
1278 3051 1311 3112 S.
1337 3049 1418 3126 Th,
1443 3067 1538 3130 quem
1564 3050 1663 3112 refert
1687 3051 1786 3129 Elin,

145 3139 359 3218 teturlapsus.
376 3141 406 3200 5.
423 3138 502 3210 Ouia
525 3138 608 3199 nolle
622 3139 776 3219 prolicere
791 3139 941 3218 spiritua·
994 3139 1082 3218 pit,
1093 3135 1111 3216 5
1122 3138 1307 3200 l.Similiter
1318 3144 1489 3218 paupertas
1498 3137 1716 3202 etobedieatia
1725 3157 1788 3200 non

145 3227 219 3289 liter
241 3232 289 3289 est
311 3227 390 3288 valle
409 3226 543 3288 densere
557 3226 770 3305 spiritualiter,
784 3227 829 3289 uti
851 3247 888 3288 ex
903 3228 938 3292 S.
995 3224 1148 3287 haberent
1168 3225 1321 3288 rationem
1341 3226 1466 3288 virtutis
1489 3226 1636 3306 perfecte
1651 3231 1682 3288 et
1705 3226 1789 3290 neli-

147 3311 309 3376 Bemardo
322 3313 465 3394 pluribus
474 3313 602 3377 deducit
615 3314 705 3393 clia,
718 3315 737 3394 5
749 3319 786 3377 6:
799 3333 886 3395 ergo,
902 3315 940 3377 si·
994 3313 1090 3393 giosae
1104 3312 1130 3374 si
1145 3313 1177 3374 in
1201 3314 1277 3392 ipsis
1299 3313 1472 3391 sisteretur,
1488 3315 1546 3376 sed
1560 3314 1646 3377 illam
1669 3315 1789 3376 habent

147 3401 212 3463 cuti
227 3403 310 3463 nolle
329 3402 480 3480 proficere
495 3421 548 3462 scu
565 3419 599 3463 se
614 3403 742 3464 relicere
759 3403 790 3463 in
805 3421 939 3482 corpore
996 3403 1070 3482 quia
1084 3406 1157 3463 sunt
1169 3403 1275 3464 media
1288 3401 1329 3463 ad
1342 3401 1435 3464 aliam
1451 3403 1678 3481 perfectionem
1692 3402 1788 3465 voluti

148 3495 196 3550 est
207 3489 290 3550 velle
302 3487 383 3550 mori
397 3507 541 3569 corpore,
554 3489 599 3551 ita
610 3490 692 3551 nolle
703 3491 940 3568 prolicereetse
995 3491 1090 3551 finem
1105 3490 1158 3551 tali
1175 3490 1275 3552 Statui
1292 3489 1448 3569 Religioso
1463 3489 1638 3569 praefixum,
1654 3489 1700 3552 uti
1721 3490 1788 3569 plu-

148 3577 819 3658 contiuuorefluereinspirituestvellemori
830 3579 941 3659 spiritu
995 3577 1082 3640 ribus
1095 3577 1234 3640 declarat
1251 3579 1340 3655 bilin,
1356 3579 1374 3658 5
1392 3582 1421 3640 R.
1444 3578 1550 3641 Videri
1571 3583 1675 3658 potest
1692 3581 1785 3642 Suar.

148 3665 324 3746 prasertim
340 3666 373 3726 in
387 3665 448 3728 hoc
467 3670 549 3728 statu
566 3671 684 3728 naturae
698 3667 795 3746 lapsos
810 3685 871 3747 quo
887 3667 942 3729 do·
995 3683 1110 3746 supra,
1150 3666 1203 3728 ubi
1235 3666 1435 3729 difficultates
1463 3667 1538 3729 istas
1566 3671 1733 3742 extenuat;
1762 3667 1789 3729 si

148 3752 310 3814 minantur
318 3752 480 3831 passiones
488 3752 653 3832 etrapiunt
662 3753 702 3814 ad
713 3752 941 3828 melum3velle
996 3757 1080 3816 enim
1102 3757 1143 3818 sit
1165 3756 1281 3836 duplex
1301 3755 1462 3835 obligatio,
1487 3773 1551 3817 una
1574 3755 1723 3819 tendendi
1746 3756 1788 3818 ad

149 3845 253 3902 autem
269 3841 349 3902 mori
364 3839 474 3920 spiritu
489 3845 537 3904 est
549 3841 779 3904 velleamittere
793 3843 939 3922 gratiam,
995 3843 1232 3924 perfectionem,
1248 3844 1311 3904 alia
1324 3843 1512 3906 observandi
1523 3849 1598 3906 rota
1610 3864 1617 3904 :
1628 3861 1716 3924 ergo,
1733 3841 1788 3922 qui

151 3929 234 4010 quod
245 3935 292 3991 est
305 3931 455 4003 mortale;
473 3949 560 4012 ergo.
576 3935 677 4012 Atque
693 3949 730 3992 ex
746 3930 806 3994 hac
819 3932 941 3994 rationo
995 3939 1106 4013 peccat
1118 3939 1228 3995 centra
1242 3937 1350 3994 votum
1370 3933 1536 3996 committit
1553 3932 1668 4011 duplex
1682 3932 1787 4012 specie

151 4015 244 4080 infert
257 4017 341 4079 aliz.
359 4015 453 4080 etiam
464 4020 629 4082 saeouleres
640 4019 698 4081 sub
708 4021 831 4081 mortedi
841 4022 940 4082 terreri
995 4027 1178 4102 peccatum:
1203 4025 1288 4082 reate
1322 4026 1428 4084 tamen
1453 4025 1542 4084 notat
1560 4022 1673 4098 Gastr„
1697 4039 1728 4083 c.
1753 4025 1784 4098 Ἰ,

150 4103 278 4166 madere
287 4104 327 4167 ad
339 4105 564 4184 perfectionem
575 4105 623 4168 sui
632 4110 749 4181 status;
763 4107 836 4168 hinc
846 4109 941 4171 etiam
995 4111 1090 4172 talem
1104 4128 1161 4190 per
1174 4108 1318 4172 accidens
1331 4127 1414 4188 saepe
1429 4109 1615 4171 contrahere
1630 4109 1784 4187 mortale,

152 4191 243 4254 docet
256 4193 385 4270 Oviedo,
396 4193 432 4255 de
440 4194 538 4272 Pecc,
548 4205 676 4257 controv.
684 4198 714 4273 3,
725 4215 756 4258 a.
766 4199 816 4275 86,
826 4213 943 4278 propo·
994 4199 1045 4260 vel
1060 4200 1181 4260 ratione
1196 4197 1347 4274 scandali,
1364 4198 1416 4258 val
1430 4216 1487 4277 par
1500 4202 1714 4278 contemptum
1728 4203 1786 4262 Re-

152 4277 245 4340 situm
266 4282 484 4360 consequendi
501 4283 565 4344 ulla
579 4281 635 4344 Dei
650 4282 780 4344 consilia
801 4283 895 4346 etiam
909 4285 940 4346 in
995 4287 1087 4367 gule,
1103 4286 1153 4348 rel
1173 4286 1356 4367 quiareddit
1369 4305 1403 4348 se
1414 4286 1529 4349 Ordine
1543 4285 1719 4366 indignum,
1736 4288 1787 4349 rel

151 4365 277 4429 homine
301 4369 444 4431 aaeaulmi
470 4389 597 4450 semper
619 4387 687 4432 esse
710 4375 886 4450 peccatum,
911 4376 943 4434 et
996 4375 1070 4456 quia
1084 4383 1192 4436 causta
1204 4393 1301 4454 grave
1315 4374 1466 4436 damnum
1481 4374 1709 4451 communitati,
1726 4375 1787 4436 mi-

152 4455 279 4536 quidem
306 4459 451 4536 monela,
481 4463 517 4521 ut
544 4459 642 4521 habat
667 4460 843 4522 communis
869 4478 942 4524 cum
996 4465 1121 4526 nuendo
1146 4464 1332 4544 Regulurem
1356 4463 1599 4527 observantiam.
1628 4463 1708 4528 Vide
1737 4463 1786 4526 di-

152 4545 280 4623 Sanch.,
294 4545 371 4625 quia
380 4547 506 4610 videtur
518 4565 586 4610 esse
600 4549 739 4628 graviter
752 4549 943 4612 maenuba
996 4553 1096 4616 aenda
1110 4553 1131 4614 l.
1148 4555 1179 4628 5,
1194 4573 1225 4615 n.
1242 4557 1311 4615 tlt.

152 4635 263 4695 natura
277 4634 422 4697 rationali
432 4635 543 4698 saltem
553 4635 675 4697 ratione
690 4637 820 4715 periculi
835 4657 874 4699 ue
889 4637 941 4699 de·
1037 4641 1144 4717 Quart.
1165 4639 1357 4718 tR-Oar’d
1374 4640 1532 4706 notandum
1544 4643 1586 4706 sit
1602 4643 1683 4706 circa
1702 4641 1787 4705 coci-
1812 4659 1838 4706 or

151 4725 320 4783 serantura
330 4723 407 4799 Deo,
423 4722 448 4784 si
460 4723 656 4786 sicabsolute
665 4723 740 4786 velit
749 4725 940 4805 praecludere
994 4733 1104 4793 tiaram
1117 4729 1308 4812 obligationes
1321 4741 1350 4792 ct
1360 4732 1541 4813 priuilegia?
1555 4735 1591 4795 R.
1607 4751 1696 4812 seqq.

153 4823 278 4872 omnem
291 4809 413 4871 aditum
426 4811 554 4890 Spiritui
571 4813 697 4874 Sancto.
1034 4821 1052 4898 5
1068 4822 1095 4882 l.
1112 4820 1259 4892 Quamvis
1275 4823 1401 4900 Reguloe
1416 4821 1547 4902 alicujus
1561 4822 1687 4884 Ordinis
1709 4821 1786 4883 obli·

191 4895 318 4978 objicit:
330 4897 428 4960 sibit.
443 4899 533 4960 Nulla
542 4900 614 4961 talia
625 4901 746 4980 Regula
755 4901 873 4982 obliget
882 4902 940 4964 sub
994 4914 1106 4988 gerent
1115 4907 1270 4988 professos
1285 4909 1344 4970 sub
1356 4914 1498 4989 peccato,
1511 4915 1617 4971 tamen
1631 4927 1693 4971 uon
1708 4910 1786 4971 obli-

157 4989 304 5064 pscaato:
321 5003 396 5066 ergo
415 5004 473 5050 nec
486 4991 553 5050 tota
574 4989 715 5052 collectio
730 4991 938 5070 Regularum
993 4999 1070 5074 gant
1090 4995 1241 5068 novitios;
1259 4997 1362 5072 Suar.,
1378 4997 1507 5075 Serreh,
1523 4999 1678 5076 (testrep,
1693 5004 1716 5058 t.
1734 4999 1783 5075 lo,

152 5071 345 5136 laudatores
358 5073 443 5135 enim
464 5077 631 5140 noluerunt
645 5077 806 5157 imponere
820 5079 941 5158 obliga·
994 5083 1023 5146 d.
1041 5089 1069 5162 l,
1085 5103 1117 5166 p.
1134 5087 1183 5161 lo,
1198 5103 1229 5146 c.
1250 5089 1280 5146 5.
1298 5086 1388 5148 Ratio
1402 5091 1450 5148 est
1473 5086 1546 5166 quia
1561 5103 1619 5148 nec
1640 5088 1785 5148 arentur

151 5159 566 5243 tionemnisiquemsingue
573 5166 938 5248 negulaeaffemntnap.
994 5191 1032 5232 ex
1047 5173 1235 5248 obedientia,
1251 5191 1324 5235 cum
1343 5192 1413 5235 eam
1431 5192 1492 5236 non
1507 5173 1665 5248 voverint3
1682 5190 1784 5252 neque

152 5249 187 5310 n.
204 5265 290 5310 cons.
302 5249 435 5328 ecquod
456 5251 497 5313 sit
509 5269 573 5313 una
592 5253 697 5332 aliqua
705 5254 854 5334 obligatio
869 5274 940 5336 qna
994 5279 1030 5320 ex
1041 5259 1146 5321 debito
1157 5261 1387 5338 uniformitatis,
1400 5263 1474 5342 quia
1488 5263 1529 5323 ad
1543 5263 1624 5324 hanc
1637 5267 1785 5324 tenemur

152 5336 296 5414 respiciat
316 5341 417 5400 totam
442 5340 660 5402 collectionem
683 5344 884 5422 Regularum,
910 5349 942 5407 et
993 5350 1115 5408 tantum
1129 5345 1172 5407 illi
1187 5345 1239 5426 qui
1254 5347 1383 5425 professi
1398 5349 1571 5410 sunttalern
1586 5351 1711 5423 statum,
1729 5367 1785 5408 ne-

152 5423 191 5486 sit
209 5423 359 5488 distincta
381 5444 401 5486 a
422 5425 554 5508 singulis
581 5429 832 5509 obligationibus.
858 5435 941 5494 Deus
994 5453 1055 5513 que
1075 5453 1112 5494 ex
1133 5435 1216 5496 statu
1236 5435 1302 5513 ipso
1321 5435 1529 5514 probationis,
1555 5436 1607 5516 qui
1632 5453 1694 5497 nou
1713 5436 1784 5516 plus

154 5512 236 5578 euim
246 5517 277 5578 at
286 5513 447 5582 Fundetur
456 5514 580 5578 Ordinis
589 5535 646 5597 per
655 5517 869 5582 collectionem
880 5522 938 5582 Re·
995 5521 1113 5601 obligat
1126 5522 1166 5584 ud
1183 5523 1317 5602 Regulas
1338 5541 1432 5604 quam
1453 5529 1551 5588 status
1566 5523 1784 5614 catechumeni
