4032 6340
301 544 342 604 te
977 533 1030 597 DE
1051 531 1262 596 Helssolnte.

302 725 503 806 Episcopum,
519 726 568 786 rel
588 725 628 786 ad
652 723 719 804 ejus
742 723 902 786 vicarium
924 741 991 783 esse
1014 720 1097 782 dele·
1152 720 1236 800 qued
1252 721 1495 802 qualecumque,
1516 723 1610 784 etiam
1625 726 1777 788 smculnre
1791 727 1939 808 officium,

303 814 465 877 rendam:
499 814 582 893 qued
608 813 702 874 etiem
734 816 808 874 tune
835 811 902 872 fieri
933 810 1046 886 debet,
1071 808 1096 870 si
1151 813 1288 886 ponatur
1308 810 1394 870 velut
1413 809 1658 888 indispensabile
1672 813 1942 894 impedimentum,

303 901 444 963 Paroche
464 905 545 961 esset
569 905 689 976 notum,
714 898 799 978 qued
818 897 969 974 duellum,
986 898 1018 957 in
1033 914 1096 975 que
1153 895 1324 972 duellasse,
1350 915 1553 976 provocasse,
1580 901 1629 960 vel
1653 907 1836 982 acceptasse
1861 903 1945 964 duel-

304 989 374 1070 quis
396 989 562 1050 defunctus
587 992 644 1064 est,
667 991 773 1066 posset
793 985 920 1064 probari
943 1003 1000 1064 per
1014 984 1099 1046 suffl-
1151 983 1217 1042 lum
1232 984 1256 1044 ¹.
1285 984 1347 1044 Nec
1370 983 1471 1052 obstat,
1498 985 1582 1065 qued
1606 987 1689 1049 inter
1711 989 1946 1053 informationes

304 1079 421 1140 cientes
443 1082 539 1139 testes
556 1079 644 1138 Bass.
670 1095 698 1136 e.
723 1073 875 1150 Duellom,
891 1093 921 1135 n.
944 1078 982 1146 93
1006 1073 1096 1133 Dian.
1152 1089 1209 1150 pre
1224 1072 1262 1132 ad
1278 1071 1428 1134 nittendis
1443 1074 1483 1134 ad
1499 1074 1649 1138 Ordinem
1663 1081 1844 1156 equestrem
1855 1079 1888 1140 S.
1898 1081 1946 1142 ls-

301 1186 335 1248 p.
352 1170 381 1242 8,
399 1175 421 1227 t.
442 1164 544 1242 11,Ι1.
569 1167 619 1241 31,
636 1163 710 1243 quia
731 1163 857 1242 quande
883 1163 1098 1224 duellumnen
1153 1159 1224 1221 cohi
1251 1166 1431 1238 quaeratur,
1462 1179 1502 1220 an
1536 1169 1728 1241 provecatus
1756 1168 1947 1228 recusaverit

305 1259 352 1316 est
366 1251 535 1329 noterium,
560 1270 622 1313 non
647 1251 817 1312 incurritur
839 1251 974 1328 privatio
997 1249 1099 1327 sepul·
1153 1248 1311 1308 duellum:
1329 1247 1408 1309 Nem
1424 1267 1486 1309 non
1501 1252 1705 1330 approbetur,
1723 1251 1748 1313 si
1764 1258 1947 1333 acceptare-

305 1347 394 1420 turae,
411 1341 470 1400 uisi
484 1343 555 1419 post
577 1339 820 1401 declarationem
844 1338 983 1399 criminis
1005 1356 1024 1397 a
1045 1339 1098 1398 lu·
1153 1335 1204 1411 rit,
1227 1336 1283 1394 sed
1303 1341 1426 1396 tantum
1447 1337 1558 1398 velunt
1578 1339 1670 1414 scire,
1694 1359 1734 1400 an
1757 1341 1948 1404 recusaverit

305 1427 374 1488 dice
397 1428 524 1504 factam,
550 1427 594 1488 uti
621 1431 730 1487 tenent
748 1429 861 1487 bezan.
884 1430 916 1486 et
939 1425 990 1486 alii
1014 1423 1099 1503 apud
1154 1442 1190 1483 ex
1205 1423 1348 1502 ignavia';
1365 1424 1481 1484 sienim
1497 1426 1689 1488 recusaverit
1703 1427 1856 1502 dieensse
1871 1429 1947 1490 nette

306 1516 383 1577 (tob.
408 1515 439 1575 in
464 1513 564 1588 Quint.
583 1523 604 1574 t.
627 1517 658 1591 5,
674 1533 699 1574 e.
723 1517 773 1590 50,
790 1533 820 1574 n.
838 1517 895 1585 t8;
912 1517 1099 1574 tumentem
1153 1511 1252 1571 Deum
1268 1510 1437 1588 offendere,
1460 1529 1518 1572 nec
1536 1529 1628 1592 posse
1647 1531 1706 1592 per
1723 1517 1845 1594 Legem
1864 1522 1948 1578 natu·

306 1608 426 1682 spectat
446 1604 485 1664 ad
506 1604 651 1666 iudicem
674 1619 779 1678 cause,
810 1601 935 1681 quando
963 1601 1018 1660 liet
1041 1619 1099 1678 pu·
1153 1598 1262 1672 ralem,
1275 1597 1647 1678 divinamethumanam,
1660 1602 1800 1682 alioquin
1815 1621 1851 1664 se
1866 1621 1950 1666 eom:

306 1691 398 1753 blica.
416 1691 449 1752 Si
463 1695 569 1752 tamen
583 1691 676 1768 longe
700 1689 824 1750 abesset
843 1687 1029 1764 ordinarius,
1047 1686 1100 1747 dc·
1154 1686 1348 1764 pariturum,
1377 1691 1444 1748 turn
1473 1687 1549 1749 nihil
1578 1687 1668 1750 obest
1694 1690 1880 1752 admissieni
1910 1691 1948 1754 ad

307 1777 432 1838 iunctm
452 1777 582 1838 deberet
605 1777 779 1837 aParoche
800 1775 944 1853 sepeliri;
962 1778 1099 1834 attamen
1154 1774 1242 1834 illum
1263 1773 1431 1852 Ordinem,
1455 1776 1499 1837 eti
1524 1779 1608 1838 recte
1636 1795 1710 1840 cum
1736 1768 1806 1842 alii's
1837 1779 1947 1842 Mende

307 1871 413 1944 posset
426 1863 609 1927 Ordinarius
624 1867 734 1942 postea
746 1863 906 1942 publicato
922 1861 1052 1922 erimine
1067 1859 1099 1920 iu
1153 1863 1214 1942 gt,
1230 1881 1312 1923 num.
1328 1865 1397 1927 318.

307 1971 434 2033 poenam
449 1970 559 2014 curare
574 1952 736 2013 exhumari
752 1970 876 2030 corpus.

240 2050 282 2098 stt
348 2043 428 2120 517.
446 2041 479 2103 Si
493 2041 634 2102 duellans
648 2057 711 2100 non
726 2038 879 2101 morietur
893 2037 924 2097 in
939 2038 1008 2098 loeo
1025 2053 1101 2096 een·
1795 2099 1800 2106 ,

308 2129 420 2206 flictus,
438 2146 501 2191 nen
515 2129 657 2207 privatur
673 2127 844 2205 sepultura,
860 2125 933 2187 licet
947 2123 1101 2185 moriatur
1293 2157 1305 2178 ·
1363 2151 1655 2218 ARTICULUS
1697 2157 1734 2218 H

309 2215 421 2276 eedem
444 2213 496 2276 die
519 2231 557 2274 err
580 2214 709 2274 vulnere
733 2213 765 2274 in
788 2212 934 2274 conflictu
957 2215 1097 2288 accepto,
1737 2201 1745 2218 '

309 2304 383 2384 quia
405 2305 503 2366 verba
525 2302 647 2379 dieunt,
672 2303 700 2363 si
722 2303 755 2362 in
778 2300 918 2380 conflictu
941 2299 1098 2364 meriatur,
1288 2345 1338 2406 Aa
1359 2354 1386 2406 et
1584 2347 1610 2408 l,
1693 2349 1753 2412 ben
1813 2358 1831 2398 9

309 2393 399 2455 Dian.
409 2412 444 2473 p.
461 2395 491 2468 2,
509 2394 557 2469 16,
568 2390 606 2452 R.
623 2394 673 2468 56,
690 2394 722 2452 et
735 2389 807 2463 alii3
824 2389 887 2451 ime
902 2389 927 2449 si
943 2390 1014 2468 pest
1028 2403 1099 2448 een·
1409 2364 1560 2429 qumque
1598 2358 1670 2410 Μ
1752 2371 1818 2414 mn·

308 2481 427 2542 tlictum
442 2481 473 2541 in
488 2480 600 2541 eedem
614 2479 682 2540 lece
697 2479 894 2553 confiteatur,
911 2476 1018 2556 ibique
1033 2490 1100 2534 me-

309 2568 419 2645 riatur,
436 2585 499 2628 nen
514 2567 639 2630 videtur
651 2565 823 2645 privandus
838 2566 1010 2644 sepultura,
1027 2559 1101 2641 quia
1201 2585 1215 2620 n
1238 2567 1329 2645 [tesp.
1347 2563 1466 2626 Bellum
1481 2565 1681 2646 descensivum,
1699 2587 1762 2650 quo
1778 2571 1952 2635 scilicetne
1972 2583 2002 2632 to

310 2674 383 2717 cum
397 2654 570 2718 intercedat
590 2657 714 2732 tempus
735 2671 755 2714 a
772 2653 901 2714 vulnere
919 2652 960 2712 ad
974 2649 1101 2712 Confes-
1154 2651 1271 2734 injusta
1286 2652 1457 2732 repellitur,
1473 2653 1547 2716 licet
1566 2655 1661 2719 etiam
1675 2658 1801 2738 privata
1815 2661 1953 2722 auctori·

311 2745 442 2821 sionem,
455 2760 517 2804 non
531 2743 652 2804 dicetur
661 2741 740 2802 meri
756 2741 788 2800 in
803 2740 948 2802 conflictu
962 2737 1017 2798 sed
1032 2740 1102 2814 pest
1156 2745 1219 2803 tete
1236 2762 1243 2816 3
1270 2741 1440 2820 offensiorem
1462 2759 1559 2818 vero,
1585 2761 1648 2824 quo
1673 2744 1722 2805 vis
1746 2745 1900 2827 infertur,
1923 2751 1953 2810 ut

310 2834 418 2910 illum,
433 2831 544 2892 lumb.
561 2833 625 2891 Nec
644 2830 748 2892 obstat
762 2829 882 2890 Rituale
897 2825 984 2890 Pauli
1000 2827 1037 2900 V,
1055 2823 1102 2884 di·
1156 2828 1258 2904 liceat,
1275 2833 1340 2889 tres
1355 2827 1550 2888 conditiones
1565 2830 1714 2910 requirit:
1733 2835 1762 2893 1.
1773 2835 1816 2896 111
1829 2839 1953 2914 geratur

311 2937 386 2981 cens
396 2919 455 2980 illis
463 2937 530 2980 esse
538 2915 758 2995 denegandam
768 2910 1101 2994 sepulturam,etiamsi
1156 2915 1341 2978 auctoritate
1357 2914 1517 2992 Principis,
1535 2917 1584 2978 vel
1599 2917 1812 2998 Magistratus,
1831 2921 1948 2982 nullum

312 3008 402 3088 signu
415 3005 606 3086 poenitentias
626 3003 779 3065 dederint.
801 3002 881 3065 Nem
894 3002 984 3080 signa
998 3016 1103 3060 mora·
1156 3001 1357 3082 agnoscentis
1373 3001 1585 3082 Superiorem,
1603 3005 1704 3086 qualis
1719 3013 1769 3068 est
1783 3009 1884 3087 Papa,
1900 3009 1952 3070 lm·

312 3096 382 3157 liter
404 3093 509 3155 adhuc
529 3091 561 3152 in
582 3090 729 3152 conflictu
743 3090 809 3150 fleri
824 3091 965 3168 possunt,
982 3085 1103 3147 nonita
1157 3096 1297 3169 perator,
1321 3093 1421 3170 Reges
1437 3095 1468 3150 et
1482 3091 1629 3170 quedam
1645 3092 1862 3174 Respublieee,
1878 3115 1908 3158 v.
1923 3113 1951 3173 g.

312 3179 548 3244 sacramentalis
570 3177 740 3253 Confessio,
767 3193 836 3257 quoe
860 3178 930 3256 plus
952 3171 1103 3252 temperis
1158 3179 1361 3256 Venetorum,
1387 3177 1614 3256 Gennensium,
1636 3183 1696 3241 ete.
1720 3183 1762 3242 Ut
1775 3181 1862 3246 adsit
1872 3183 1954 3264 justa

314 3269 468 3352 requirit:
485 3268 568 3329 unde
589 3267 614 3328 si
636 3264 763 3346 aliquod
785 3269 908 3344 tempus
931 3261 1105 3326 intercedat
1159 3283 1273 3342 eausa,
1299 3283 1399 3345 eaque
1422 3265 1547 3344 gravis,
1573 3285 1603 3327 v.
1629 3285 1660 3346 g.
1687 3270 1862 3334 necessitas
1884 3269 1953 3334 boui

314 3363 346 3421 et
365 3357 507 3419 ducllans
528 3355 618 3434 signa
632 3352 826 3416 contritionis
847 3351 979 3427 dederit,
996 3349 1105 3411 sodex
1160 3353 1333 3413 communis
1358 3356 1389 3415 et
1416 3351 1529 3433 quietis
1553 3355 1797 3434 conservanda,
1824 3375 1954 3439 reeupe-

314 3445 438 3507 defeetu
460 3440 637 3505 Sacerdotis
657 3457 719 3500 non
734 3438 844 3500 fecerit
857 3437 1103 3511 Confessienem,
1159 3440 1238 3501 ratie
1262 3440 1377 3522 injuste
1401 3441 1596 3518 ablutorum,
1614 3442 1760 3504 coercitio
1780 3445 1952 3520 rebellium,

314 3537 405 3614 putat
425 3531 550 3592 Pertell.
575 3529 608 3590 ia
626 3527 714 3608 Resp.
738 3525 816 3587 Mer.
833 3533 855 3588 t.
873 3531 901 3602 1,
912 3545 947 3606 p.
964 3527 994 3600 3,
1011 3543 1036 3586 c.
1054 3527 1102 3598 10,
1161 3529 1301 3591 defensio
1323 3529 1548 3606 innocentium,
1566 3535 1626 3592 etc.
1657 3531 1737 3594 vide
1751 3533 1864 3612 Laym.
1887 3533 1909 3597 1.
1926 3537 1952 3610 t,

211 3655 213 3658 ·
315 3639 406 3702 posse
430 3617 554 3698 sepeliri
577 3616 646 3678 loco
667 3632 768 3691 sacro,
792 3613 867 3694 quia
884 3613 1017 3674 meritur
1035 3614 1106 3689 post
1162 3626 1201 3679 tr.
1218 3621 1248 3694 3,
1272 3635 1298 3678 c.
1320 3621 1369 3694 13,
1395 3623 1426 3678 et
1444 3617 1516 3678 Mel.
1539 3623 1561 3678 t.
1580 3621 1608 3695 1,
1625 3617 1655 3680 d.
1674 3623 1751 3694 let;
1771 3623 1864 3685 Dian.
1877 3641 1911 3706 p.
1926 3625 1953 3696 6,

316 3709 514 3783 conflictum,
540 3721 614 3766 nam
637 3704 789 3778 moritur,
811 3705 979 3781 postquam
1002 3698 1109 3761 elicuit
1163 3714 1184 3768 t.
1201 3709 1232 3783 1,
1249 3705 1287 3767 Ii.
1304 3710 1334 3768 3.
1357 3708 1386 3768 3.
1409 3707 1450 3768 111
1467 3706 1523 3767 fiat
1541 3724 1579 3765 ex
1596 3711 1683 3768 recta
1697 3707 1885 3788 intentione,
1901 3711 1954 3772 hee

317 3796 548 3871 contritionem,
561 3793 642 3853 hanc
657 3795 762 3852 autem
776 3789 882 3851 elicuit
895 3789 990 3850 etism
1004 3804 1110 3848 mors·
1164 3798 1228 3871 est,
1245 3812 1308 3856 non
1323 3813 1360 3854 es
1376 3793 1465 3870 odio,
1482 3792 1538 3853 sed
1553 3811 1590 3853 ex
1605 3811 1712 3854 amore
1727 3793 1802 3856 boni
1819 3813 1954 3858 commn-

317 3887 388 3948 liter
407 3887 479 3964 pest
499 3881 703 3942 conflictum:
726 3895 869 3957 suppono
884 3876 968 3937 enim
981 3874 1109 3956 aliquod
1165 3884 1223 3959 nis,
1247 3899 1428 3964 quanquam
1449 3881 1474 3942 si
1501 3879 1568 3942 lraec
1584 3882 1694 3944 ultima
1707 3883 1775 3944 sele
1790 3884 1883 3963 desit,
1899 3901 1954 3947 nen

317 3979 441 4053 tempus
463 3967 676 4032 intercessisse
691 3967 714 4028 ¹·
738 3970 787 4028 As
801 3969 908 4027 11111111
922 3965 966 4026 sis
981 3965 1112 4025 defuss-
1164 3973 1204 4034 sit
1218 3971 1367 4050 obligatio
1383 3969 1598 4032 restitutionis.
1619 3969 1670 4032 Ito
1684 3975 1877 4035 communiter
1890 3985 1954 4036 cum

319 4065 384 4137 tue,
408 4059 460 4140 qui
480 4055 672 4137 poenitentis.¹
688 4053 778 4133 signa
792 4053 888 4129 dedit,
905 4051 1024 4114 absolvi
1039 4069 1112 4130 pos·
1164 4062 1200 4121 D.
1218 4060 1276 4122 Th.
1293 4079 1322 4139 q.
1339 4061 1373 4120 11
1389 4077 1397 4130 ;
1413 4060 1523 4135 Laym.
1544 4057 1628 4120 Unde
1641 4059 1783 4121 resolues:
1816 4067 1821 4072 '

319 4149 370 4226 sit,
386 4149 442 4208 aut
455 4145 570 4206 debeat
587 4144 628 4203 ab
647 4143 701 4203 illa
714 4140 1047 4215 excommunicatione,
1064 4139 1112 4199 di·
1205 4167 1219 4205 e
1245 4147 1268 4207 1.
1287 4147 1318 4207 Si
1335 4146 1404 4226 quis
1422 4145 1541 4224 justum
1563 4145 1680 4206 bellum
1700 4151 1804 4226 gerat,
1828 4165 1891 4210 nen
1905 4165 1956 4228 po-

320 4239 408 4296 ssiuf
430 4233 497 4294 Lib·
523 4235 552 4308 t,
577 4235 608 4292 ei
628 4228 727 4292 fideii
749 4231 852 4305 1³⁰test
872 4227 938 4289 Dic.
960 4224 1006 4287 Dt
1028 4224 1109 4288 Ceos.
1165 4240 1226 4297 test
1239 4235 1318 4296 alter
1331 4234 1414 4294 licite
1428 4250 1462 4294 se
1477 4233 1644 4296 defendere
1663 4253 1669 4294 :
1687 4235 1763 4316 quia
1777 4237 1865 4298 circa
1879 4251 1955 4298 eam·

321 4321 351 4384 d.
367 4325 397 4399 3,
414 4320 444 4383 d.
461 4323 511 4383 30.
1167 4326 1240 4386 dem
1261 4341 1328 4384 rem
1349 4341 1411 4384 nen
1431 4327 1563 4401 possunt
1584 4323 1647 4384 due
1669 4323 1788 4387 hebere
1803 4324 1955 4388 contraria

252 4434 294 4481 ses
360 4411 379 4491 ἓ
399 4413 447 4472 18·
471 4408 530 4482 0111
552 4410 711 4470 1110111111
733 4405 764 4465 in
786 4405 890 4466 duell⁰
914 4403 1067 4483 sepeliunt
1081 4403 1112 4462 in
1164 4411 1248 4493 jura.
1265 4411 1346 4473 Fieri
1361 4414 1465 4471 tamen
1486 4415 1605 4487 petest,
1622 4417 1657 4471 ut
1671 4415 1786 4474 neutra
1800 4431 1875 4492 pars
1889 4429 1954 4493 peo-

320 4500 389 4562 loce
409 4514 514 4572 sacre,
536 4513 598 4556 nen
617 4492 940 4568 excommunicantur,
957 4491 1031 4571 quia
1045 4491 1115 4551 nul·
1169 4504 1227 4577 nni,
1246 4501 1286 4560 nh
1307 4499 1517 4579 ignorantiam
1537 4499 1761 4562 invincibilem,
1784 4501 1854 4564 Fili,
1872 4511 1894 4564 i,
1909 4502 1953 4576 29,

320 4587 375 4649 libi
398 4584 555 4648 invenitur
577 4585 694 4646 statuta
720 4581 788 4642 hec
815 4599 930 4660 pirena,
957 4581 1056 4640 Banu.
1084 4581 1116 4639 et
1168 4607 1199 4648 η,
1217 4589 1286 4648 185,

322 4675 412 4737 Dian.
429 4691 535 4752 supra.
1209 4699 1223 4735 a
1249 4677 1286 4738 ll.
1303 4677 1440 4736 Tenetur
1459 4675 1535 4752 Rex,
1556 4679 1727 4755 antequam
1745 4675 1867 4739 bellum
1884 4673 1955 4736 inci-

255 4803 298 4851 g,
321 4828 324 4832 ,
362 4764 442 4844 ire.
466 4758 795 4838 deiecissent,
820 4761 903 4818 recte
926 4761 1013 4820 notat
1034 4757 1115 4819 hanc
1170 4764 1246 4844 piat,
1263 4764 1348 4824 omni
1368 4763 1529 4842 diligentie
1549 4782 1679 4840 curare,
1696 4767 1732 4826 ut
1750 4769 1856 4828 certus
1870 4763 1954 4826 sitde

323 4854 390 4915 fore
413 4848 663 4911 efficacissimam
687 4863 743 4925 pre
765 4845 972 4925 impediendis
991 4845 1113 4922 duellis,
1171 4851 1238 4931 ejus
1249 4850 1370 4931 justitie
1380 4853 1411 4911 et
1420 4850 1508 4928 gravi
1523 4869 1635 4912 eausa:
1648 4851 1688 4912 ad
1700 4852 1786 4930 quod
1801 4850 1955 4933 sequentia

323 4939 351 5002 si
372 4939 454 5001 iuter
475 4935 669 5000 conditiones
693 4933 981 5012 promovendorum
1001 4934 1041 4994 sd
1061 4933 1117 4994 nli-
1171 4939 1351 5001 conducunt
1368 4959 1374 4999 ς
1398 4942 1427 5001 i,
1452 4941 1493 5001 Ut
1512 4943 1602 5002 nunni
1623 4939 1741 5000 habene
1760 4957 1824 5002 nnn
1842 4943 1954 5001 inninn

356 5274 367 5321 1
394 5269 446 5323 Sed
467 5269 521 5320 slis
542 5268 575 5318 ds
598 5279 678 5318 cause
706 5265 770 5316 huie
796 5267 936 5318 sententie
959 5267 1119 5320 adversatur
1172 5268 1265 5329 utpote
1276 5274 1336 5328 que
1346 5262 1379 5314 de
1389 5277 1417 5312 se
1426 5264 1483 5327 iam
1497 5261 1670 5326 coniunctum
1685 5261 1769 5312 hebet
1782 5262 1953 5328 privationem

325 5341 432 5394 Stsdler
446 5355 471 5390 a.
487 5339 542 5390 131.
558 5339 626 5388 Nem
640 5337 663 5387 si
678 5347 709 5386 es
724 5335 861 5397 subsistat,
872 5349 927 5386 nen
942 5335 1037 5388 fuisset
1051 5351 1119 5402 opus
1173 5335 1335 5400 sepulture,
1354 5333 1483 5399 quamdiu
1500 5345 1549 5396 per
1565 5333 1767 5383 absolutionem
1785 5333 1889 5384 sublata
1907 5341 1955 5381 uon

326 5413 475 5476 exprimere
486 5411 555 5462 hanc
566 5421 675 5474 poensm
686 5408 714 5457 in
722 5407 915 5459 Ecclesiastieis
924 5407 1043 5471 legibus3
1054 5423 1118 5460 nsrn
1173 5407 1260 5458 tuerit.

327 5481 491 5548 suffecisset,
511 5481 596 5532 selam
614 5479 775 5548 imposuisse
790 5479 1116 5544 excommunicationem,
1203 5470 1345 5526 ²Gonsule
1361 5474 1513 5526 Stadlerum
1527 5471 1558 5524 dc
1572 5471 1659 5524 Duelle
1674 5485 1696 5524 c.
1712 5473 1737 5524 9.
