4086 6348
813 664 866 730 DE
886 659 1026 727 Asruo.

100 844 277 926 audacium,
304 866 341 909 ac
366 842 520 928 ejusmodi
543 848 728 912 delictorum
748 848 893 932 trequen-

101 937 186 1014 tiam,
204 941 358 1016 quantum
373 937 440 998 steri
455 939 581 1016 poterit,
598 939 816 1017 coercendam,
834 959 891 1021 pro

99 1025 273 1105 Apostolici
290 1025 429 1086 muneris
444 1031 549 1088 nostro
564 1025 684 1104 debito,
702 1045 749 1104 ca,
766 1047 836 1106 quae
848 1029 893 1089 in·

99 1114 195 1175 larius
208 1114 458 1193 explicabuntur,
474 1117 640 1178 statuenda
655 1116 849 1177 censuimus.

138 1225 153 1258 u
174 1204 253 1264 Cum
271 1201 377 1283 itaque
398 1201 549 1281 praedicte
569 1203 760 1282 Gregoriana
776 1205 894 1267 Consti·

100 1289 222 1353 tutione
235 1295 362 1350 cautum
377 1289 426 1366 sit,
439 1294 474 1350 ut
486 1289 619 1368 publicis
639 1289 817 1368 lotionibus,
830 1293 894 1354 via·

100 1395 235 1458 mmque
249 1377 489 1457 grassatoribus,
503 1377 555 1458 qui
571 1377 679 1439 itinera
696 1377 894 1459 frequentata

99 1465 150 1532 vel
165 1465 308 1544 publicas
326 1468 440 1528 stratas
459 1466 613 1544 obsident,
635 1471 689 1528 aut
706 1467 842 1540 viatores
857 1487 895 1530 ex

99 1553 223 1616 insidiis
235 1552 473 1633 aggrediuntur,
485 1554 664 1616 immunitas
679 1555 896 1620 Ecclesiastico

99 1641 231 1703 minime
253 1643 460 1722 suffragatum
492 1660 554 1704 non
582 1641 660 1704 levis
687 1649 792 1706 autem
815 1643 896 1704 inter

99 1731 254 1793 Doctores
275 1729 438 1792 emerserit
458 1732 682 1809 controversia,
705 1750 745 1793 an
767 1732 835 1812 quis
858 1750 897 1792 ex

100 1817 195 1880 unico
220 1823 291 1879 actu
318 1818 462 1896 publicus
489 1818 569 1881 latro
595 1825 627 1881 ct
652 1823 812 1899 grassator
835 1811 896 1881 dici

100 1905 212 1987 possit,
224 1907 274 1968 vel
284 1907 388 1987 plures
399 1905 439 1967 ad
451 1906 484 1967 id
494 1907 811 1986 actusrequiranter:
828 1909 897 1968 Non

100 1993 258 2075 ejusmodi
268 1995 513 2056 controversiam
524 1995 670 2056 dirimere
685 1995 894 2072 intendentes,

100 2082 230 2144 unicam
252 2086 374 2144 tantum
393 2083 622 2162 grassationem
643 2083 674 2144 in
689 2083 740 2144 via
758 2083 895 2163 publica,

101 2177 158 2234 ant
171 2171 298 2232 vicinali
308 2171 478 2232 admissam
490 2172 632 2233 sufficere
643 2171 684 2234 ad
695 2171 766 2248 hoc,
780 2176 814 2233 ut
828 2171 898 2252 quis

100 2260 249 2341 publicus
267 2260 347 2321 latro
367 2264 397 2322 ct
418 2264 580 2339 grassator
597 2261 659 2321 dici
673 2260 787 2337 valeat,
809 2259 898 2320 dum·

100 2347 198 2410 modo
217 2351 321 2408 tamen
341 2347 474 2426 grassati
495 2366 589 2424 mors,
612 2352 666 2410 aut
683 2347 898 2410 membrorum

100 2433 258 2496 mutilatio
269 2439 378 2496 secuta
390 2434 494 2508 luerit,
507 2439 615 2498 tenore
630 2435 831 2516 praesentium
846 2434 898 2494 de·

100 2522 230 2584 linimus
245 2525 277 2582 et
290 2519 497 2584 declaramus.

142 2633 157 2668 c
175 2612 308 2690 Insuper
321 2610 361 2671 ab
384 2611 607 2674 Ecclesiasticus
622 2612 830 2675 Immunitatis
843 2611 899 2674 be·

101 2699 216 2762 neficio
238 2699 443 2776 excludimus,
467 2705 561 2781 atqua
585 2703 765 2781 repellimus
787 2706 818 2762 et
841 2719 897 2780 pro

101 2785 249 2864 exclusis,
273 2791 367 2866 atque
386 2788 518 2867 repulsis
541 2787 649 2850 baberi
671 2790 826 2864 volumus,
846 2807 898 2850 nc-

101 2877 182 2938 dum
214 2893 268 2937 eos
300 2877 353 2956 qui
386 2877 568 2955 homicidia,
603 2882 658 2940 aut
689 2877 899 2940 mutilationes

102 2964 321 3026 membrorum
336 2965 367 3025 in
383 2967 540 3043 Ecclesiis,
562 2985 734 3047 carumque
748 2969 899 3028 sumere·

102 3052 159 3114 riis
193 3052 388 3114 committere
417 3053 544 3131 audent,
580 3055 846 3135 quemadmodum
867 3055 899 3116 in

104 3141 533 3220 GregorianaGonstitutionc
543 3143 700 3205 sancitum
709 3146 774 3204 est:
789 3159 900 3204 verum

104 3227 201 3290 ctiam
217 3247 283 3303 eos,
301 3229 354 3309 qui
369 3235 485 3292 stantes
500 3229 532 3290 in
547 3231 698 3308 Ecclesia,
715 3231 764 3292 vel
779 3233 901 3293 Goeme-

102 3317 186 3380 reric
205 3317 395 3380 interficiunt
411 3323 529 3380 stantes
548 3324 635 3381 extra
654 3319 837 3397 Ecclesiam,
850 3318 901 3380 vel

103 3405 339 3483 Goemeterium,
357 3409 412 3466 aut
426 3405 501 3484 ipsis
527 3411 704 3468 membrum
726 3407 871 3470 mutilant
891 3424 898 3466 ε

104 3511 229 3555 necnon
244 3510 308 3570 eos,
330 3493 383 3574 qui
403 3499 520 3556 stantes
539 3503 625 3557 extra
646 3496 830 3572 Ecclesiam,
847 3498 903 3558 aut

105 3583 341 3656 Goemeterium,
372 3582 519 3645 occidunt
541 3589 659 3646 stantes
687 3583 769 3646 iutra
797 3585 901 3646 Eccle-

105 3671 188 3732 siam
204 3671 253 3732 vel
267 3670 499 3746 Goemcterium,
520 3676 575 3733 aut
593 3671 630 3732 iis
644 3673 821 3733 membrum
835 3691 901 3732 mu·

106 3761 202 3824 tilant
213 3779 220 3820 :
232 3777 269 3820 ec
284 3776 339 3821 eos
351 3758 491 3838 tandem,
508 3760 560 3838 qui
577 3760 827 3838 confugientibus
838 3760 902 3820 rim

106 3847 257 3924 inierunt,
278 3851 371 3926 atque
386 3846 471 3926 ipsos
489 3849 529 3908 ab
548 3848 698 3924 Ecclesia,
720 3849 819 3910 aliove
832 3849 901 3910 loco

105 3934 240 3998 immuni
256 3933 408 3997 violenter
422 3935 590 3998 extrahunt
604 3941 635 3996 et
649 3937 820 3999 abducunt.
845 3939 902 3998 Dc-

106 4025 264 4087 clarantes
283 4023 315 4085 in
335 4029 470 4105 quatuor
491 4026 660 4104 praemissis
681 4027 804 4088 casibus
823 4026 902 4106 ejus·

107 4111 195 4173 modi
212 4129 283 4175 reos
303 4129 368 4174 non
391 4112 473 4172 illius
493 4116 615 4175 tantum
633 4113 790 4189 Ecclesiae,
808 4133 903 4194 quam

108 4199 276 4275 violarunt,
292 4199 345 4260 sed
362 4198 578 4281 cujuscunque
595 4200 690 4262 etiam
705 4201 834 4262 alterius
848 4206 903 4265 Ec-

108 4287 213 4350 clesiae
228 4285 423 4349 immunitate
434 4287 572 4369 gaudere
583 4307 785 4370 nequequam
798 4309 901 4370 possa,

106 4375 306 4440 autdebere.

147 4487 164 4522 u
183 4463 231 4524 Ad
253 4462 321 4525 haec
338 4463 369 4524 in
391 4463 520 4524 crimine
541 4463 706 4526 assassinii
729 4482 791 4527 non
810 4467 903 4528 modo

106 4551 336 4629 mandatarios,
354 4551 453 4633 quiin
470 4555 605 4632 ipsamet
620 4554 813 4633 Gregoriana
827 4558 904 4617 Con·

107 4641 257 4705 titutione
277 4644 385 4719 aperte
405 4640 612 4719 excipiuntur,
634 4641 804 4703 sedetiam
818 4659 905 4701 man·

109 4731 236 4808 dantes,
253 4729 305 4810 qui
321 4732 441 4790 certum
454 4730 630 4809 praemium,
647 4733 701 4792 aut
714 4729 903 4806 mercedem,

108 4820 180 4881 sive
194 4818 226 4877 in
238 4816 383 4895 pecunia,
401 4817 466 4878 sive
481 4817 512 4878 in
527 4817 597 4879 aliis
611 4818 705 4879 rebus
719 4817 907 4881 tradiderint

108 4907 169 4969 aut
192 4902 404 4984 promiserint,
437 4903 580 4985 quamvis
606 4905 759 4984 promisso
786 4903 906 4965 nullum

108 4992 260 5056 babuerit
278 4993 434 5068 ellectum,
447 4992 617 5055 dummodo
632 4993 842 5056 assassinium
857 5011 907 5054 rc-

107 5085 183 5165 ipsa
201 5083 357 5162 patratum
374 5079 479 5159 tuerit,
494 5082 536 5144 ab
554 5082 777 5145 Ecclesiasticus
796 5083 907 5144 immu-

109 5170 221 5235 nitatis
245 5170 398 5231 bcneticio
420 5171 625 5248 excludimus,
646 5189 683 5232 ac
697 5189 754 5251 pro
776 5171 907 5234 exclusis

109 5261 266 5340 perpetuo
282 5257 392 5319 baberi
406 5259 551 5320 volumus
566 5264 596 5322 ct
607 5259 805 5322 mandamus.

154 5367 169 5403 u
189 5345 392 5409 Excludimus
419 5347 556 5428 pariter,
586 5348 785 5427 repellimus,
814 5351 908 5430 atque

110 5431 276 5518 privamus
296 5431 438 5516 ejusdem
458 5435 662 5498 immunitatis
681 5437 844 5518 privilegio
864 5436 909 5498 in-

111 5521 304 5588 terficientes
318 5523 497 5602 proximum
514 5543 606 5585 suum
625 5525 729 5587 animo
745 5527 910 5606 praemcdi·

111 5614 194 5688 tatu,
210 5627 247 5671 ac
261 5608 445 5682 deliberato.
471 5611 682 5677 Falsificautes
696 5615 815 5679 litteras
827 5619 909 5696 Apo·

237 5715 273 5780 Τ.
289 5715 327 5780 11.

1680 659 1738 726 ist

947 849 1083 926 stolicas,
1098 847 1255 911 Ministros
1270 847 1382 910 Montis
1395 847 1532 926 Pietatis,
1546 847 1597 909 vel
1610 848 1738 911 alterius

948 939 1069 1001 Publici
1081 935 1211 1014 'I'clonii‚
1229 939 1285 998 aut
1301 937 1398 998 Benci
1412 953 1469 1014 pro
1489 936 1638 1016 depositis
1653 938 1739 999 Prin·

948 1027 1051 1110 cipis:
1074 1027 1329 1107 privatarumque
1353 1041 1559 1104 personarum
1580 1025 1736 1104 destinati,

947 1118 1076 1192 furtum,
1092 1119 1147 1176 aut
1160 1114 1327 1176 falsitatem
1341 1113 1549 1192 impraedictis
1563 1114 1639 1177 locis
1654 1134 1740 1177 com-

948 1205 1116 1278 mittentes,
1141 1201 1230 1282 cujus
1249 1201 1369 1262 ratione
1389 1204 1470 1262 Arca
1493 1202 1676 1278 pecuniaria
1697 1203 1740 1264 ita
1790 1233 1794 1242 ·

948 1292 1119 1366 minuatur,
1136 1294 1170 1351 ut
1184 1307 1285 1368 poenae
1302 1288 1468 1350 ordinariae
1481 1289 1568 1350 locus
1583 1289 1633 1352 sit.
1660 1292 1740 1353 Con-

949 1385 1076 1456 stantes,
1095 1379 1318 1453 adulterantes,
1335 1376 1384 1437 vel
1405 1377 1567 1438 tondentes
1583 1396 1740 1458 quascun-

950 1488 1010 1550 que
1024 1473 1165 1530 monetas
1175 1485 1297 1542 aureas,
1310 1465 1359 1526 vel
1370 1469 1535 1544 argenteas
1545 1466 1639 1528 etiam
1653 1467 1741 1536 Priu-¹

950 1558 1055 1635 cipum
1073 1561 1252 1617 exterorum
1273 1553 1517 1635 quotiescunque
1537 1554 1568 1614 in
1586 1554 1665 1633 loco,
1687 1561 1742 1618 aut

950 1644 1124 1720 Provincia,
1143 1643 1194 1703 ubi
1210 1642 1326 1702 crimen
1342 1641 1526 1717 admittitur,
1538 1641 1740 1714 liberumha-

950 1733 1047 1794 beant
1060 1749 1151 1792 usum
1166 1733 1198 1790 et
1216 1729 1450 1806 commercium,
1467 1729 1517 1791 vel
1536 1730 1618 1809 ipsas
1632 1727 1745 1793 mone·v

951 1827 999 1883 tas
1013 1821 1174 1896 conflatas,
1191 1818 1394 1894 adulteratas,
1417 1823 1471 1880 aut
1485 1818 1631 1880 detonsas
1642 1820 1741 1881 seien-

951 1914 999 1973 ter
1013 1910 1057 1970 ita
1070 1907 1247 1987 expendere
1262 1913 1293 1967 et
1311 1924 1442 1985 erogare
1457 1913 1691 1985 presumentes,
1708 1913 1744 1972 ut

952 1996 1071 2060 fraudis
1090 1995 1216 2072 conscii,
1239 2001 1333 2074 atque
1351 1994 1518 2074 participes
1537 1997 1656 2057 censeri
1671 2015 1744 2076 pos-

953 2088 1040 2148 sint:
1066 2085 1138 2146 Illos
1165 2084 1303 2162 demum,
1334 2083 1386 2164 qui
1412 2084 1470 2144 sub
1495 2083 1620 2147 nominc
1643 2086 1742 2154 Curiae

953 2193 1020 2236 sese
1035 2172 1236 2235 introducunt
1249 2173 1279 2232 in
1295 2172 1372 2232 alias
1382 2171 1492 2233 domos
1507 2172 1611 2234 animo
1626 2172 1744 2236 ibidum

952 2260 1154 2343 perpetrandi
1174 2260 1313 2339 rapinas,
1343 2277 1460 2340 easque
1483 2261 1588 2339 reipsa
1601 2263 1744 2326 commit-

951 2355 1023 2414 tunt
1044 2367 1116 2410 cum
1140 2348 1320 2425 homicidio,
1346 2353 1402 2410 aut
1430 2345 1625 2410 mutilatione
1645 2369 1745 2412 mem-

952 2440 1082 2501 brorum
1115 2437 1246 2518 alicujus
1279 2457 1318 2497 cx
1352 2437 1530 2500 domesticis
1561 2441 1745 2524 earumdem

953 2526 1146 2602 aedium,.vel
1161 2525 1256 2586 etiam
1271 2525 1421 2601 extranei,
1438 2543 1532 2606 quem
1546 2524 1588 2587 ibi
1603 2527 1682 2590 torta
1697 2547 1744 2590 re-

953 2615 1048 2695 periri
1070 2612 1246 2691 contigerit,
1267 2611 1438 2674 dummodo
1459 2613 1674 2694 homicidium,
1694 2618 1745 2679 vel

953 2704 1168 2764 membrorum
1181 2700 1336 2762 mutilatio
1351 2706 1513 2781 sequatur..

993 2813 1007 2849 c
1027 2793 1172 2852 Ceterum
1191 2807 1263 2848 cum
1283 2787 1432 2850 diuturna
1450 2789 1642 2868 experientia
1659 2811 1746 2856 com-

954 2884 1078 2959 pertum
1092 2877 1186 2938 fuerit
1203 2875 1310 2938 Curias
1330 2877 1561 2941 Ecclesiasticas
1576 2879 1607 2941 in
1621 2882 1746 2944 casibus

955 2969 1006 3048 qui
1023 2967 1173 3028 hactenus
1187 2967 1370 3042 creuerunt,
1385 2965 1553 3030 ditsrcultcr
1566 2971 1700 3047 probare
1715 2975 1747 3034 et

954 3058 1182 3135 consequenter
1192 3053 1352 3114 declarare
1365 3055 1502 3132 potuisse
1517 3055 1677 3136 delictum,
1689 3077 1746 3140 pro

955 3163 1016 3225 quo
1032 3143 1101 3223 quis
1113 3142 1153 3203 ad
1164 3141 1337 3202 Ecclesiam
1347 3143 1539 3221 confugerat,
1552 3144 1646 3207 fuisse
1661 3165 1747 3208 com-

955 3231 1145 3312 prehensum
1172 3229 1204 3288 in
1230 3246 1361 3289 numero
1390 3233 1591 3310 exceptorum
1618 3240 1748 3314 propter

955 3321 1074 3382 variam
1089 3317 1270 3380 carumdem
1286 3317 1449 3379 Curiorum
1463 3319 1585 3397 praxim
1599 3327 1630 3381 et
1644 3323 1746 3392 varias

955 3409 1072 3489 pariter
1103 3407 1265 3485 opiniones
1297 3406 1478 3482 Doctorum,
1512 3407 1565 3486 qui
1597 3411 1746 3474 antedicti

957 3496 1097 3576 Gregorii
1120 3493 1364 3556 Praedeccssoris
1386 3499 1524 3556 mentem
1547 3496 1652 3574 quoad
1675 3516 1748 3560 nor·

956 3603 1040 3646 mam
1055 3583 1095 3644 ab
1113 3583 1181 3662 ipso
1200 3580 1427 3660 praescriptam,
1448 3582 1617 3661 recipiendi
1632 3585 1748 3664 proba·

956 3673 1056 3735 tiones
1077 3675 1108 3732 et
1128 3669 1318 3749 procedendi
1340 3669 1380 3730 ad
1400 3669 1625 3733 deierationem
1644 3671 1749 3734 crimi-

957 3780 1032 3822 num
1047 3763 1248 3838 cxceptorum
1263 3757 1460 3838 interpretari
1476 3758 1661 3822 voluerunt:
1678 3762 1749 3823 Sta·

957 3851 1083 3926 tuimus,
1106 3846 1304 3927 precipimus
1322 3852 1353 3908 et
1371 3847 1559 3908 mandamus
1578 3848 1695 3910 nullam
1716 3851 1748 3911 in

958 3940 1018 4000 lroc
1040 3938 1079 3999 de
1100 3941 1203 3998 cetero
1227 3934 1335 3996 heberi
1357 3935 1512 3998 rationem
1532 3936 1748 4018 cujuscunque

957 4024 1220 4106 interpretationis
1243 4023 1384 4104 ejusdem
1409 4024 1608 4104 Gregorianae
1630 4026 1749 4089 Consti·

957 4113 1095 4190 tutionis,
1114 4131 1183 4194 quae
1198 4131 1217 4174 a
1236 4129 1423 4192 quocunque
1437 4115 1571 4174 Doctorc
1584 4114 1747 4194 prodierit,

958 4221 1059 4283 neque
1073 4202 1177 4280 praxis
1196 4219 1215 4261 a
1234 4201 1423 4281 quibuslibet
1441 4203 1551 4279 Curiis,
1570 4203 1750 4266 aut'lribu-

958 4291 1080 4353 nalibus
1099 4289 1242 4366 invectae,
1263 4289 1326 4350 imo
1346 4307 1404 4350 nec
1422 4307 1680 4372 quarumcunque
1695 4292 1751 4353 de·

959 4378 1174 4454 cierationum,
1196 4393 1266 4456 quae
1286 4377 1326 4438 ab
1345 4375 1438 4457 hujus
1453 4377 1552 4439 Alma
1569 4378 1663 4440 Urbis
1677 4399 1751 4442 uos·

958 4473 1014 4530 trae
1028 4465 1259 4542 Tribunelibus,
1275 4465 1340 4527 sive
1359 4466 1454 4527 etiam
1468 4483 1488 4526 a
1501 4467 1752 4547 congregatione

959 4552 1192 4619 venerabilium
1216 4555 1360 4614 Fratrum
1384 4554 1567 4614 Nostrorum
1591 4555 1624 4616 S.
1650 4557 1686 4616 a.
1711 4558 1747 4618 E.

960 4640 1170 4705 Cardinclium
1185 4640 1375 4702 immunitati
1388 4640 1613 4702 Ecclesiasticae
1628 4659 1751 4722 praepo·

960 4732 1090 4792 sitorum
1106 4732 1329 4806 emanaverint,
1351 4733 1504 4809 quatenus
1518 4732 1664 4809 praesenti
1680 4752 1752 4796 nos·

960 4824 1016 4881 trae
1035 4817 1254 4880 constitutioni
1273 4817 1498 4890 adversentur3
1520 4817 1575 4877 scd
1594 4817 1625 4878 in
1644 4835 1751 4880 occur·

960 4907 1100 4969 rentibus
1119 4907 1242 4967 casibus
1265 4923 1408 4967 normam
1432 4905 1483 4966 hic
1505 4925 1523 4966 e
1546 4905 1642 4967 Nobis
1655 4925 1753 4986 praes-

962 4992 1424 5056 cribranduminviolabiliterab
1434 4993 1579 5054 omnibus
1591 4992 1751 5055 observari

962 5083 1104 5146 volumus
1120 5089 1150 5143 at
1164 5082 1331 5143 sancimus.

1002 5193 1016 5228 c
1036 5170 1287 5251 Quotiescunque
1308 5169 1403 5249 igitur
1423 5169 1516 5232 Curia
1535 5169 1753 5234 Ecclesiastico

963 5260 1094 5322 aCuria
1116 5259 1262 5321 Saeculari
1286 5257 1381 5320 fucrit
1400 5255 1560 5338 requisita,
1583 5263 1617 5320 ut
1636 5259 1752 5323 laicum

963 5348 1098 5429 aliquem
1113 5347 1346 5428 delinquentem
1361 5346 1458 5409 eloco
1472 5346 1603 5407 immuni
1617 5345 1750 5425 extrahi,

964 5455 1001 5498 ac
1019 5437 1061 5498 illi
1085 5435 1263 5515 consignari
1287 5435 1390 5512 faeiat,
1416 5451 1515 5514 eaque
1540 5452 1635 5513 super
1648 5433 1753 5496 delicti

964 5527 1084 5606 excepti
1099 5527 1259 5606 qualitate,
1271 5543 1308 5586 ac
1322 5541 1464 5604 persona
1479 5523 1623 5586 reiterata
1636 5521 1753 5584 submi·

965 5613 1111 5693 nistrata,
1136 5616 1185 5679 rel
1209 5612 1361 5698 aequisita
1384 5611 1453 5677 sint.
1468 5609 1593 5690 indicia,
1619 5611 1753 5692 quaed

1592 5719 1630 5787 tr
