4056 6344
312 524 377 604 sao

319 746 382 792 nou
406 727 510 808 perdit
537 728 734 809 beneficium,
765 735 896 810 propter
922 729 1106 806 clausulam,

315 833 372 878 aon
395 817 497 878 aliter.
522 821 552 879 t.
571 817 753 898 Requiritur
775 835 945 880 consensus
970 817 1107 894 Patroni,

315 905 365 966 tet
379 905 571 980 Electorum,
589 908 682 984 prout
696 907 886 967 Beneficium
902 909 949 968 est
963 909 1111 984 patrone-

315 998 393 1072 tum,
410 993 460 1054 vel
480 993 660 1054 electivum.
677 997 706 1056 8.
725 994 755 1058 Si
776 995 939 1075 resignans
964 994 1002 1056 sit
1025 994 1111 1054 intir-

316 1099 396 1160 muS,
413 1086 448 1144 ut
469 1100 489 1143 a
511 1082 721 1162 resignatione
748 1085 930 1164 supervivat
955 1085 994 1145 Pb
1017 1083 1107 1144 dics:

317 1169 393 1231 alias
418 1169 500 1231 enim
524 1189 580 1248 per
603 1171 722 1233 obitum
741 1191 855 1234 vacare
870 1173 1057 1234 censebitur.
1077 1175 1107 1233 9.

317 1261 358 1322 Ut
367 1259 392 1320 si
408 1259 576 1340 resignatio
589 1259 644 1320 liat
657 1259 687 1320 in
703 1260 797 1322 Curia
812 1263 964 1340 Romana,
981 1261 1064 1322 intra
1077 1263 1108 1336 6,

316 1365 440 1408 menses
454 1365 473 1408 a
487 1347 713 1426 supplicatione
739 1350 844 1411 oblata
866 1350 1107 1430 computandos,

317 1431 348 1495 in
363 1436 431 1496 loeo
446 1435 589 1496 beneficii
606 1435 783 1514 publicetur
800 1458 806 1500 :
824 1439 872 1498 sin
896 1443 1002 1500 autem
1024 1441 1112 1498 extra

318 1524 456 1600 Curiam,
474 1525 557 1586 intra
570 1541 711 1585 mensem
728 1545 735 1588 :
752 1526 891 1608 alioquin
906 1527 931 1588 si
952 1526 1112 1605 contingat

318 1612 531 1690 resignantem
545 1612 636 1689 mori,
649 1617 818 1694 antequam
829 1615 1053 1695 resignatarius
1063 1633 1112 1675 ce·

318 1700 399 1780 perit
416 1701 656 1780 possessionem,
685 1705 877 1766 Beneficium
906 1723 963 1784 per
990 1703 1112 1766 obitum

318 1807 432 1850 vacare
447 1788 624 1850 censebitur
638 1791 737 1868 Lesa,
755 1797 785 1854 ei
799 1796 925 1872 haym,
943 1811 969 1856 e.
986 1795 1035 1854 ιι.

358 1901 372 1936 ιι
392 1879 486 1958 Resp.
503 1877 555 1939 ill.
573 1880 765 1942 Permutatio
786 1881 1024 1958 Beneficiorum,
1042 1897 1112 1960 quae

320 1971 367 2029 est
382 1967 526 2048 quaedam
541 1966 661 2046 species
685 1969 903 2031 conditionalis
926 1968 1114 2049 resignatio·

320 2055 379 2132 nis,
396 2056 441 2132 ut,
458 2072 529 2116 cum
545 2055 607 2116 duo
622 2054 815 2134 beneficiati,
832 2075 930 2118 unum
948 2057 998 2118 vel
1021 2058 1113 2136 plura

321 2163 378 2206 sua
392 2143 547 2206 beneficia
561 2145 705 2206 Pontifici
720 2165 783 2208 non
803 2152 972 2223 reservata,
993 2147 1024 2208 in
1045 2163 1113 2206 ma-

320 2250 379 2292 nus
394 2229 561 2308 Ordinarii‚
583 2233 751 2294 alteriusve
775 2233 952 2314 Episcopali
977 2233 1113 2296 auctori-

320 2323 383 2381 tate
398 2319 532 2398 prediti,
550 2321 811 2400 resignantem
830 2321 1021 2399 conditione,
1038 2326 1073 2384 ut
1087 2321 1113 2382 is

320 2411 430 2488 postea
444 2408 580 2470 vicissim
595 2407 684 2470 alteri
700 2409 830 2472 alterius
844 2411 1114 2472 beneficiumcon·

320 2498 423 2560 ferat.
388 2497 529 2571 Quod·
544 2497 734 2579 quandoque
758 2498 931 2578 Episcopus
951 2499 1112 2562 instituere

320 2605 361 2688 po
363 2589 433 2664 test,
450 2587 475 2647 si
491 2586 659 2648 necessitas
673 2587 717 2648 itu
733 2587 856 2666 exigat3
874 2588 992 2650 vocatis
1006 2591 1113 2649 tamen

321 2675 370 2752 iia,
387 2694 520 2756 quorum
535 2675 674 2752 interest
691 2675 810 2737 scilicet
823 2678 881 2738 Pa
868 2681 1014 2755 rono
1007 2677 1114 2739 t-Gol

319 2764 365 2826 let
353 2767 419 2826 tore
435 2763 589 2826 interiore
602 2763 651 2825 Ad
666 2723 817 2826 lranct
762 2769 817 2826 aut
819 2782 867 2826 em
883 2765 989 2828 omnia
1011 2765 1114 2846 requi·

322 2856 443 2930 ruutur,
460 2870 531 2932 ques
545 2851 585 2912 ad
601 2851 866 2932 resignationem'
859 2873 890 2913 m
904 2853 1055 2916 favorem.
1072 2855 1111 2916 V.

287 3011 291 3020 ,
321 2943 422 3017 Less,
438 2939 468 3001 d.
483 2943 521 3002 35
536 2948 563 3002 et
577 2943 634 3014 36;
650 2943 773 3020 hayna,
790 2960 814 3004 c.
832 2945 884 3016 lr;
900 2943 993 3022 Bon,
1018 2941 1054 3004 de
1075 2942 1114 3003 si-

322 3049 400 3090 mon.
417 3028 447 3090 d.
465 3033 493 3106 ι,
509 3049 539 3112 q.
555 3033 586 3106 4,
601 3029 674 3110 §it

368 3139 383 3176 ιι
397 3117 512 3194 (iaceres
526 3120 549 3180 l.
566 3121 614 3180 An
629 3118 721 3180 licitae
736 3119 798 3184 sint
807 3121 1051 3200 permutationes
1065 3141 1115 3186 co·

323 3226 392 3268 ram
419 3205 602 3284 OrdinarliS,
632 3206 663 3267 in
687 3208 846 3270 mensibus
871 3211 1036 3273 reservatis
1058 3231 1116 3292 per

324 3293 520 3360 Concordata
555 3295 750 3358 Germania?
783 3297 870 3380 Resp.
908 3299 1113 3379 Ailirmativo,

325 3383 399 3466 quia
413 3403 470 3464 per
491 3383 735 3445 reservationem
758 3387 1036 3466 concordatorum,
1053 3409 1113 3451 non

972 540 1089 606 tluua
1111 541 1308 616 QUARTUS.

1165 729 1261 810 idque
1291 729 1482 806 auctoritate
1505 727 1602 790 solius
1630 729 1742 808 Papa,
1764 731 1861 807 Less,
1884 729 1904 791 1.
1928 749 1951 790 c.

1165 819 1243 879 Bon.
1269 835 1351 880 oum.
1370 821 1417 880 ιι.

1204 929 1218 966 ιι
1241 905 1359 981 Quoeres
1372 907 1426 969 lli.
1453 907 1502 967 An
1526 903 1611 967 licite
1633 909 1830 985 permutetur
1843 905 1955 967 benefi-

1165 995 1249 1057 cium
1265 996 1324 1056 hac
1338 997 1419 1075 lege,
1437 1001 1471 1056 ut
1486 1013 1630 1074 expensae
1646 994 1720 1073 litis,
1737 996 1787 1056 vol
1801 995 1953 1058 Bullarum

1164 1083 1374 1147 refundantur
1388 1079 1446 1164 per
1459 1083 1683 1163 recipientem?

1207 1195 1221 1230 ιι
1241 1171 1326 1254 Itesp.
1343 1171 1450 1235 videri
1465 1171 1730 1251 permutationem
1744 1169 1953 1246 simoniacam,

1165 1261 1190 1321 si
1207 1260 1357 1340 impensae
1375 1260 1436 1322 sint
1450 1277 1547 1321 causa
1569 1259 1737 1338 impulsiva
1758 1261 1955 1340 permutatio·

1166 1348 1225 1426 nis,
1252 1349 1318 1409 sine
1342 1367 1406 1430 qua
1426 1353 1514 1410 actus
1538 1365 1600 1410 non
1616 1348 1711 1410 fuerit
1725 1349 1860 1411 futurus.
1877 1349 1955 1411 idem

1166 1437 1205 1498 de
1220 1437 1315 1500 simili
1330 1437 1541 1518 resignatione
1557 1437 1761 1499 affirmarem.
1774 1439 1813 1502 V.
1829 1439 1952 1516 bess.‚t.

1166 1546 1191 1589 c.
1209 1527 1286 1589 Bnn.
1304 1547 1335 1589 a.
1351 1531 1381 1590 9.

1436 1829 1691 1892 ΑιιιιιιΝΙιΑ.

1210 2049 1316 2127 (latest.
1335 2053 1403 2114 1³0.
1415 2087 1456 2098 -
1469 2049 1550 2128 Quid
1561 2052 1640 2114 circo
1653 2053 1838 2116 vocatiouem
1852 2053 1955 2136 Benefi·
1975 2071 2003 2115 ss

1167 2143 1276 2204 ciorum
1290 2139 1525 2202 sitoddendam?
1536 2143 1629 2222 ltesp.
1648 2143 1745 2223 Seqq.
1761 2144 1781 2222 ἓ
1795 2147 1825 2206 t.
1843 2145 1956 2206 benefi-

1167 2231 1251 2292 cium
1266 2246 1379 2290 vacare
1393 2233 1506 2308 potest.
1519 2233 1548 2290 t.
1565 2231 1611 2290 De
1621 2228 1693 2310 jure
1706 2236 1847 2310 tantum,
1860 2232 1956 2312 siquis

1168 2318 1284 2380 haheat
1307 2317 1389 2378 illius
1416 2318 1657 2396 possessionem,
1683 2319 1740 2380 sed
1763 2337 1857 2381 nemo
1868 2321 1917 2401 jus
1929 2319 1955 2380 in

1168 2422 1217 2483 eo,
1234 2405 1278 2466 uti
1294 2405 1320 2466 si
1335 2404 1433 2466 Titius
1458 2405 1498 2466 oh
1513 2405 1644 2483 crimen,
1660 2407 1711 2468 vel
1735 2410 1955 2487 possessiouem

1168 2493 1297 2556 alterius
1311 2494 1554 2573 incompatibilis
1569 2495 1609 2556 sit
1624 2499 1697 2557 actu
1722 2497 1881 2559 heneiicio
1903 2497 1956 2577 pri-

1168 2587 1221 2645 vat
1225 2599 1270 2660 os,
1297 2581 1386 2663 cujus
1412 2587 1520 2644 tamen
1548 2585 1737 2662 possessioni
1762 2586 1896 2648 insistet.
1919 2589 1955 2647 lie

1167 2673 1250 2734 facto
1266 2677 1401 2749 tantum,
1420 2671 1445 2732 si
1462 2671 1533 2752 quis
1548 2672 1664 2736 habeat
1675 2673 1728 2754 jus
1747 2675 1779 2736 in
1795 2675 1953 2751 beneficio,

1169 2762 1224 2823 sed
1246 2777 1338 2821 uerno
1361 2762 1604 2840 possessionem,
1621 2762 1664 2824 uti
1680 2763 1705 2824 si
1726 2765 1830 2825 'fitius
1853 2764 1956 2825 habeat

1169 2849 1268 2913 solam
1292 2848 1501 2911 collationem.
1518 2853 1547 2913 3.
1578 2851 1623 2912 De
1634 2851 1717 2932 jure,
1735 2857 1767 2914 et
1780 2853 1821 2914 de
1833 2853 1920 2930 iacto,
1934 2853 1956 2914 si

1169 2957 1262 3000 nemo
1277 2937 1433 3001 habeatin
1447 2957 1495 3015 eo,
1508 2945 1562 3001 aut
1572 2939 1641 3022 jus,
1657 2941 1954 3020 eutpossessioocm,

1169 3026 1955 3112 utititboueticiatomortuo,ethaeoutraquevecatio

1169 3116 1255 3178 vonit
1274 3117 1481 3178 communiter
1495 3116 1622 3178 nomine
1641 3119 1836 3194 ιιιοιιιίοιιιες
1852 3125 1956 3200 potest-

1171 3221 1232 3285 que
1252 3204 1337 3266 idem
1352 3203 1541 3266 beneficium
1561 3223 1674 3267 vacare
1690 3207 1814 3288 dejure
1835 3227 1891 3288 per
1902 3208 1956 3270 obi

1169 3299 1237 3358 tum
1252 3293 1353 3370 unius,
1367 3297 1397 3355 et
1410 3292 1449 3354 de
1461 3293 1548 3356 tacto
1564 3312 1622 3374 per
1636 3294 1758 3358 obitum
1773 3297 1955 3372 attenuasti

1171 3383 1326 3463 colligitur
1341 3399 1378 3442 ex
1392 3380 1493 3456 dictis;
1511 3381 1639 3444 Beseda
1651 3382 1783 3448 Ececut
1801 3385 1851 3447 aa.
1867 3385 1954 3468 Apost.

324 3491 469 3535 censetur
483 3473 573 3536 Pont
575 3473 628 3534 fex
641 3474 776 3536 voluisse
795 3475 1006 3540 conditionem
1026 3479 1117 3540 Ordi-
1165 3490 1236 3553 por.
1254 3475 1267 3533 t
1275 3489 1364 3552 ,.cup
1381 3475 1411 3547 6,
1427 3489 1547 3532 onum.
1564 3475 1632 3535 208.
1659 3473 1739 3536 Vide
1763 3473 1862 3535 etiam
1875 3477 1953 3537 beor.

324 3562 485 3628 uariorum
501 3561 992 3628 Germaniaedetorioremiaeere
996 3586 1116 3668 q,uem
1165 3563 1246 3641 ρ.3,
1277 3561 1425 3659 quercet,
1453 3558 1506 3639 qui
1525 3577 1545 3620 a
1567 3569 1670 3642 quaest.
1691 3565 1721 3640 t,
1747 3563 1879 3642 exponit
1902 3564 1955 3624 viar

323 3649 551 3730 Episcoporum
572 3654 659 3712 extra
682 3651 893 3730 Germaniam,
916 3671 1024 3715 coram
1047 3654 1117 3735 qui-

324 3738 384 3802 bus
397 3737 429 3800 id
444 3737 714 3817 simplicitert
639 3739 714 3802 licet
717 3785 724 3802 .

364 3851 379 3888 ιι
400 3825 525 3904 onore.
558 3827 596 3890 ll.
612 3830 662 3890 An
679 3827 798 3890 licitum
814 3829 854 3891 sit
869 3835 1048 3909 permutare
1063 3831 1116 3894 he·

326 3917 440 3980 noticia
454 3922 655 3998 compensata
669 3917 828 3982 fruetuum
843 3919 1032 4000 aequalitate.

364 4029 379 4064 ιι
404 4003 491 4087 Resp.
508 4005 532 4065 1.
550 4005 618 4068 Non
633 4005 739 4083 licere,
756 4005 781 4066 si
800 4005 992 4069 beneficium
1010 4009 1117 4090 copio-

326 4093 402 4171 sius,
434 4111 496 4155 non
523 4094 676 4174 separatis
704 4093 941 4174 providentibus
966 4115 986 4157 a
1012 4097 1113 4178 titulo,

326 4186 522 4264 permutetur
535 4201 608 4244 cum
622 4184 718 4248 tenui.
737 4183 826 4248 Ratio
843 4187 899 4260 est,
917 4184 991 4264 quia
1011 4206 1117 4250 exces-

326 4289 380 4332 sus
401 4269 465 4346 ifle,
491 4288 527 4332 eo
547 4270 627 4349 ipso,
653 4290 715 4352 quo
739 4277 847 4332 manet
860 4291 1000 4336 annexus
1013 4275 1114 4378 titulo,

328 4367 374 4421 est
388 4357 474 4420 debit
462 4361 511 4419 tus
534 4358 571 4422 tit
573 4359 634 4436 ulo,
660 4360 793 4440 ideoque
814 4377 871 4439 pro
892 4378 928 4422 eo
944 4362 1020 4425 nihil
1035 4366 1118 4448 exigi

325 4451 441 4530 potest,
456 4445 531 4527 quin
546 4448 640 4510 etiam
653 4449 796 4529 exigatur
809 4469 865 4531 pro
880 4451 981 4513 titulo.

366 4561 381 4596 ιι
401 4532 487 4616 Resp.
503 4537 540 4600 ll
557 4536 652 4599 Posse
668 4539 731 4616 peti
750 4539 1049 4618 compensationem,
1076 4529 1118 4604 ob

328 4621 506 4705 hujusmodi
520 4627 793 4705 permutationem,
803 4647 823 4688 a
835 4629 916 4690 Pont
903 4627 987 4690 tceiti
998 4648 1054 4708 pro
1070 4630 1118 4691 in-

329 4713 493 4775 commodo
516 4716 692 4794 temporali,
719 4716 804 4796 quod
828 4717 871 4778 ait
859 4721 908 4778 ter
931 4718 1025 4794 subit,
1003 4723 1117 4799 t-spo

327 4801 433 4864 liando
461 4821 494 4862 se
516 4805 721 4883 proventibus
743 4825 790 4866 sur
783 4805 966 4880 'heneficii;
983 4807 1117 4890 ideoque

327 4889 399 4953 telis
413 4891 626 4971 compensatio
650 4911 712 4954 non
738 4899 785 4956 est
809 4893 1115 4974 pretiumbsneiicii,

1170 3647 1294 3710 termini
1314 3643 1406 3723 iilius,
1427 3665 1541 3710 cocere.

1210 3738 1271 3817 ξι
1297 3738 1364 3796 Duo
1389 3735 1559 3798 universim
1583 3739 1757 3801 suntmodi
1780 3739 1953 3817 vacationis,
1970 3756 1995 3800 ιι

1171 3844 1284 3904 nempe
1298 3824 1450 3886 naturalis
1465 3843 1560 3905 quem
1574 3825 1694 3889 inducit
1705 3833 1820 3890 natura
1833 3830 1900 3910 ipsa
1910 3847 1955 3909 per

1171 3919 1304 3978 mortem
1326 3913 1516 3992 maeticiati,
1533 3919 1564 3978 et
1584 3915 1695 3993 civilis,
1709 3917 1737 3979 si
1761 3917 1954 3981 beneficiatos

1171 4003 1318 4079 dimittat,
1343 4003 1393 4062 vel
1416 4003 1603 4065 excludatur
1625 4023 1645 4066 a
1670 4005 1858 4070 beneficio:
1882 4010 1955 4088 prior

1171 4091 1292 4156 vacatio
1318 4094 1450 4152 vocetur
1472 4091 1640 4156 decessus:
1657 4096 1825 4174 posterior,
1849 4117 1952 4168 cemus

1171 4182 1264 4243 bear.
1286 4187 1389 4261 quast.
1408 4183 1438 4258 3,
1456 4181 1510 4263 qui
1532 4190 1635 4263 quast.
1659 4185 1714 4260 3ι,
1740 4190 1831 4250 notat
1852 4185 1954 4248 similes

1171 4269 1350 4331 vacationes
1386 4270 1481 4330 etiam
1507 4271 1614 4352 aliqua
1641 4272 1763 4334 ratione
1799 4271 1953 4336 convenire
2015 4293 2016 4334 ι

1171 4355 1952 4444 beneflciismanualibus.Videeumdemquesctt.

1171 4447 1216 4510 De
1231 4449 1334 4508 cetero
1348 4446 1498 4526 speciales
1513 4447 1610 4526 modi,
1628 4449 1742 4530 quibus
1761 4469 1876 4516 vacare
1895 4469 1954 4532 pus

1172 4537 1212 4598 sit
1224 4534 1425 4614 beneficium,
1442 4544 1515 4599 sunt
1542 4539 1680 4616 plurimi,
1698 4557 1835 4622 quorum
1848 4541 1953 4604 t8i11se

1173 4629 1338 4686 enumerat
1359 4625 1454 4687 Barb.
1478 4625 1515 4687 de
1534 4635 1638 4708 potest.
1656 4625 1758 4708 Epioe.
1776 4627 1870 4711 alleg.
1882 4633 1953 4705 6ι,ι

1172 4717 1336 4776 aum.199.

1212 4804 1273 4882 53.
1297 4803 1491 4866 Beneficium
1519 4809 1667 4867 censetur
1689 4823 1806 4868 vacare
1823 4805 1856 4868 ia
1883 4806 1950 4880 loco,
1969 4817 1993 4865 ιιι

1172 4894 1203 4956 in
1219 4909 1281 4974 quo
1297 4892 1366 4972 quis
1381 4893 1525 4968 moritum
1537 4894 1589 4975 jus
1604 4895 1688 4956 euim
1703 4896 1888 4960 adherebat
1896 4915 1952 4976 per·

328 4983 383 5040 aut
397 4983 605 5057 proventuum
620 4998 824 5060 annexorum,
841 4983 897 5044 scd
917 4983 1032 5046 condit
1012 4989 1067 5063 tro,
1083 4991 1118 5049 ιιι
1170 4999 1276 5044 sonae:
1300 4999 1375 5061 ergo
1398 4982 1443 5043 ibi
1470 4982 1595 5059 desinit,
1619 4983 1671 5045 ubi
1700 5002 1848 5064 perseum
1874 4983 1948 5049 lmol.

301 5105 305 5126 ,
329 5086 362 5132 se
377 5067 556 5128 indemnem
572 5073 685 5148 servet,
701 5069 767 5132 siue
783 5090 845 5154 que
859 5071 1037 5134 conditione
1053 5074 1118 5135 nol-

328 5157 372 5220 let-
385 5175 418 5218 se
429 5156 574 5235 spoliare.

369 5267 383 5302 ιι
398 5243 483 5326 Resp.
492 5247 544 5308 lli.
560 5249 638 5309 tura
652 5254 862 5328 proventuum
870 5269 961 5330 posse
976 5253 1117 5332 separari

1173 5073 1267 5134 Gonz.
1293 5074 1373 5135 butt.
1400 5071 1432 5135 Si
1458 5073 1637 5136 obtineatur
1661 5073 1853 5136 beneficium
1879 5072 1950 5135 alind

1172 5161 1435 5242 incompossibile,
1445 5161 1487 5223 ibi
1502 5167 1594 5224 vacat
1608 5163 1758 5242 primum,
1773 5164 1829 5226 ubi
1843 5161 1950 5242 capitur

1172 5250 1326 5332 possessio
1341 5251 1482 5324 ιιιιιιιιιιιις
1498 5251 1590 5315 Vitul.
1616 5253 1743 5316 Cardia.
1761 5254 1849 5316 lmol.
1867 5255 1945 5314 Gora

330 5333 634 5414 atitulis,etpr1mo
652 5335 752 5398 nudos
774 5337 892 5416 titulos,
919 5339 1117 5404 deindealio
1171 5339 1292 5421 aucep.
1308 5343 1338 5417 8,
1354 5339 1396 5421 pt.
1414 5343 1463 5402 ιιι.
1478 5342 1505 5420 5.
1521 5345 1550 5402 3.
1565 5361 1646 5404 nom.
1657 5346 1706 5405 ιιι.
1724 5343 1758 5404 Si
1776 5341 1947 5406 bcuetieion

330 5423 575 5503 contrectujure
585 5431 792 5505 proventuum
795 5431 922 5508 ,utpote
933 5429 1118 5508 temporalia

329 5511 512 5598 permutari,
529 5517 732 5597 compensato
752 5532 881 5580 excessu
899 5518 1114 5600 opulentioris,

1172 5430 1285 5530 ριιιιιιι
1287 5447 1324 5488 ur
1351 5434 1481 5508 propter
1506 5430 1624 5493 factum
1653 5432 1848 5512 negativum,
1869 5449 1897 5492 ι
1920 5447 1943 5508 g.

1173 5519 1247 5603 quia
1268 5517 1337 5601 quis
1352 5519 1433 5584 inter
1444 5539 1571 5584 annum
1585 5539 1648 5586 nou
1664 5527 1711 5587 est
1731 5515 1944 5605 promouere
