4166 6346
358 567 555 652 ror,

348 779 363 818 ιι
388 755 466 818 tima
480 771 588 834 causa,
605 758 636 818 et
650 755 690 816 de
705 753 867 836 utriusque
881 753 993 818 Medici
1006 755 1147 833 consilio,

356 867 371 904 ι
389 841 596 906 multitudinis
616 861 703 915 vero,
720 841 820 920 ,veluti
842 843 973 922 Populo,
990 847 1045 906 aut
1068 845 1151 906 Civi-

356 932 467 1010 ntati,
496 935 551 994 aut
578 933 667 995 Genti
695 931 967 993 indiscriminatim
999 933 1148 1012 integrae,

357 1043 371 1080 ιι
390 1021 512 1082 nonnisi
527 1020 715 1100 gravissima
728 1026 759 1082 et
769 1024 900 1100 urgente
911 1021 1106 1098 necessitate,
1120 1025 1152 1084 et

357 1131 372 1168 ιι
390 1107 421 1170 in
436 1108 558 1170 casibus
572 1127 629 1189 per
644 1110 741 1171 Sacra
755 1110 917 1171 Canonum
933 1112 1057 1171 Statutc
1070 1127 1152 1188 prac-

357 1220 372 1256 n
390 1196 523 1276 scriptis,
540 1215 612 1258 cum
626 1197 733 1258 debita
747 1196 933 1275 Apostolicae
944 1196 1037 1276 hujus
1053 1199 1152 1259 Sanc-

357 1307 371 1344 n
389 1289 429 1346 te
445 1284 536 1347 Sedis
550 1286 760 1346 reverentias
783 1283 1052 1364 Quadragesimali
1066 1284 1151 1364 Jeju-

357 1397 372 1434 n
390 1372 442 1434 nio
457 1373 734 1453 dispensationem,
751 1373 843 1434 toties
858 1373 981 1452 quoties
992 1391 1070 1450 opus
1086 1372 1152 1433 fuc-

357 1482 372 1519 ιι
390 1460 441 1538 rit,
458 1461 704 1539 concedendam,
722 1479 780 1522 nec
795 1460 945 1522 audacter
954 1461 1150 1541 fidenterque

357 1571 372 1608 ιι
392 1549 622 1629 usurpandam,
640 1567 698 1610 nec
712 1549 846 1628 superbe
861 1551 893 1610 et
910 1552 1096 1627 arroganter
1110 1545 1150 1607 ab

357 1658 372 1695 ι
390 1637 546 1716 Ecclesia,
571 1637 652 1700 sicut
670 1637 743 1699 alibi
762 1637 794 1698 in
813 1655 900 1700 more
922 1637 1059 1717 positum
1082 1653 1151 1696 csso

357 1746 372 1784 ιι
391 1725 573 1806 accipimus,
590 1745 658 1788 esse
673 1727 906 1806 postulandam.
919 1749 934 1786 ιι

402 1816 527 1876 «Porro
546 1816 608 1875 Nos
629 1813 712 1875 hanc
735 1831 878 1875 normam
901 1812 1001 1875 secuti
1022 1831 1148 1890 sumus,

358 1920 430 1966 cum
444 1901 676 1963 multitudinem
691 1902 786 1963 veluti
801 1902 956 1982 Populum
970 1904 1025 1962 aut
1038 1899 1151 1962 Civita-

358 1993 422 2052 tem
436 1988 591 2068 iutegram
606 1989 875 2070 Quadregesimali
890 1988 1079 2052 abstinentia
1093 1987 1153 2046 im·

358 2097 486 2142 munem
500 2077 739 2142 declaravimus.
760 2080 795 2140 ln
816 2079 926 2158 primis
941 2079 1000 2140 loci
1024 2077 1152 2156 Episco-

358 2184 419 2246 pus
432 2165 464 2227 id
478 2167 636 2246 postulare
650 2185 670 2228 a
685 2167 781 2229 Nobis
796 2166 965 2245 debuitne
981 2166 1020 2227 de
1033 2164 1152 2245 gravis-

359 2253 439 2314 sima
466 2253 652 2334 argentique
681 2253 865 2316 necessitate
893 2271 985 2316 suum
1013 2253 1153 2315 testimo·

359 2340 445 2402 nium
460 2340 669 2420 interponere.
687 2341 806 2404 Deinde
820 2360 931 2404 carnes
941 2341 1069 2402 minime
1081 2359 1154 2419 per·

358 2426 462 2490 missae
482 2428 619 2506 fuerunt,
637 2428 662 2490 si
676 2427 765 2490 lactis
783 2433 816 2491 et
829 2447 961 2490 ovorum
984 2447 1059 2488 usus
1078 2427 1153 2488 satis

359 2532 427 2576 esse
441 2514 613 2577 videretur.
629 2518 710 2577 Tum
724 2533 798 2577 vero
813 2516 946 2578 facultas
959 2515 1073 2576 edendi
1084 2532 1154 2574 car-

359 2620 417 2670 nes,
437 2601 532 2664 tn'bui
560 2602 662 2664 solum
690 2603 852 2665 consuevit
873 2621 945 2664 cum
971 2600 1153 2681 interposito

360 2691 508 2771 Episcopi
534 2690 714 2754 testimonio
737 2691 769 2751 id
793 2691 920 2753 omniuo
942 2690 1154 2751 necessarium

356 2779 571 2860 judicaretur;
594 2797 653 2841 nec
675 2779 833 2842 sufficiens
856 2779 1034 2842 necessitati
1053 2797 1155 2839 reme-

360 2867 448 2930 dium
462 2867 566 2929 atlerri
581 2873 750 2946 constaret,
766 2870 793 2929 si
816 2887 876 2931 ova
898 2869 999 2930 solum
1019 2872 1052 2929 et
1068 2867 1155 2929 lacti·

360 2955 443 3020 cinia
457 2955 715 3019 concederentur.
732 2957 860 3030 Quoties
875 2961 981 3019 autem
995 2955 1154 3017 abstinen-

360 3043 406 3107 tia
427 3045 682 3125 Quadrsgesimae
709 3045 1025 3107 nostraauctoritate
1052 3045 1155 3105 soluta

361 3131 429 3210 tuit,
446 3137 548 3195 certos
562 3141 668 3194 tamen
682 3133 749 3195 dies
764 3133 1023 3213 prescripsimus,
1040 3131 1154 3212 quibus

361 3219 485 3299 integra
506 3219 696 3282 abstinemia
717 3225 912 3298 servaretur,
934 3238 1046 3300 nempe
1069 3219 1154 3280 diem

361 3307 526 3384 Cinemm,
555 3306 622 3368 dies
646 3311 781 3387 quatuor
807 3311 1002 3387 temporum,
1031 3307 1155 3386 vigilias

361 3397 519 3475 praeoepto
533 3395 705 3472 obeundas,
723 3395 789 3456 dies
800 3395 928 3476 Majoris
941 3394 1154 3458 Hebdomadas

361 3482 557 3546 eliominica
577 3483 767 3546 Palmarum.
785 3483 979 3564 Quandoque
999 3480 1155 3544 recensui·

361 3589 431 3633 mus
445 3569 540 3632 etiam
556 3574 652 3633 totam
672 3570 904 3632 hebdomadam
919 3570 1082 3646 Cinerum,
1099 3567 1154 3629 eli·

362 3656 488 3740 quando
511 3657 606 3719 etiam
627 3657 795 3720 indiximus
820 3659 1042 3720 abstinentiam
1057 3656 1155 3720 Feriis

361 3743 458 3806 sextis
470 3761 509 3806 ac
520 3744 677 3823 sabbatis,
689 3744 812 3808 etiamsi
819 3744 1084 3808 facultasaNobis
1092 3751 1155 3807 tru-

363 3832 429 3895 dita
442 3831 532 3895 lactis
547 3836 577 3895 et
591 3851 724 3895 ovorum
740 3851 831 3895 usum
845 3835 947 3894 solum
967 3834 1156 3913 complecte-

363 3925 461 3984 retur.
477 3923 640 3984 Postremo
654 3938 725 3984 eom
738 3921 950 3984 conditionem
963 3941 1088 4001 semper
1101 3921 1155 3982 ad-

363 4009 500 4073 didimus
514 4027 553 4070 uc
564 4007 677 4090 jejunii
690 4008 741 4072 lex
760 4010 851 4073 unius
865 4029 923 4091 per
937 4011 1021 4073 diem
1035 4027 1156 4072 comes-

364 4098 456 4162 tionis
475 4097 538 4160 ullo
561 4098 655 4161 modo
675 4098 855 4178 violaretur,
881 4101 923 4162 ad
945 4119 984 4160 ue
1007 4099 1099 4161 simul
1123 4098 1155 4160 iu

363 4203 474 4249 mensa
488 4204 598 4248 carues
613 4191 645 4249 et
657 4187 759 4267 pisces
773 4193 1015 4268 apponerentur.

403 4298 418 4334 ιι
432 4277 514 4336 Dum
527 4275 684 4338 rationem
705 4275 799 4357 hujus
819 4277 940 4339 consilii
954 4275 1057 4340 Nostri
1072 4276 1156 4338 serio

364 4361 604 4446 perpendimus,
629 4363 714 4425 baud
734 4365 825 4443 plene
852 4363 1095 4445 acquiescimus,
1115 4364 1156 4426 ob

363 4469 436 4515 eam
449 4451 690 4514 sollicitudinem
706 4471 742 4514 ac
757 4452 995 4530 dubitationem,
1008 4470 1047 4513 ne
1062 4469 1158 4512 causa

364 4541 406 4604 ab
420 4539 573 4620 Episcopo
587 4539 647 4602 loci
657 4540 789 4621 prolata,
806 4559 902 4622 quam
911 4543 937 4601 N
940 4559 974 4602 os
983 4539 1156 4618 legitimam

364 4627 555 4690 credidimus
568 4628 609 4688 ad
623 4629 805 4692 solvendam
820 4629 1072 4708 Quadregesimae
1087 4627 1156 4690 abs·

364 4715 546 4791 tinentiam,
567 4713 635 4795 ejus
658 4720 778 4778 natura
799 4715 929 4778 fortasse
943 4734 1004 4778 uon
1019 4715 1069 4793 sit,
1086 4733 1157 4797 quas

365 4822 473 4867 reram
501 4808 532 4865 et
551 4807 717 4882 urgentem
744 4804 962 4868 necessitatem
986 4805 1153 4867 contineat.

365 4890 486 4974 Quippe
499 4892 577 4954 illud
590 4892 686 4955 Nobis
699 4911 824 4976 semper
837 4897 909 4956 ante
924 4895 1029 4956 oculos
1044 4911 1156 4973 propo·

364 4983 459 5046 situm
473 4979 660 5062 habuimus,
676 4987 711 5046 ut
731 4983 842 5045 nihile
862 4983 982 5045 ratione
1001 4982 1154 5062 alienum,

365 5069 443 5134 nibil
462 5069 638 5133 inconsulto
661 5088 700 5132 ec
716 5074 833 5132 temere
851 5070 1019 5145 faciamus3
1036 5070 1157 5134 haerent

364 5157 483 5240 pariter
496 5157 601 5221 animo
617 5159 720 5220 delixa
733 5159 839 5222 Sancti
851 5160 1003 5222 Bernardi
1017 5160 1114 5220 rerba
1123 5157 1156 5221 in

366 5245 549 5309 Pontificem
570 5246 746 5326 Eugenium
768 5245 844 5308 libro
865 5250 896 5316 3,
911 5246 947 5308 de
974 5245 1154 5310 considerat.

365 5353 431 5417 cop.
446 5337 476 5397 t.
493 5333 603 5398 Facitis
616 5335 680 5406 tue,
695 5335 766 5418 quio
775 5336 894 5418 potestis
904 5356 916 5406 ‚·
928 5335 979 5396 red
994 5344 1093 5396 utrum
1108 5333 1158 5396 de·

366 5420 469 5500 beotia,
484 5421 606 5506 qnoertr'o
626 5431 666 5486 est
684 5431 710 5486 et
724 5423 875 5506 quomodo.
901 5428 1047 5488 Attamen
1062 5424 1158 5486 fidem

365 5509 567 5592 prestitimus
581 5509 619 5574 iis
633 5509 747 5596 quibus
760 5511 939 5593 praestanda
952 5511 1064 5590 luerat,
1085 5511 1157 5592 Epi·

925 565 1041 633 tisun
1061 566 1241 648 TERTIUS,
1265 565 1365 634 PARS
1385 563 1424 635 ll.

1204 753 1307 835 scopis
1329 771 1442 832 nempe
1466 751 1618 815 locorum.
1643 751 1711 813 Nou
1725 749 1810 813 enim
1824 748 1883 812 alio
1902 753 1975 830 pacto
2019 755 2020 808 ἶ

1204 842 1342 904 exerceri
1358 846 1461 921 potest
1474 839 1652 902 sollicitudo
1667 837 1873 918 peculiarium
1891 839 1977 900 Eccle-

1203 931 1322 992 siarum
1337 948 1374 992 ac
1388 930 1576 1005 Dioecesum,
1594 927 1653 990 nisi
1667 927 1747 989 tides
1764 927 1978 1006 habeaturlipi-
2019 975 2020 978 ι

1205 1018 1307 1097 scopis
1328 1037 1347 1078 a
1368 1017 1481 1098 quibus
1505 1016 1564 1077 illae
1588 1014 1862 1077 administrantur.
1884 1015 1936 1076 Sed
1954 1015 1979 1076 in

1205 1111 1376 1186 posterum,
1401 1109 1437 1166 ut
1450 1104 1671 1184 gravissimum
1692 1103 1754 1165 hoc
1772 1103 1926 1182 negotium
1942 1109 1980 1164 tn
2019 1157 2020 1160 ,

1205 1195 1375 1274 tius'quam
1397 1193 1464 1254 fieri
1485 1192 1584 1272 possit
1597 1197 1738 1272 geratur,
1761 1191 1924 1254 molestum
1938 1210 1981 1252 ro-
2018 1235 2020 1278 ,

1205 1281 1253 1382 bis
1268 1299 1330 1343 non
1351 1285 1401 1358 sit,
1418 1281 1558 1342 animum
1582 1280 1619 1342 iis
1639 1279 1806 1342 advertere
1823 1297 1891 1359 quse
1903 1279 1982 1359 subji-
2017 1329 2020 1438 Ι

1205 1387 1347 1521 cuimltlson
1360 1458 1506 1540 ignoratis
1520 1458 1556 1518 ob
1572 1456 1742 1518 innocentio
1757 1454 1822 1533 ΙΙΙ,
1838 1453 1980 1518 emmas
2018 1439 2020 1518 l

1204 1572 1219 1610 ιι
1238 1568 1301 1609 sore
1315 1555 1421 1615 nostro.
1438 1548 1513 1626 Cap.
1531 1545 1711 1622 Consilium,
1730 1543 1983 1646 dre-observatione·
2016 1519 2020 1648 ff

1205 1661 1219 1698 ιι
1233 1637 1448 1717 Jejuniorum,
1474 1636 1552 1697 inter
1574 1653 1675 1696 coenos
1698 1634 1849 1716 leqrtrmur
1875 1631 1982 1692 soluenda
2016 1649 2020 1762 q

2017 1763 2020 1838 l

1207 1749 1221 1786 ιι
1241 1725 1445 1789 abstinentiam
1466 1743 1485 1785 a
1509 1721 1654 1786 Carnibus
1661 1721 1781 1804 jejunii
1796 1729 1929 1802 ternpore,
1949 1737 1984 1780 rr-

1205 1837 1219 1874 ιι
1238 1813 1349 1875 osmeri
1374 1831 1471 1874 omum
1499 1820 1529 1873 et
1541 1819 1570 1872 et
1594 1811 1763 1872 existentem
1793 1810 1889 1891 τείρεα
1912 1808 1984 1889 opri-
2017 1839 2020 1904 t

1207 1925 1221 1963 ιι
1242 1902 1383 1963 tudinem.
1415 1903 1571 1962 Praeterea
1585 1900 1625 1960 de
1648 1899 1719 1976 illis,
1737 1899 1792 1978 qui
1813 1899 1846 1958 in
1868 1897 1984 1970 Quadra·
2017 1907 2020 1964 t

1205 2014 1220 2051 ιι
1239 1991 1362 2070 gesima
1375 1991 1425 2052 vel
1439 1989 1472 2050 in
1487 1988 1556 2050 aliis
1566 1987 1696 2069 jejuniis
1714 1985 1907 2048 solemnibus
1918 1986 1985 2048 infir
2016 1977 2020 2030 ’ἵ

1205 2103 1220 2140 ιι
1239 2083 1377 2155 mantur,
1394 2081 1426 2141 et
1440 2080 1553 2156 petunt
1565 2075 1624 2138 sibi
1640 2093 1729 2137 esum
1739 2075 1889 2136 Carnium
1902 2072 1986 2134 indul·

1205 2191 1221 2228 ιι
1239 2168 1323 2248 geri,
1339 2167 1584 2246 respondemus:
1603 2162 1704 2240 Quod,
1720 2181 1797 2224 cum
1823 2179 1884 2224 non
1896 2158 1986 2240 subja·

1206 2279 1220 2316 ιι
1240 2260 1310 2318 eeat
1324 2254 1384 2334 legi
1395 2253 1576 2329 necessitas,
1586 2249 1781 2312 desiderium
1797 2250 1984 2326 infirmomm,

1206 2361 1313 2404 noum
1337 2359 1453 2420 urgens
1478 2338 1647 2400 necessitas
1675 2337 1791 2416 exigit,
1822 2341 1985 2417 supportare
2019 2369 2020 2372 =

1206 2455 1221 2492 ιι
1240 2436 1329 2511 potes
1342 2433 1378 2510 [et
1402 2428 1520 2505 dehac,
1538 2431 1572 2488 ut
1586 2425 1689 2507 majus
1710 2425 1888 2505 periculum
1908 2423 1936 2483 in
1951 2421 1986 2482 eis

1206 2542 1222 2579 ιι
1240 2518 1386 2581 evitetur.
1412 2515 1493 2578 Idem
1516 2522 1694 2590 statuerunt,
1714 2511 1815 2574 mutto
1833 2520 1900 2576 unte
1919 2509 1988 2571 lano·

1207 2631 1222 2668 ιι
1240 2607 1365 2669 centiam
1385 2603 1447 2675 ΙΙΙ,
1463 2604 1571 2668 Patres
1584 2603 1681 2665 octoni
1703 2602 1837 2664 Consilii
1857 2598 1986 2666 rotetur.

1208 2719 1222 2758 ιι
1241 2699 1315 2760 Gan.
1332 2699 1362 2765 9.
1378 2693 1543 2776 quodanno
1556 2695 1616 2755 653
1631 2689 1811 2753 celebratum
1826 2689 1903 2771 sart:
1917 2687 1986 2761 Quis·

1208 2807 1223 2845 ιι
1243 2785 1312 2865 quis
1330 2785 1448 2862 absque
1474 2780 1648 2843 inevitabili
1677 2779 1886 2855 necessitate,
1912 2780 1987 2853 atque

1208 2895 1223 2933 ιι
1241 2870 1418 2951 tragilitatis
1446 2867 1600 2930 evidentis
1628 2868 1804 2947 languore,
1835 2883 1891 2926 sen
1911 2863 1988 2926 etiam

1208 2984 1223 3022 ιι
1242 2960 1342 3023 aetatis
1354 2957 1614 3037 impossibilitate,
1628 2955 1739 3017 diebus
1752 2951 1989 3032 Quadragesins

1208 3071 1222 3108 ιι
1243 3066 1331 3109 esum
1344 3045 1493 3109 Carnium
1506 3043 1746 3125 presumpserit
1760 3047 1926 3119 attentare,
1940 3055 1988 3100 nor

1208 3159 1222 3197 ιι
1242 3138 1344 3198 solum
1365 3135 1424 3196 erit
1446 3152 1520 3196 reus
1543 3131 1796 3194 Resurrectionis
1820 3127 1987 3201 Dominiesr,

1208 3247 1222 3286 ιι
1241 3243 1352 3287 rerum
1367 3223 1461 3287 etiam
1475 3223 1597 3284 alienus
1607 3221 1647 3282 ab
1658 3219 1804 3302 ejusdem
1816 3217 1877 3280 diei
1892 3219 1990 3278 Sancta
2016 3201 2020 3270 i

1208 3335 1223 3374 ιι
1242 3311 1505 3377 Gommunione...
1532 3309 1578 3371 llli
1594 3327 1681 3385 vero,
1698 3325 1778 3388 quos
1806 3311 1863 3369 aut
1876 3302 1990 3366 etatis.
2015 3273 2020 3394 l,

1209 3432 1223 3470 ιι
1243 3412 1364 3486 curvat,
1379 3413 1434 3470 aut
1447 3408 1583 3486 languor
1592 3411 1753 3482 extenuat,
1769 3408 1830 3467 aut
1844 3398 1991 3465 nennius

1209 3517 1223 3555 ιι
1242 3499 1360 3572 arctat,
1386 3513 1449 3556 nou
1472 3498 1546 3556 ante
1567 3492 1727 3573 prohibita
1748 3491 1873 3554 violare
1894 3505 1990 3588 presq-

1209 3606 1223 3644 ιι
1242 3589 1330 3646 mant
1356 3602 1451 3665 quam
1472 3601 1493 3644 a
1513 3583 1684 3646 Sacerdote
1704 3580 1901 3661 permissum
1924 3593 1990 3640 acu·

1209 3675 1376 3814 „prqqtmq
1401 3753 1525 3832 estqui
1549 3770 1613 3814 non
1640 3750 1799 3832 intelligat
1819 3741 1989 3833 -hujusmodi

1209 3855 1320 3900 causas
1334 3839 1411 3902 satis
1425 3857 1505 3916 esse,
1522 3846 1557 3901 ut
1571 3838 1667 3919 aliqui
1678 3857 1697 3900 a
1710 3841 1728 3902 J
1731 3838 1832 3920 ejunii
1842 3839 1955 3921 legibus
1965 3835 1991 3894 et

1209 3927 1399 3990 abstinentia
1413 3929 1569 3990 immunes
1577 3928 1811 4001 existimentur,
1827 3947 1890 3991 non
1903 3929 1991 3990 anun

1209 4021 1244 4078 ut
1259 4016 1394 4095 Populus
1413 4016 1463 4078 vel
1483 4016 1609 4097 integra
1632 4015 1750 4078 Civitas
1775 4016 1864 4078 idem
1885 4011 1991 4094 pridie·

1209 4104 1297 4184 gium
1311 4103 1461 4166 obtineat.
1474 4103 1549 4176 Quis
1563 4103 1647 4164 euim
1662 4102 1721 4166 sibi
1731 4103 1924 4182 persuadere
1934 4113 1991 4180 pot·

1210 4192 1250 4254 sit
1263 4193 1354 4254 Cives
1368 4191 1531 4254 universos
1541 4192 1674 4273 alicujus
1690 4192 1785 4256 Urbis
1795 4194 1848 4254 rel
1862 4184 1991 4254 uicem

1210 4280 1322 4341 eodem
1336 4284 1476 4359 tempore
1491 4279 1679 4359 gravissimo
1694 4279 1808 4342 morbo
1823 4277 1930 4355 teneri,
1951 4269 1989 4333 td

1210 4365 1242 4428 in
1258 4367 1370 4430 eodem
1385 4367 1566 4430 discrimine
1580 4367 1700 4429 versari
1715 4383 1830 4430 omnes
1843 4373 1879 4430 ut
1891 4363 1991 4446 pericu·

1209 4456 1309 4518 losum
1324 4456 1544 4536 egritudinem
1558 4455 1768 4518 contrahant?
1782 4457 1851 4518 Nisi
1864 4455 1938 4518 forte
1948 4463 1991 4510 ert

1210 4545 1337 4606 morbos
1358 4544 1570 4624 intelligamus
1594 4545 1647 4626 qui
1669 4544 1710 4607 ab
1725 4545 1812 4608 aeris
1827 4537 1991 4620 intemperie

1210 4634 1260 4696 vel
1286 4632 1454 4695 infectione
1479 4639 1678 4713 promanant,
1709 4633 1749 4694 de
1777 4633 1894 4714 quibus
1912 4623 1989 4708 parlss

1210 4725 1282 4801 post
1294 4720 1394 4782 verba
1406 4719 1569 4782 iaciemus.
1587 4721 1662 4794 Quis
1676 4720 1789 4782 credat
1802 4716 1991 4800 unquamrc-

1209 4808 1319 4888 pulum
1332 4807 1513 4868 uuiversum
1526 4807 1660 4888 alicujus
1675 4807 1831 4870 Dioecesis
1849 4805 1898 4868 rel
1920 4815 1991 4863 com-

1209 4895 1297 4956 muni
1310 4896 1461 4976 languore
1475 4895 1600 4974 penitus
1614 4899 1833 4973 extenuatum,
1849 4891 1989 4955 reterre

1209 5001 1263 5044 ma
1275 4986 1434 5044 senectute
1448 4982 1650 5046 conlectum?

1250 5092 1264 5129 ιι
1283 5071 1391 5150 Neque
1405 5088 1480 5132 vero
1500 5089 1596 5132 causa
1618 5070 1778 5132 sufficiens
1793 5066 1935 5132 habands
1951 5061 1989 5125 etl

1210 5159 1246 5220 ut
1258 5155 1364 5237 aliqua
1377 5155 1493 5219 Civitas
1507 5157 1557 5218 vel
1571 5158 1710 5236 Populus
1723 5155 1913 5220 abstinentis
1923 5153 1988 5224 0⁰⁸·

1211 5245 1412 5325 dragesimali
1427 5245 1589 5323 liberetur,
1606 5245 1728 5326 ipsique
1742 5249 1863 5309 Carnes
1879 5237 1988 5325 permit·

1210 5337 1327 5413 tantm,
1344 5333 1369 5394 si
1384 5333 1463 5395 forte
1477 5333 1581 5414 pisces
1595 5333 1645 5395 rel
1659 5351 1722 5395 ova
1734 5352 1810 5396 caro
1821 5333 1988 5414 pretiosor·

1211 5420 1336 5484 dantur.
1347 5421 1435 5485 Siout
1449 5421 1533 5483 euim
1547 5421 1648 5485 Urbes
1658 5420 1778 5485 habent
1790 5435 1905 5503 egenos
1912 5415 1986 5481 (litu

1211 5509 1256 5574 ita
1279 5510 1375 5575 etiam
1398 5510 1563 5592 opulentos
1586 5529 1603 5573 e
1630 5510 1745 5592 quibus
1759 5511 1856 5576 etism
1869 5503 1985 5572 aurita
