<?xml version="1.0" encoding="UTF-8"?>
<!DOCTYPE html PUBLIC "-//W3C//DTD XHTML 1.0 Transitional//EN"
    "http://www.w3.org/TR/xhtml1/DTD/xhtml1-transitional.dtd">
<html xmlns="http://www.w3.org/1999/xhtml" xml:lang="en" lang="en">
 <head>
  <title>
</title>
<meta http-equiv="Content-Type" content="text/html;charset=utf-8" />
  <meta name='ocr-system' content='tesseract 3.04.00' />
  <meta name='ocr-capabilities' content='ocr_page ocr_carea ocr_par ocr_line ocrx_word'/>
</head>
<body>
  <div class='ocr_page' id='page_1' title='image "./theologiamorali01busegoog_0414.png"; bbox 0 0 4166 6346; ppageno 0'>
   <div class='ocr_carea' id='block_1_1' title="bbox 353 539 1439 616">
    <p class='ocr_par' dir='ltr' id='par_1_1' title="bbox 353 539 1439 616">
     <span class='ocr_line' id='line_1_1' title="bbox 353 539 1439 616; baseline -0.006 -8"><span class='ocrx_word' id='word_1_1' title='bbox 353 546 415 608; x_wconf 72' lang='lat'>406</span> <span class='ocrx_word' id='word_1_2' title='bbox 916 539 1240 616; x_wconf 66' lang='lat' dir='ltr'>ercumbertus,</span> <span class='ocrx_word' id='word_1_3' title='bbox 1270 539 1372 604; x_wconf 81' lang='lat' dir='ltr'><strong>PARS</strong></span> <span class='ocrx_word' id='word_1_4' title='bbox 1401 540 1439 602; x_wconf 90' lang='lat' dir='ltr'>ll.</span> 
     </span>
    </p>
   </div>
   <div class='ocr_carea' id='block_1_2' title="bbox 355 641 2031 805">
    <p class='ocr_par' dir='ltr' id='par_1_2' title="bbox 355 641 2031 805">
     <span class='ocr_line' id='line_1_2' title="bbox 355 641 2031 805; baseline -0.003 -12"><span class='ocrx_word' id='word_1_5' title='bbox 355 749 375 793; x_wconf 88' lang='lat' dir='ltr'>a</span> <span class='ocrx_word' id='word_1_6' title='bbox 388 728 548 792; x_wconf 89' lang='lat' dir='ltr'>vermibus</span> <span class='ocrx_word' id='word_1_7' title='bbox 562 731 798 790; x_wconf 89' lang='lat' dir='ltr'>consumuntur.</span> <span class='ocrx_word' id='word_1_8' title='bbox 818 729 862 788; x_wconf 86' lang='lat' dir='ltr'>lie</span> <span class='ocrx_word' id='word_1_9' title='bbox 877 725 1009 789; x_wconf 86' lang='lat' dir='ltr'>subinde</span> <span class='ocrx_word' id='word_1_10' title='bbox 1023 730 1145 788; x_wconf 89' lang='lat' dir='ltr'>mature</span> <span class='ocrx_word' id='word_1_11' title='bbox 1201 724 1293 801; x_wconf 87' lang='lat' dir='ltr'>lacte,</span> <span class='ocrx_word' id='word_1_12' title='bbox 1311 727 1343 787; x_wconf 91' lang='lat' dir='ltr'>et</span> <span class='ocrx_word' id='word_1_13' title='bbox 1356 723 1423 786; x_wconf 91' lang='lat' dir='ltr'>ovis</span> <span class='ocrx_word' id='word_1_14' title='bbox 1438 721 1626 801; x_wconf 86' lang='lat' dir='ltr'>abstineant,</span> <span class='ocrx_word' id='word_1_15' title='bbox 1641 722 1681 800; x_wconf 90' lang='lat' dir='ltr'>si,</span> <span class='ocrx_word' id='word_1_16' title='bbox 1693 724 1836 805; x_wconf 89' lang='lat' dir='ltr'>iuquam,</span> <span class='ocrx_word' id='word_1_17' title='bbox 1849 725 1980 788; x_wconf 85' lang='lat' dir='ltr'>resitass</span> <span class='ocrx_word' id='word_1_18' title='bbox 2028 641 2031 704; x_wconf 51' lang='grc' dir='ltr'>Ι</span> 
     </span>
    </p>
   </div>
   <div class='ocr_carea' id='block_1_3' title="bbox 354 808 2031 1337">
    <p class='ocr_par' dir='ltr' id='par_1_3' title="bbox 354 808 2031 1337">
     <span class='ocr_line' id='line_1_3' title="bbox 354 808 2031 897; baseline -0.004 -16"><span class='ocrx_word' id='word_1_19' title='bbox 354 818 497 881; x_wconf 89' lang='lat' dir='ltr'>discussa</span> <span class='ocrx_word' id='word_1_20' title='bbox 508 835 616 881; x_wconf 90' lang='lat' dir='ltr'>curam</span> <span class='ocrx_word' id='word_1_21' title='bbox 630 817 726 880; x_wconf 87' lang='lat' dir='ltr'>Nobis</span> <span class='ocrx_word' id='word_1_22' title='bbox 740 817 770 880; x_wconf 91' lang='lat' dir='ltr'>in</span> <span class='ocrx_word' id='word_1_23' title='bbox 786 815 1035 897; x_wconf 84' lang='lat' dir='ltr'>Congregatione</span> <span class='ocrx_word' id='word_1_24' title='bbox 1051 818 1148 876; x_wconf 87' lang='lat' dir='ltr'>Gene-</span> <span class='ocrx_word' id='word_1_25' title='bbox 1202 813 1328 890; x_wconf 89' lang='lat' dir='ltr'>habeat,</span> <span class='ocrx_word' id='word_1_26' title='bbox 1345 817 1412 876; x_wconf 89' lang='lat' dir='ltr'>tum</span> <span class='ocrx_word' id='word_1_27' title='bbox 1427 812 1536 893; x_wconf 90' lang='lat' dir='ltr'>procul</span> <span class='ocrx_word' id='word_1_28' title='bbox 1552 811 1647 874; x_wconf 89' lang='lat' dir='ltr'>dubio</span> <span class='ocrx_word' id='word_1_29' title='bbox 1663 829 1760 874; x_wconf 87' lang='lat' dir='ltr'>causa</span> <span class='ocrx_word' id='word_1_30' title='bbox 1776 812 1928 877; x_wconf 86' lang='lat' dir='ltr'>sufficiens</span> <span class='ocrx_word' id='word_1_31' title='bbox 1938 813 1981 896; x_wconf 79' lang='lat' dir='ltr'>jn-</span> <span class='ocrx_word' id='word_1_32' title='bbox 2029 808 2031 884; x_wconf 77' lang='lat' dir='ltr'>l</span> 
     </span>
     <span class='ocr_line' id='line_1_4' title="bbox 355 889 2031 985; baseline -0.002 -16"><span class='ocrx_word' id='word_1_33' title='bbox 355 907 412 969; x_wconf 87' lang='lat' dir='ltr'>rali</span> <span class='ocrx_word' id='word_1_34' title='bbox 425 908 547 971; x_wconf 79' lang='lat' dir='ltr'>Sanctae</span> <span class='ocrx_word' id='word_1_35' title='bbox 563 909 711 968; x_wconf 79' lang='lat' dir='ltr'>uenena</span> <span class='ocrx_word' id='word_1_36' title='bbox 727 907 758 969; x_wconf 87' lang='lat' dir='ltr'>et</span> <span class='ocrx_word' id='word_1_37' title='bbox 772 905 963 970; x_wconf 88' lang='lat' dir='ltr'>Universalis</span> <span class='ocrx_word' id='word_1_38' title='bbox 973 903 1149 985; x_wconf 85' lang='lat' dir='ltr'>inquisitiu—</span> <span class='ocrx_word' id='word_1_39' title='bbox 1202 902 1410 978; x_wconf 89' lang='lat' dir='ltr'>dicandaest,</span> <span class='ocrx_word' id='word_1_40' title='bbox 1427 899 1862 981; x_wconf 79' lang='lat' dir='ltr'>quaeexperieutioeinnitur,</span> <span class='ocrx_word' id='word_1_41' title='bbox 1882 906 1981 982; x_wconf 83' lang='lat' dir='ltr'>etqua</span> <span class='ocrx_word' id='word_1_42' title='bbox 2028 889 2031 980; x_wconf 79' lang='lat'>)</span> 
     </span>
     <span class='ocr_line' id='line_1_5' title="bbox 355 987 2031 1074; baseline -0.002 -17"><span class='ocrx_word' id='word_1_43' title='bbox 355 995 404 1058; x_wconf 88' lang='lat' dir='ltr'>nis</span> <span class='ocrx_word' id='word_1_44' title='bbox 418 995 466 1058; x_wconf 86' lang='lat' dir='ltr'>die</span> <span class='ocrx_word' id='word_1_45' title='bbox 481 997 529 1070; x_wconf 73' lang='lat' dir='ltr'>li,</span> <span class='ocrx_word' id='word_1_46' title='bbox 545 992 664 1074; x_wconf 78' lang='lat' dir='ltr'><strong><em>Aprilis</em></strong></span> <span class='ocrx_word' id='word_1_47' title='bbox 689 1011 766 1056; x_wconf 85' lang='lat' dir='ltr'>anno</span> <span class='ocrx_word' id='word_1_48' title='bbox 791 997 879 1070; x_wconf 70' lang='lat' dir='ltr'>tila,</span> <span class='ocrx_word' id='word_1_49' title='bbox 903 991 1012 1054; x_wconf 87' lang='lat' dir='ltr'>habita</span> <span class='ocrx_word' id='word_1_50' title='bbox 1025 993 1147 1054; x_wconf 87' lang='lat' dir='ltr'>ratione</span> <span class='ocrx_word' id='word_1_51' title='bbox 1202 1009 1327 1069; x_wconf 79' lang='lat' dir='ltr'><strong>semper</strong></span> <span class='ocrx_word' id='word_1_52' title='bbox 1340 989 1483 1068; x_wconf 88' lang='lat' dir='ltr'>probata,</span> <span class='ocrx_word' id='word_1_53' title='bbox 1500 992 1533 1050; x_wconf 88' lang='lat' dir='ltr'>et</span> <span class='ocrx_word' id='word_1_54' title='bbox 1545 989 1577 1050; x_wconf 94' lang='lat' dir='ltr'>in</span> <span class='ocrx_word' id='word_1_55' title='bbox 1592 993 1753 1068; x_wconf 88' lang='lat' dir='ltr'>posterum</span> <span class='ocrx_word' id='word_1_56' title='bbox 1768 989 1930 1069; x_wconf 85' lang='lat' dir='ltr'>probanda</span> <span class='ocrx_word' id='word_1_57' title='bbox 1944 991 1979 1054; x_wconf 74' lang='lat' dir='ltr'>vi</span> <span class='ocrx_word' id='word_1_58' title='bbox 2029 987 2031 1068; x_wconf 86' lang='lat'>)</span> 
     </span>
     <span class='ocr_line' id='line_1_6' title="bbox 355 1076 2031 1163; baseline -0.002 -21"><span class='ocrx_word' id='word_1_59' title='bbox 355 1080 492 1160; x_wconf 78' lang='lat' dir='ltr'>regionis</span> <span class='ocrx_word' id='word_1_60' title='bbox 518 1081 609 1144; x_wconf 91' lang='lat' dir='ltr'>nimis</span> <span class='ocrx_word' id='word_1_61' title='bbox 623 1085 762 1159; x_wconf 84' lang='lat' dir='ltr'>remotae,</span> <span class='ocrx_word' id='word_1_62' title='bbox 787 1100 809 1144; x_wconf 89' lang='lat' dir='ltr'>a</span> <span class='ocrx_word' id='word_1_63' title='bbox 828 1101 891 1162; x_wconf 87' lang='lat' dir='ltr'>que</span> <span class='ocrx_word' id='word_1_64' title='bbox 911 1081 1050 1163; x_wconf 90' lang='lat' dir='ltr'>quolibet</span> <span class='ocrx_word' id='word_1_65' title='bbox 1064 1099 1146 1142; x_wconf 90' lang='lat' dir='ltr'>anno</span> <span class='ocrx_word' id='word_1_66' title='bbox 1202 1076 1305 1155; x_wconf 89' lang='lat' dir='ltr'>detur,</span> <span class='ocrx_word' id='word_1_67' title='bbox 1323 1081 1357 1140; x_wconf 91' lang='lat' dir='ltr'>ut</span> <span class='ocrx_word' id='word_1_68' title='bbox 1371 1094 1484 1156; x_wconf 81' lang='lat' dir='ltr'>nempe</span> <span class='ocrx_word' id='word_1_69' title='bbox 1498 1077 1646 1156; x_wconf 87' lang='lat' dir='ltr'>Populus,</span> <span class='ocrx_word' id='word_1_70' title='bbox 1663 1095 1720 1139; x_wconf 90' lang='lat' dir='ltr'>seu</span> <span class='ocrx_word' id='word_1_71' title='bbox 1735 1076 1853 1140; x_wconf 76' lang='lat' dir='ltr'>Civitas</span> <span class='ocrx_word' id='word_1_72' title='bbox 1874 1078 1981 1158; x_wconf 83' lang='lat' dir='ltr'>integra</span> <span class='ocrx_word' id='word_1_73' title='bbox 2028 1077 2031 1158; x_wconf 83' lang='lat'>)</span> 
     </span>
     <span class='ocr_line' id='line_1_7' title="bbox 355 1165 2031 1256; baseline 0 -24"><span class='ocrx_word' id='word_1_74' title='bbox 355 1169 555 1249; x_wconf 88' lang='lat' dir='ltr'>impossibilis</span> <span class='ocrx_word' id='word_1_75' title='bbox 576 1173 644 1232; x_wconf 88' lang='lat' dir='ltr'>erat</span> <span class='ocrx_word' id='word_1_76' title='bbox 666 1170 707 1230; x_wconf 92' lang='lat' dir='ltr'>ad</span> <span class='ocrx_word' id='word_1_77' title='bbox 731 1171 845 1232; x_wconf 89' lang='lat' dir='ltr'>Sedem</span> <span class='ocrx_word' id='word_1_78' title='bbox 873 1171 1149 1249; x_wconf 79' lang='lat' dir='ltr'>Apostolicamre-</span> <span class='ocrx_word' id='word_1_79' title='bbox 1203 1165 1382 1228; x_wconf 85' lang='lat' dir='ltr'>acarnibus</span> <span class='ocrx_word' id='word_1_80' title='bbox 1396 1165 1573 1228; x_wconf 89' lang='lat' dir='ltr'>abstinendi</span> <span class='ocrx_word' id='word_1_81' title='bbox 1588 1170 1747 1246; x_wconf 79' lang='lat' dir='ltr'>precepto</span> <span class='ocrx_word' id='word_1_82' title='bbox 1762 1184 1829 1230; x_wconf 89' lang='lat' dir='ltr'>nou</span> <span class='ocrx_word' id='word_1_83' title='bbox 1843 1172 1982 1234; x_wconf 68' lang='lat' dir='ltr'>sceau.</span> <span class='ocrx_word' id='word_1_84' title='bbox 2027 1171 2031 1256; x_wconf 88' lang='lat'>)</span> 
     </span>
     <span class='ocr_line' id='line_1_8' title="bbox 355 1254 1984 1337; baseline 0.001 -19"><span class='ocrx_word' id='word_1_85' title='bbox 355 1276 480 1330; x_wconf 89' lang='lat' dir='ltr'>cursus;</span> <span class='ocrx_word' id='word_1_86' title='bbox 496 1257 693 1337; x_wconf 78' lang='lat' dir='ltr'>indulgentes</span> <span class='ocrx_word' id='word_1_87' title='bbox 717 1258 893 1320; x_wconf 80' lang='lat' dir='ltr'>necessitati</span> <span class='ocrx_word' id='word_1_88' title='bbox 918 1257 1071 1319; x_wconf 84' lang='lat' dir='ltr'>Fidulium</span> <span class='ocrx_word' id='word_1_89' title='bbox 1095 1255 1148 1316; x_wconf 88' lang='lat' dir='ltr'>da·</span> <span class='ocrx_word' id='word_1_90' title='bbox 1242 1277 1257 1314; x_wconf 82' lang='lat' dir='ltr'>o</span> <span class='ocrx_word' id='word_1_91' title='bbox 1276 1256 1385 1334; x_wconf 80' lang='lat' dir='ltr'>Neque</span> <span class='ocrx_word' id='word_1_92' title='bbox 1401 1255 1465 1316; x_wconf 90' lang='lat' dir='ltr'>ulla</span> <span class='ocrx_word' id='word_1_93' title='bbox 1478 1254 1645 1318; x_wconf 79' lang='lat' dir='ltr'>difficultas</span> <span class='ocrx_word' id='word_1_94' title='bbox 1660 1273 1825 1318; x_wconf 89' lang='lat' dir='ltr'>removere</span> <span class='ocrx_word' id='word_1_95' title='bbox 1836 1256 1984 1320; x_wconf 84' lang='lat' dir='ltr'>Vosdebet</span> 
     </span>
    </p>
   </div>
   <div class='ocr_carea' id='block_1_4' title="bbox 354 1342 1155 5480">
    <p class='ocr_par' dir='ltr' id='par_1_4' title="bbox 354 1342 1151 2645">
     <span class='ocr_line' id='line_1_9' title="bbox 355 1342 1150 1425; baseline -0.004 -19"><span class='ocrx_word' id='word_1_96' title='bbox 355 1345 496 1425; x_wconf 88' lang='lat' dir='ltr'>gentium</span> <span class='ocrx_word' id='word_1_97' title='bbox 511 1344 541 1406; x_wconf 92' lang='lat' dir='ltr'>in</span> <span class='ocrx_word' id='word_1_98' title='bbox 557 1345 669 1408; x_wconf 92' lang='lat' dir='ltr'>lusulis</span> <span class='ocrx_word' id='word_1_99' title='bbox 684 1345 817 1407; x_wconf 86' lang='lat' dir='ltr'>Ditionis</span> <span class='ocrx_word' id='word_1_100' title='bbox 832 1345 956 1407; x_wconf 75' lang='lat' dir='ltr'>Gallica</span> <span class='ocrx_word' id='word_1_101' title='bbox 980 1344 1012 1405; x_wconf 91' lang='lat' dir='ltr'>in</span> <span class='ocrx_word' id='word_1_102' title='bbox 1027 1342 1150 1406; x_wconf 84' lang='lat' dir='ltr'>Ameri-</span> 
     </span>
     <span class='ocr_line' id='line_1_10' title="bbox 355 1430 1149 1509; baseline -0.003 -17"><span class='ocrx_word' id='word_1_103' title='bbox 355 1450 404 1509; x_wconf 90' lang='lat' dir='ltr'>ca,</span> <span class='ocrx_word' id='word_1_104' title='bbox 421 1431 602 1494; x_wconf 87' lang='lat' dir='ltr'>facultatem</span> <span class='ocrx_word' id='word_1_105' title='bbox 621 1431 832 1494; x_wconf 82' lang='lat' dir='ltr'>concessimus</span> <span class='ocrx_word' id='word_1_106' title='bbox 853 1430 1011 1494; x_wconf 87' lang='lat' dir='ltr'>Praefectis</span> <span class='ocrx_word' id='word_1_107' title='bbox 1031 1431 1149 1492; x_wconf 81' lang='lat' dir='ltr'>Missis-</span> 
     </span>
     <span class='ocr_line' id='line_1_11' title="bbox 356 1517 1149 1600; baseline -0.003 -20"><span class='ocrx_word' id='word_1_108' title='bbox 356 1537 430 1582; x_wconf 90' lang='lat' dir='ltr'>num</span> <span class='ocrx_word' id='word_1_109' title='bbox 445 1520 571 1582; x_wconf 87' lang='lat' dir='ltr'>illerum</span> <span class='ocrx_word' id='word_1_110' title='bbox 585 1521 734 1600; x_wconf 91' lang='lat' dir='ltr'>partium,</span> <span class='ocrx_word' id='word_1_111' title='bbox 751 1521 829 1582; x_wconf 89' lang='lat' dir='ltr'>utin</span> <span class='ocrx_word' id='word_1_112' title='bbox 846 1539 921 1582; x_wconf 91' lang='lat' dir='ltr'>cusu</span> <span class='ocrx_word' id='word_1_113' title='bbox 935 1537 1018 1581; x_wconf 87' lang='lat' dir='ltr'>verse</span> <span class='ocrx_word' id='word_1_114' title='bbox 1034 1523 1065 1582; x_wconf 89' lang='lat' dir='ltr'>et</span> <span class='ocrx_word' id='word_1_115' title='bbox 1085 1517 1149 1579; x_wconf 91' lang='lat' dir='ltr'>ine-</span> 
     </span>
     <span class='ocr_line' id='line_1_12' title="bbox 354 1606 1149 1673; baseline -0.003 -2"><span class='ocrx_word' id='word_1_116' title='bbox 354 1608 510 1671; x_wconf 88' lang='lat' dir='ltr'>luctabilis</span> <span class='ocrx_word' id='word_1_117' title='bbox 537 1610 731 1673; x_wconf 76' lang='lat' dir='ltr'>necessitatis</span> <span class='ocrx_word' id='word_1_118' title='bbox 758 1614 791 1672; x_wconf 87' lang='lat' dir='ltr'>et</span> <span class='ocrx_word' id='word_1_119' title='bbox 810 1612 933 1672; x_wconf 89' lang='lat' dir='ltr'>tuntum</span> <span class='ocrx_word' id='word_1_120' title='bbox 956 1609 996 1670; x_wconf 91' lang='lat' dir='ltr'>de</span> <span class='ocrx_word' id='word_1_121' title='bbox 1019 1625 1101 1668; x_wconf 90' lang='lat' dir='ltr'>anno</span> <span class='ocrx_word' id='word_1_122' title='bbox 1117 1606 1149 1669; x_wconf 91' lang='lat' dir='ltr'>iu</span> 
     </span>
     <span class='ocr_line' id='line_1_13' title="bbox 355 1697 1147 1779; baseline -0.005 -19"><span class='ocrx_word' id='word_1_123' title='bbox 355 1715 486 1775; x_wconf 80' lang='lat' dir='ltr'>annum,</span> <span class='ocrx_word' id='word_1_124' title='bbox 502 1699 695 1779; x_wconf 72' lang='lat' dir='ltr'>praefataeque</span> <span class='ocrx_word' id='word_1_125' title='bbox 715 1717 791 1760; x_wconf 88' lang='lat' dir='ltr'>vera</span> <span class='ocrx_word' id='word_1_126' title='bbox 805 1697 989 1760; x_wconf 77' lang='lat' dir='ltr'>necessitate</span> <span class='ocrx_word' id='word_1_127' title='bbox 1003 1697 1147 1773; x_wconf 81' lang='lat' dir='ltr'>durante,</span> 
     </span>
     <span class='ocr_line' id='line_1_14' title="bbox 354 1785 1148 1866; baseline -0.003 -20"><span class='ocrx_word' id='word_1_128' title='bbox 354 1790 387 1846; x_wconf 90' lang='lat' dir='ltr'>et</span> <span class='ocrx_word' id='word_1_129' title='bbox 400 1802 462 1846; x_wconf 88' lang='lat' dir='ltr'>uun</span> <span class='ocrx_word' id='word_1_130' title='bbox 477 1786 567 1849; x_wconf 88' lang='lat' dir='ltr'>aliter</span> <span class='ocrx_word' id='word_1_131' title='bbox 581 1803 637 1848; x_wconf 93' lang='lat' dir='ltr'>nec</span> <span class='ocrx_word' id='word_1_132' title='bbox 652 1787 712 1848; x_wconf 90' lang='lat' dir='ltr'>alio</span> <span class='ocrx_word' id='word_1_133' title='bbox 726 1785 831 1862; x_wconf 89' lang='lat' dir='ltr'>modo,</span> <span class='ocrx_word' id='word_1_134' title='bbox 848 1790 883 1848; x_wconf 88' lang='lat' dir='ltr'>ut</span> <span class='ocrx_word' id='word_1_135' title='bbox 895 1789 1023 1866; x_wconf 86' lang='lat' dir='ltr'>possent</span> <span class='ocrx_word' id='word_1_136' title='bbox 1037 1787 1068 1846; x_wconf 91' lang='lat' dir='ltr'>et</span> <span class='ocrx_word' id='word_1_137' title='bbox 1092 1801 1148 1844; x_wconf 89' lang='lat' dir='ltr'>va-</span> 
     </span>
     <span class='ocr_line' id='line_1_15' title="bbox 355 1871 1146 1953; baseline 0 -19"><span class='ocrx_word' id='word_1_138' title='bbox 355 1873 456 1936; x_wconf 89' lang='lat' dir='ltr'>ierent</span> <span class='ocrx_word' id='word_1_139' title='bbox 476 1891 549 1936; x_wconf 88' lang='lat' dir='ltr'>cnm</span> <span class='ocrx_word' id='word_1_140' title='bbox 569 1874 727 1938; x_wconf 83' lang='lat' dir='ltr'>Fidelibus</span> <span class='ocrx_word' id='word_1_141' title='bbox 747 1874 875 1953; x_wconf 89' lang='lat' dir='ltr'>Populis</span> <span class='ocrx_word' id='word_1_142' title='bbox 897 1874 1036 1953; x_wconf 90' lang='lat' dir='ltr'>ipsorum</span> <span class='ocrx_word' id='word_1_143' title='bbox 1063 1871 1146 1951; x_wconf 90' lang='lat' dir='ltr'>regi·</span> 
     </span>
     <span class='ocr_line' id='line_1_16' title="bbox 355 1961 1146 2044; baseline -0.003 -21"><span class='ocrx_word' id='word_1_144' title='bbox 355 1961 433 2023; x_wconf 91' lang='lat' dir='ltr'>mini</span> <span class='ocrx_word' id='word_1_145' title='bbox 446 1963 620 2025; x_wconf 87' lang='lat' dir='ltr'>commissis</span> <span class='ocrx_word' id='word_1_146' title='bbox 634 1964 816 2044; x_wconf 87' lang='lat' dir='ltr'>dispensare</span> <span class='ocrx_word' id='word_1_147' title='bbox 830 1981 925 2042; x_wconf 90' lang='lat' dir='ltr'>super</span> <span class='ocrx_word' id='word_1_148' title='bbox 939 1981 994 2022; x_wconf 89' lang='lat' dir='ltr'>esu</span> <span class='ocrx_word' id='word_1_149' title='bbox 1003 1978 1146 2038; x_wconf 89' lang='lat' dir='ltr'>ovorum,</span> 
     </span>
     <span class='ocr_line' id='line_1_17' title="bbox 356 2051 1149 2132; baseline -0.003 -20"><span class='ocrx_word' id='word_1_150' title='bbox 356 2055 388 2112; x_wconf 92' lang='lat' dir='ltr'>et</span> <span class='ocrx_word' id='word_1_151' title='bbox 408 2051 647 2132; x_wconf 81' lang='lat' dir='ltr'>lacticiniorum,</span> <span class='ocrx_word' id='word_1_152' title='bbox 673 2058 706 2116; x_wconf 89' lang='lat' dir='ltr'>et</span> <span class='ocrx_word' id='word_1_153' title='bbox 728 2055 823 2115; x_wconf 89' lang='lat' dir='ltr'>etiam</span> <span class='ocrx_word' id='word_1_154' title='bbox 846 2051 988 2114; x_wconf 90' lang='lat' dir='ltr'>carnium</span> <span class='ocrx_word' id='word_1_155' title='bbox 1009 2054 1149 2128; x_wconf 88' lang='lat' dir='ltr'>tempore</span> 
     </span>
     <span class='ocr_line' id='line_1_18' title="bbox 356 2137 1150 2221; baseline -0.001 -21"><span class='ocrx_word' id='word_1_156' title='bbox 356 2139 636 2220; x_wconf 84' lang='lat' dir='ltr'>Quadragesimuli,</span> <span class='ocrx_word' id='word_1_157' title='bbox 653 2143 772 2205; x_wconf 91' lang='lat' dir='ltr'>indicta</span> <span class='ocrx_word' id='word_1_158' title='bbox 781 2143 872 2204; x_wconf 91' lang='lat' dir='ltr'>simul</span> <span class='ocrx_word' id='word_1_159' title='bbox 887 2159 959 2203; x_wconf 90' lang='lat' dir='ltr'>cum</span> <span class='ocrx_word' id='word_1_160' title='bbox 970 2137 1150 2221; x_wconf 88' lang='lat' dir='ltr'>hujusmodi</span> 
     </span>
     <span class='ocr_line' id='line_1_19' title="bbox 355 2227 1151 2310; baseline 0 -21"><span class='ocrx_word' id='word_1_161' title='bbox 355 2227 587 2307; x_wconf 89' lang='lat' dir='ltr'>dispensatione</span> <span class='ocrx_word' id='word_1_162' title='bbox 602 2230 803 2294; x_wconf 85' lang='lat' dir='ltr'>observantia</span> <span class='ocrx_word' id='word_1_163' title='bbox 814 2229 930 2310; x_wconf 87' lang='lat' dir='ltr'>lejunii</span> <span class='ocrx_word' id='word_1_164' title='bbox 945 2247 1003 2308; x_wconf 90' lang='lat' dir='ltr'>per</span> <span class='ocrx_word' id='word_1_165' title='bbox 1025 2227 1151 2289; x_wconf 91' lang='lat' dir='ltr'>unicam</span> 
     </span>
     <span class='ocr_line' id='line_1_20' title="bbox 356 2316 1150 2399; baseline 0.001 -22"><span class='ocrx_word' id='word_1_166' title='bbox 356 2316 590 2393; x_wconf 88' lang='lat' dir='ltr'>comestionem,</span> <span class='ocrx_word' id='word_1_167' title='bbox 607 2323 798 2399; x_wconf 73' lang='lat' dir='ltr'>onerataque</span> <span class='ocrx_word' id='word_1_168' title='bbox 822 2317 1046 2398; x_wconf 79' lang='lat' dir='ltr'>predictorum</span> <span class='ocrx_word' id='word_1_169' title='bbox 1069 2318 1150 2378; x_wconf 79' lang='lat' dir='ltr'>Prae·</span> 
     </span>
     <span class='ocr_line' id='line_1_21' title="bbox 356 2403 1151 2485; baseline 0 -20"><span class='ocrx_word' id='word_1_170' title='bbox 356 2403 509 2467; x_wconf 83' lang='lat' dir='ltr'>factorum</span> <span class='ocrx_word' id='word_1_171' title='bbox 540 2405 743 2485; x_wconf 88' lang='lat' dir='ltr'>conscientia,</span> <span class='ocrx_word' id='word_1_172' title='bbox 777 2406 803 2468; x_wconf 92' lang='lat' dir='ltr'>si</span> <span class='ocrx_word' id='word_1_173' title='bbox 838 2404 1030 2468; x_wconf 81' lang='lat' dir='ltr'>adamussim</span> <span class='ocrx_word' id='word_1_174' title='bbox 1060 2403 1151 2485; x_wconf 82' lang='lat' dir='ltr'>justa</span> 
     </span>
     <span class='ocr_line' id='line_1_22' title="bbox 356 2493 1151 2573; baseline 0.003 -19"><span class='ocrx_word' id='word_1_175' title='bbox 356 2493 574 2573; x_wconf 81' lang='lat' dir='ltr'>praescriptum</span> <span class='ocrx_word' id='word_1_176' title='bbox 588 2511 738 2559; x_wconf 89' lang='lat' dir='ltr'>concessa</span> <span class='ocrx_word' id='word_1_177' title='bbox 758 2495 907 2559; x_wconf 82' lang='lat' dir='ltr'>facultate</span> <span class='ocrx_word' id='word_1_178' title='bbox 930 2494 978 2558; x_wconf 91' lang='lat' dir='ltr'>usi</span> <span class='ocrx_word' id='word_1_179' title='bbox 998 2512 1060 2556; x_wconf 91' lang='lat' dir='ltr'>uon</span> <span class='ocrx_word' id='word_1_180' title='bbox 1074 2493 1151 2556; x_wconf 90' lang='lat' dir='ltr'>fuis-</span> 
     </span>
     <span class='ocr_line' id='line_1_23' title="bbox 356 2587 437 2645; baseline 0.037 -3"><span class='ocrx_word' id='word_1_181' title='bbox 356 2587 437 2645; x_wconf 89' lang='lat' dir='ltr'>sent.</span> 
     </span>
    </p>

    <p class='ocr_par' dir='ltr' id='par_1_5' title="bbox 356 2669 1153 4163">
     <span class='ocr_line' id='line_1_24' title="bbox 397 2669 1147 2753; baseline 0.005 -25"><span class='ocrx_word' id='word_1_182' title='bbox 397 2670 494 2734; x_wconf 86' lang='lat' dir='ltr'>nSed</span> <span class='ocrx_word' id='word_1_183' title='bbox 518 2669 585 2752; x_wconf 85' lang='lat' dir='ltr'>jam</span> <span class='ocrx_word' id='word_1_184' title='bbox 612 2670 655 2733; x_wconf 88' lang='lat' dir='ltr'>ad</span> <span class='ocrx_word' id='word_1_185' title='bbox 681 2672 905 2753; x_wconf 86' lang='lat' dir='ltr'>experientiam</span> <span class='ocrx_word' id='word_1_186' title='bbox 932 2671 1147 2734; x_wconf 88' lang='lat' dir='ltr'>deveniamus.</span> 
     </span>
     <span class='ocr_line' id='line_1_25' title="bbox 357 2758 1151 2841; baseline 0 -21"><span class='ocrx_word' id='word_1_187' title='bbox 357 2758 541 2832; x_wconf 85' lang='lat' dir='ltr'>Quindecim</span> <span class='ocrx_word' id='word_1_188' title='bbox 556 2760 595 2822; x_wconf 90' lang='lat' dir='ltr'>ab</span> <span class='ocrx_word' id='word_1_189' title='bbox 610 2759 684 2822; x_wconf 91' lang='lat' dir='ltr'>hinc</span> <span class='ocrx_word' id='word_1_190' title='bbox 698 2760 789 2822; x_wconf 85' lang='lat' dir='ltr'>annis</span> <span class='ocrx_word' id='word_1_191' title='bbox 803 2779 861 2841; x_wconf 89' lang='lat' dir='ltr'>per</span> <span class='ocrx_word' id='word_1_192' title='bbox 874 2761 975 2824; x_wconf 77' lang='lat' dir='ltr'>totam</span> <span class='ocrx_word' id='word_1_193' title='bbox 997 2759 1062 2822; x_wconf 91' lang='lat' dir='ltr'>fare</span> <span class='ocrx_word' id='word_1_194' title='bbox 1088 2761 1151 2822; x_wconf 76' lang='lat' dir='ltr'>liu-</span> 
     </span>
     <span class='ocr_line' id='line_1_26' title="bbox 356 2846 1151 2930; baseline -0.003 -20"><span class='ocrx_word' id='word_1_195' title='bbox 356 2864 468 2927; x_wconf 88' lang='lat' dir='ltr'>ropam</span> <span class='ocrx_word' id='word_1_196' title='bbox 481 2846 610 2908; x_wconf 90' lang='lat' dir='ltr'>morbus</span> <span class='ocrx_word' id='word_1_197' title='bbox 633 2847 774 2926; x_wconf 87' lang='lat' dir='ltr'>invaluit,</span> <span class='ocrx_word' id='word_1_198' title='bbox 801 2848 854 2930; x_wconf 89' lang='lat' dir='ltr'>qui</span> <span class='ocrx_word' id='word_1_199' title='bbox 870 2848 1006 2928; x_wconf 87' lang='lat' dir='ltr'>pectoris</span> <span class='ocrx_word' id='word_1_200' title='bbox 1031 2847 1151 2909; x_wconf 87' lang='lat' dir='ltr'>inflam-</span> 
     </span>
     <span class='ocr_line' id='line_1_27' title="bbox 356 2935 1151 3000; baseline 0.001 -4"><span class='ocrx_word' id='word_1_201' title='bbox 356 2936 527 2997; x_wconf 86' lang='lat' dir='ltr'>mationem</span> <span class='ocrx_word' id='word_1_202' title='bbox 541 2935 695 2998; x_wconf 88' lang='lat' dir='ltr'>inferebat</span> <span class='ocrx_word' id='word_1_203' title='bbox 708 2937 752 3000; x_wconf 89' lang='lat' dir='ltr'>ita</span> <span class='ocrx_word' id='word_1_204' title='bbox 765 2940 869 2999; x_wconf 89' lang='lat' dir='ltr'>tamen</span> <span class='ocrx_word' id='word_1_205' title='bbox 885 2941 919 3000; x_wconf 92' lang='lat' dir='ltr'>ut</span> <span class='ocrx_word' id='word_1_206' title='bbox 933 2957 970 2999; x_wconf 86' lang='lat' dir='ltr'>ax</span> <span class='ocrx_word' id='word_1_207' title='bbox 985 2955 1049 2998; x_wconf 86' lang='lat' dir='ltr'>una</span> <span class='ocrx_word' id='word_1_208' title='bbox 1071 2937 1151 3000; x_wconf 85' lang='lat' dir='ltr'>civi·</span> 
     </span>
     <span class='ocr_line' id='line_1_28' title="bbox 357 3023 1151 3087; baseline 0 0"><span class='ocrx_word' id='word_1_209' title='bbox 357 3027 421 3087; x_wconf 85' lang='lat' dir='ltr'>tate</span> <span class='ocrx_word' id='word_1_210' title='bbox 435 3023 467 3084; x_wconf 92' lang='lat' dir='ltr'>in</span> <span class='ocrx_word' id='word_1_211' title='bbox 479 3024 574 3086; x_wconf 86' lang='lat' dir='ltr'>aliam</span> <span class='ocrx_word' id='word_1_212' title='bbox 588 3027 621 3087; x_wconf 91' lang='lat' dir='ltr'>et</span> <span class='ocrx_word' id='word_1_213' title='bbox 633 3043 740 3086; x_wconf 86' lang='lat' dir='ltr'>exuna</span> <span class='ocrx_word' id='word_1_214' title='bbox 753 3025 919 3087; x_wconf 88' lang='lat' dir='ltr'>Provincia</span> <span class='ocrx_word' id='word_1_215' title='bbox 932 3027 964 3086; x_wconf 94' lang='lat' dir='ltr'>in</span> <span class='ocrx_word' id='word_1_216' title='bbox 977 3025 1072 3086; x_wconf 88' lang='lat' dir='ltr'>aliam</span> <span class='ocrx_word' id='word_1_217' title='bbox 1082 3025 1151 3087; x_wconf 83' lang='lat' dir='ltr'>haec</span> 
     </span>
     <span class='ocr_line' id='line_1_29' title="bbox 357 3111 1150 3192; baseline 0.003 -18"><span class='ocrx_word' id='word_1_218' title='bbox 357 3111 481 3174; x_wconf 90' lang='lat' dir='ltr'>funesta</span> <span class='ocrx_word' id='word_1_219' title='bbox 505 3113 572 3173; x_wconf 88' lang='lat' dir='ltr'>lues</span> <span class='ocrx_word' id='word_1_220' title='bbox 600 3119 812 3192; x_wconf 84' lang='lat' dir='ltr'>promanaret.</span> <span class='ocrx_word' id='word_1_221' title='bbox 843 3114 878 3175; x_wconf 96' lang='lat' dir='ltr'>ld</span> <span class='ocrx_word' id='word_1_222' title='bbox 901 3112 1032 3192; x_wconf 88' lang='lat' dir='ltr'>contigit</span> <span class='ocrx_word' id='word_1_223' title='bbox 1059 3114 1150 3176; x_wconf 88' lang='lat' dir='ltr'>annis</span> 
     </span>
     <span class='ocr_line' id='line_1_30' title="bbox 357 3201 1151 3282; baseline 0.001 -20"><span class='ocrx_word' id='word_1_224' title='bbox 357 3203 657 3278; x_wconf 80' lang='grc'>1130,1“133,1“110.</span> <span class='ocrx_word' id='word_1_225' title='bbox 683 3201 770 3264; x_wconf 87' lang='lat' dir='ltr'>Licet</span> <span class='ocrx_word' id='word_1_226' title='bbox 793 3206 899 3265; x_wconf 88' lang='lat' dir='ltr'>autem</span> <span class='ocrx_word' id='word_1_227' title='bbox 921 3202 1050 3264; x_wconf 88' lang='lat' dir='ltr'>morbus</span> <span class='ocrx_word' id='word_1_228' title='bbox 1065 3201 1151 3282; x_wconf 85' lang='lat' dir='ltr'>ejus-</span> 
     </span>
     <span class='ocr_line' id='line_1_31' title="bbox 358 3287 1149 3370; baseline 0.004 -20"><span class='ocrx_word' id='word_1_229' title='bbox 358 3287 454 3364; x_wconf 84' lang='lat' dir='ltr'>modi,</span> <span class='ocrx_word' id='word_1_230' title='bbox 471 3288 524 3368; x_wconf 94' lang='lat' dir='ltr'>qui</span> <span class='ocrx_word' id='word_1_231' title='bbox 539 3289 701 3352; x_wconf 87' lang='lat' dir='ltr'>universos</span> <span class='ocrx_word' id='word_1_232' title='bbox 715 3289 878 3352; x_wconf 91' lang='lat' dir='ltr'>bominum</span> <span class='ocrx_word' id='word_1_233' title='bbox 892 3290 1029 3368; x_wconf 92' lang='lat' dir='ltr'>ordines,</span> <span class='ocrx_word' id='word_1_234' title='bbox 1053 3294 1149 3370; x_wconf 88' lang='lat' dir='ltr'>atque</span> 
     </span>
     <span class='ocr_line' id='line_1_32' title="bbox 358 3376 1152 3460; baseline 0.003 -22"><span class='ocrx_word' id='word_1_235' title='bbox 358 3379 465 3438; x_wconf 82' lang='lat' dir='ltr'>aetates</span> <span class='ocrx_word' id='word_1_236' title='bbox 479 3376 679 3455; x_wconf 82' lang='lat' dir='ltr'>corripiebat,</span> <span class='ocrx_word' id='word_1_237' title='bbox 688 3377 805 3440; x_wconf 86' lang='lat' dir='ltr'>lentam</span> <span class='ocrx_word' id='word_1_238' title='bbox 815 3379 956 3441; x_wconf 89' lang='lat' dir='ltr'>salumin</span> <span class='ocrx_word' id='word_1_239' title='bbox 966 3383 1093 3460; x_wconf 87' lang='lat' dir='ltr'>pectore</span> <span class='ocrx_word' id='word_1_240' title='bbox 1103 3380 1152 3440; x_wconf 92' lang='lat' dir='ltr'>in·</span> 
     </span>
     <span class='ocr_line' id='line_1_33' title="bbox 356 3465 1150 3543; baseline 0.005 -18"><span class='ocrx_word' id='word_1_241' title='bbox 356 3465 602 3526; x_wconf 84' lang='lat' dir='ltr'>flammationem</span> <span class='ocrx_word' id='word_1_242' title='bbox 630 3466 791 3543; x_wconf 85' lang='lat' dir='ltr'>excitaret,</span> <span class='ocrx_word' id='word_1_243' title='bbox 807 3471 913 3529; x_wconf 87' lang='lat' dir='ltr'>tamen</span> <span class='ocrx_word' id='word_1_244' title='bbox 936 3468 1064 3530; x_wconf 88' lang='lat' dir='ltr'>senibus</span> <span class='ocrx_word' id='word_1_245' title='bbox 1084 3485 1150 3529; x_wconf 91' lang='lat' dir='ltr'>ma·</span> 
     </span>
     <span class='ocr_line' id='line_1_34' title="bbox 356 3552 1152 3633; baseline 0.005 -19"><span class='ocrx_word' id='word_1_246' title='bbox 356 3559 429 3615; x_wconf 87' lang='lat' dir='ltr'>ture</span> <span class='ocrx_word' id='word_1_247' title='bbox 439 3552 506 3633; x_wconf 89' lang='lat' dir='ltr'>jam</span> <span class='ocrx_word' id='word_1_248' title='bbox 520 3556 611 3615; x_wconf 74' lang='lat' dir='ltr'>etate</span> <span class='ocrx_word' id='word_1_249' title='bbox 625 3553 794 3617; x_wconf 85' lang='lat' dir='ltr'>debilitatis</span> <span class='ocrx_word' id='word_1_250' title='bbox 809 3557 982 3617; x_wconf 81' lang='lat' dir='ltr'>extremam</span> <span class='ocrx_word' id='word_1_251' title='bbox 999 3555 1152 3618; x_wconf 87' lang='lat' dir='ltr'>afferebat</span> 
     </span>
     <span class='ocr_line' id='line_1_35' title="bbox 357 3641 1151 3723; baseline 0.008 -22"><span class='ocrx_word' id='word_1_252' title='bbox 357 3641 529 3723; x_wconf 86' lang='lat' dir='ltr'>perniciem</span> <span class='ocrx_word' id='word_1_253' title='bbox 545 3661 552 3702; x_wconf 91' lang='lat'>:</span> <span class='ocrx_word' id='word_1_254' title='bbox 569 3660 642 3704; x_wconf 90' lang='lat' dir='ltr'>nam</span> <span class='ocrx_word' id='word_1_255' title='bbox 657 3661 694 3704; x_wconf 85' lang='lat' dir='ltr'>ex</span> <span class='ocrx_word' id='word_1_256' title='bbox 707 3643 775 3722; x_wconf 88' lang='lat' dir='ltr'>ipso</span> <span class='ocrx_word' id='word_1_257' title='bbox 785 3643 889 3706; x_wconf 89' lang='lat' dir='ltr'>febres</span> <span class='ocrx_word' id='word_1_258' title='bbox 898 3643 1098 3721; x_wconf 85' lang='lat' dir='ltr'>acutissimae,</span> <span class='ocrx_word' id='word_1_259' title='bbox 1113 3663 1151 3708; x_wconf 88' lang='lat' dir='ltr'>ac</span> 
     </span>
     <span class='ocr_line' id='line_1_36' title="bbox 357 3729 1151 3811; baseline 0.005 -21"><span class='ocrx_word' id='word_1_260' title='bbox 357 3729 506 3791; x_wconf 86' lang='lat' dir='ltr'>mortales</span> <span class='ocrx_word' id='word_1_261' title='bbox 520 3731 742 3811; x_wconf 87' lang='lat' dir='ltr'>sequebantur.</span> <span class='ocrx_word' id='word_1_262' title='bbox 759 3731 848 3793; x_wconf 90' lang='lat' dir='ltr'>Idem</span> <span class='ocrx_word' id='word_1_263' title='bbox 867 3732 997 3794; x_wconf 89' lang='lat' dir='ltr'>morbus</span> <span class='ocrx_word' id='word_1_264' title='bbox 1011 3731 1043 3792; x_wconf 93' lang='lat' dir='ltr'>in</span> <span class='ocrx_word' id='word_1_265' title='bbox 1067 3731 1151 3811; x_wconf 87' lang='lat' dir='ltr'>peri-</span> 
     </span>
     <span class='ocr_line' id='line_1_37' title="bbox 358 3817 1150 3901; baseline 0.004 -22"><span class='ocrx_word' id='word_1_266' title='bbox 358 3818 463 3879; x_wconf 92' lang='lat' dir='ltr'>culum</span> <span class='ocrx_word' id='word_1_267' title='bbox 477 3817 624 3880; x_wconf 87' lang='lat' dir='ltr'>trahebat</span> <span class='ocrx_word' id='word_1_268' title='bbox 633 3817 774 3900; x_wconf 87' lang='lat' dir='ltr'>juniores</span> <span class='ocrx_word' id='word_1_269' title='bbox 788 3819 894 3897; x_wconf 82' lang='lat' dir='ltr'>etiarn,</span> <span class='ocrx_word' id='word_1_270' title='bbox 911 3820 964 3901; x_wconf 92' lang='lat' dir='ltr'>qui</span> <span class='ocrx_word' id='word_1_271' title='bbox 985 3820 1150 3901; x_wconf 89' lang='lat' dir='ltr'>paululum</span> 
     </span>
     <span class='ocr_line' id='line_1_38' title="bbox 356 3906 1153 3985; baseline 0.004 -17"><span class='ocrx_word' id='word_1_272' title='bbox 356 3906 481 3968; x_wconf 88' lang='lat' dir='ltr'>infirmo</span> <span class='ocrx_word' id='word_1_273' title='bbox 498 3910 625 3985; x_wconf 88' lang='lat' dir='ltr'>pectore</span> <span class='ocrx_word' id='word_1_274' title='bbox 639 3906 830 3970; x_wconf 86' lang='lat' dir='ltr'>laborarent.</span> <span class='ocrx_word' id='word_1_275' title='bbox 854 3911 1015 3970; x_wconf 86' lang='lat' dir='ltr'>Postremo</span> <span class='ocrx_word' id='word_1_276' title='bbox 1037 3910 1153 3972; x_wconf 89' lang='lat' dir='ltr'>multo·</span> 
     </span>
     <span class='ocr_line' id='line_1_39' title="bbox 357 3994 1152 4078; baseline 0.008 -24"><span class='ocrx_word' id='word_1_277' title='bbox 357 4010 428 4054; x_wconf 87' lang='lat' dir='ltr'>rum</span> <span class='ocrx_word' id='word_1_278' title='bbox 442 3998 570 4072; x_wconf 78' lang='lat' dir='ltr'>pectam</span> <span class='ocrx_word' id='word_1_279' title='bbox 583 3995 662 4056; x_wconf 87' lang='lat' dir='ltr'>adeo</span> <span class='ocrx_word' id='word_1_280' title='bbox 674 3994 893 4075; x_wconf 88' lang='lat' dir='ltr'>labefactavit,</span> <span class='ocrx_word' id='word_1_281' title='bbox 909 4001 945 4060; x_wconf 91' lang='lat' dir='ltr'>ut</span> <span class='ocrx_word' id='word_1_282' title='bbox 966 3997 1152 4078; x_wconf 86' lang='lat' dir='ltr'>gravissima</span> 
     </span>
     <span class='ocr_line' id='line_1_40' title="bbox 358 4081 797 4163; baseline 0.009 -21"><span class='ocrx_word' id='word_1_283' title='bbox 358 4081 472 4143; x_wconf 88' lang='lat' dir='ltr'>deinde</span> <span class='ocrx_word' id='word_1_284' title='bbox 486 4083 570 4144; x_wconf 87' lang='lat' dir='ltr'>mala</span> <span class='ocrx_word' id='word_1_285' title='bbox 584 4084 797 4163; x_wconf 91' lang='lat' dir='ltr'>provenerint.</span> 
     </span>
    </p>

    <p class='ocr_par' dir='ltr' id='par_1_6' title="bbox 357 4170 1155 5480">
     <span class='ocr_line' id='line_1_41' title="bbox 398 4170 1152 4253; baseline 0.011 -27"><span class='ocrx_word' id='word_1_286' title='bbox 398 4191 413 4228; x_wconf 85' lang='lat' dir='ltr'>n</span> <span class='ocrx_word' id='word_1_287' title='bbox 431 4170 518 4232; x_wconf 80' lang='lat' dir='ltr'>Abos</span> <span class='ocrx_word' id='word_1_288' title='bbox 533 4188 658 4252; x_wconf 88' lang='lat' dir='ltr'>quoqne</span> <span class='ocrx_word' id='word_1_289' title='bbox 672 4170 799 4234; x_wconf 89' lang='lat' dir='ltr'>morbos</span> <span class='ocrx_word' id='word_1_290' title='bbox 821 4171 915 4253; x_wconf 88' lang='lat' dir='ltr'>hujus</span> <span class='ocrx_word' id='word_1_291' title='bbox 928 4172 1064 4252; x_wconf 86' lang='lat' dir='ltr'>generis,</span> <span class='ocrx_word' id='word_1_292' title='bbox 1080 4190 1152 4251; x_wconf 89' lang='lat' dir='ltr'>pec-</span> 
     </span>
     <span class='ocr_line' id='line_1_42' title="bbox 357 4257 1150 4340; baseline 0.003 -20"><span class='ocrx_word' id='word_1_293' title='bbox 357 4258 434 4320; x_wconf 89' lang='lat' dir='ltr'>toris</span> <span class='ocrx_word' id='word_1_294' title='bbox 458 4257 737 4322; x_wconf 83' lang='lat' dir='ltr'>inflammationem</span> <span class='ocrx_word' id='word_1_295' title='bbox 768 4278 884 4340; x_wconf 91' lang='lat' dir='ltr'>magno</span> <span class='ocrx_word' id='word_1_296' title='bbox 912 4279 985 4322; x_wconf 88' lang='lat' dir='ltr'>cum</span> <span class='ocrx_word' id='word_1_297' title='bbox 1012 4261 1150 4340; x_wconf 86' lang='lat' dir='ltr'>periculo</span> 
     </span>
     <span class='ocr_line' id='line_1_43' title="bbox 359 4347 1150 4426; baseline 0.004 -18"><span class='ocrx_word' id='word_1_298' title='bbox 359 4347 534 4424; x_wconf 84' lang='lat' dir='ltr'>afferentes,</span> <span class='ocrx_word' id='word_1_299' title='bbox 551 4347 698 4426; x_wconf 78' lang='lat' dir='ltr'>aegrosin</span> <span class='ocrx_word' id='word_1_300' title='bbox 713 4347 880 4409; x_wconf 88' lang='lat' dir='ltr'>discrimen</span> <span class='ocrx_word' id='word_1_301' title='bbox 896 4349 966 4411; x_wconf 76' lang='lat' dir='ltr'>vitea</span> <span class='ocrx_word' id='word_1_302' title='bbox 981 4349 1150 4411; x_wconf 86' lang='lat' dir='ltr'>adduxisse</span> 
     </span>
     <span class='ocr_line' id='line_1_44' title="bbox 357 4433 1153 4516; baseline 0.001 -19"><span class='ocrx_word' id='word_1_303' title='bbox 357 4433 469 4497; x_wconf 86' lang='lat' dir='ltr'>Medici</span> <span class='ocrx_word' id='word_1_304' title='bbox 484 4434 659 4513; x_wconf 85' lang='lat' dir='ltr'>Scriptores</span> <span class='ocrx_word' id='word_1_305' title='bbox 672 4436 847 4498; x_wconf 89' lang='lat' dir='ltr'>luculenter</span> <span class='ocrx_word' id='word_1_306' title='bbox 859 4441 1024 4498; x_wconf 87' lang='lat' dir='ltr'>testantur.</span> <span class='ocrx_word' id='word_1_307' title='bbox 1043 4439 1153 4516; x_wconf 86' lang='lat' dir='ltr'>ltaque</span> 
     </span>
     <span class='ocr_line' id='line_1_45' title="bbox 357 4519 1154 4603; baseline 0.003 -21"><span class='ocrx_word' id='word_1_308' title='bbox 357 4521 384 4582; x_wconf 91' lang='lat' dir='ltr'>si</span> <span class='ocrx_word' id='word_1_309' title='bbox 398 4519 559 4582; x_wconf 84' lang='lat' dir='ltr'>Mediciuae</span> <span class='ocrx_word' id='word_1_310' title='bbox 575 4521 769 4583; x_wconf 82' lang='lat' dir='ltr'>Professores</span> <span class='ocrx_word' id='word_1_311' title='bbox 783 4523 887 4600; x_wconf 89' lang='lat' dir='ltr'>acciti,</span> <span class='ocrx_word' id='word_1_312' title='bbox 899 4523 1073 4603; x_wconf 90' lang='lat' dir='ltr'>monitique</span> <span class='ocrx_word' id='word_1_313' title='bbox 1082 4542 1154 4603; x_wconf 91' lang='lat' dir='ltr'>gra-</span> 
     </span>
     <span class='ocr_line' id='line_1_46' title="bbox 358 4607 1149 4687; baseline 0.005 -21"><span class='ocrx_word' id='word_1_314' title='bbox 358 4607 446 4683; x_wconf 89' lang='lat' dir='ltr'>viter,</span> <span class='ocrx_word' id='word_1_315' title='bbox 462 4611 498 4668; x_wconf 91' lang='lat' dir='ltr'>ut</span> <span class='ocrx_word' id='word_1_316' title='bbox 511 4607 587 4668; x_wconf 92' lang='lat' dir='ltr'>nihil</span> <span class='ocrx_word' id='word_1_317' title='bbox 602 4625 621 4668; x_wconf 88' lang='lat' dir='ltr'>a</span> <span class='ocrx_word' id='word_1_318' title='bbox 635 4608 766 4670; x_wconf 88' lang='lat' dir='ltr'>veritate</span> <span class='ocrx_word' id='word_1_319' title='bbox 777 4609 914 4670; x_wconf 91' lang='lat' dir='ltr'>alienum</span> <span class='ocrx_word' id='word_1_320' title='bbox 925 4609 1149 4687; x_wconf 88' lang='lat' dir='ltr'>respondeant,</span> 
     </span>
     <span class='ocr_line' id='line_1_47' title="bbox 358 4694 1151 4778; baseline 0.006 -23"><span class='ocrx_word' id='word_1_321' title='bbox 358 4694 497 4756; x_wconf 87' lang='lat' dir='ltr'>unanimi</span> <span class='ocrx_word' id='word_1_322' title='bbox 513 4713 666 4758; x_wconf 90' lang='lat' dir='ltr'>consensu</span> <span class='ocrx_word' id='word_1_323' title='bbox 680 4697 837 4758; x_wconf 84' lang='lat' dir='ltr'>fateantur</span> <span class='ocrx_word' id='word_1_324' title='bbox 848 4697 903 4777; x_wconf 91' lang='lat' dir='ltr'>(uti</span> <span class='ocrx_word' id='word_1_325' title='bbox 914 4697 1089 4778; x_wconf 90' lang='lat' dir='ltr'>nobisipsis</span> <span class='ocrx_word' id='word_1_326' title='bbox 1101 4717 1151 4760; x_wconf 86' lang='lat' dir='ltr'>ac-</span> 
     </span>
     <span class='ocr_line' id='line_1_48' title="bbox 358 4783 1152 4866; baseline 0.006 -22"><span class='ocrx_word' id='word_1_327' title='bbox 358 4783 444 4860; x_wconf 88' lang='lat' dir='ltr'>cidit,</span> <span class='ocrx_word' id='word_1_328' title='bbox 459 4801 532 4844; x_wconf 91' lang='lat' dir='ltr'>cum</span> <span class='ocrx_word' id='word_1_329' title='bbox 545 4785 649 4846; x_wconf 84' lang='lat' dir='ltr'>adhuc</span> <span class='ocrx_word' id='word_1_330' title='bbox 668 4785 818 4847; x_wconf 72' lang='lat' dir='ltr'>Bononia</span> <span class='ocrx_word' id='word_1_331' title='bbox 831 4787 1041 4866; x_wconf 87' lang='lat' dir='ltr'>versaremur)</span> <span class='ocrx_word' id='word_1_332' title='bbox 1069 4805 1152 4849; x_wconf 91' lang='lat' dir='ltr'>mor·</span> 
     </span>
     <span class='ocr_line' id='line_1_49' title="bbox 357 4871 1154 4954; baseline 0.005 -22"><span class='ocrx_word' id='word_1_333' title='bbox 357 4871 434 4932; x_wconf 89' lang='lat' dir='ltr'>bum</span> <span class='ocrx_word' id='word_1_334' title='bbox 448 4889 516 4933; x_wconf 91' lang='lat' dir='ltr'>esse</span> <span class='ocrx_word' id='word_1_335' title='bbox 530 4871 601 4934; x_wconf 84' lang='lat' dir='ltr'>talis</span> <span class='ocrx_word' id='word_1_336' title='bbox 615 4876 747 4948; x_wconf 77' lang='lat' dir='ltr'>nabasce,</span> <span class='ocrx_word' id='word_1_337' title='bbox 765 4873 890 4952; x_wconf 87' lang='lat' dir='ltr'>qualem</span> <span class='ocrx_word' id='word_1_338' title='bbox 904 4874 1047 4954; x_wconf 89' lang='lat' dir='ltr'>superius</span> <span class='ocrx_word' id='word_1_339' title='bbox 1067 4893 1154 4936; x_wconf 89' lang='lat' dir='ltr'>com-</span> 
     </span>
     <span class='ocr_line' id='line_1_50' title="bbox 357 4959 1155 5032; baseline 0.003 -11"><span class='ocrx_word' id='word_1_340' title='bbox 357 4959 613 5032; x_wconf 87' lang='lat' dir='ltr'>memoravimus,</span> <span class='ocrx_word' id='word_1_341' title='bbox 629 4960 674 5022; x_wconf 89' lang='lat' dir='ltr'>ita</span> <span class='ocrx_word' id='word_1_342' title='bbox 686 4965 722 5023; x_wconf 93' lang='lat' dir='ltr'>ut</span> <span class='ocrx_word' id='word_1_343' title='bbox 735 4963 822 5023; x_wconf 91' lang='lat' dir='ltr'>nulla</span> <span class='ocrx_word' id='word_1_344' title='bbox 835 4965 911 5023; x_wconf 89' lang='lat' dir='ltr'>aetas</span> <span class='ocrx_word' id='word_1_345' title='bbox 926 4962 1026 5024; x_wconf 90' lang='lat' dir='ltr'>libera</span> <span class='ocrx_word' id='word_1_346' title='bbox 1047 4967 1078 5025; x_wconf 90' lang='lat' dir='ltr'>et</span> <span class='ocrx_word' id='word_1_347' title='bbox 1104 4963 1155 5023; x_wconf 92' lang='lat' dir='ltr'>in·</span> 
     </span>
     <span class='ocr_line' id='line_1_51' title="bbox 359 5045 1153 5130; baseline 0.003 -22"><span class='ocrx_word' id='word_1_348' title='bbox 359 5045 491 5108; x_wconf 91' lang='lat' dir='ltr'>columis</span> <span class='ocrx_word' id='word_1_349' title='bbox 506 5064 573 5108; x_wconf 89' lang='lat' dir='ltr'>esse</span> <span class='ocrx_word' id='word_1_350' title='bbox 589 5054 684 5126; x_wconf 90' lang='lat' dir='ltr'>queat</span> <span class='ocrx_word' id='word_1_351' title='bbox 694 5051 726 5110; x_wconf 91' lang='lat' dir='ltr'>et</span> <span class='ocrx_word' id='word_1_352' title='bbox 739 5048 896 5111; x_wconf 87' lang='lat' dir='ltr'>affirment</span> <span class='ocrx_word' id='word_1_353' title='bbox 911 5049 971 5110; x_wconf 90' lang='lat' dir='ltr'>illis</span> <span class='ocrx_word' id='word_1_354' title='bbox 984 5050 1072 5129; x_wconf 89' lang='lat' dir='ltr'>ipsis,</span> <span class='ocrx_word' id='word_1_355' title='bbox 1100 5050 1153 5130; x_wconf 92' lang='lat' dir='ltr'>qui</span> 
     </span>
     <span class='ocr_line' id='line_1_52' title="bbox 359 5133 1154 5216; baseline 0.006 -22"><span class='ocrx_word' id='word_1_356' title='bbox 359 5134 441 5196; x_wconf 86' lang='lat' dir='ltr'>iuter</span> <span class='ocrx_word' id='word_1_357' title='bbox 455 5133 545 5197; x_wconf 85' lang='lat' dir='ltr'>Cives</span> <span class='ocrx_word' id='word_1_358' title='bbox 559 5135 636 5197; x_wconf 89' lang='lat' dir='ltr'>salvi</span> <span class='ocrx_word' id='word_1_359' title='bbox 657 5141 689 5199; x_wconf 92' lang='lat' dir='ltr'>et</span> <span class='ocrx_word' id='word_1_360' title='bbox 702 5136 816 5216; x_wconf 83' lang='lat' dir='ltr'>integri</span> <span class='ocrx_word' id='word_1_361' title='bbox 835 5143 1051 5215; x_wconf 88' lang='lat' dir='ltr'>numerantur,</span> <span class='ocrx_word' id='word_1_362' title='bbox 1064 5157 1154 5199; x_wconf 87' lang='lat' dir='ltr'>eam-</span> 
     </span>
     <span class='ocr_line' id='line_1_53' title="bbox 359 5222 1151 5305; baseline 0.005 -23"><span class='ocrx_word' id='word_1_363' title='bbox 359 5222 431 5283; x_wconf 89' lang='lat' dir='ltr'>dem</span> <span class='ocrx_word' id='word_1_364' title='bbox 454 5224 624 5302; x_wconf 91' lang='lat' dir='ltr'>perniciem</span> <span class='ocrx_word' id='word_1_365' title='bbox 646 5223 826 5300; x_wconf 87' lang='lat' dir='ltr'>imminere;</span> <span class='ocrx_word' id='word_1_366' title='bbox 851 5225 883 5286; x_wconf 91' lang='lat' dir='ltr'>id</span> <span class='ocrx_word' id='word_1_367' title='bbox 903 5230 1056 5305; x_wconf 77' lang='lat' dir='ltr'>practerea</span> <span class='ocrx_word' id='word_1_368' title='bbox 1078 5245 1151 5288; x_wconf 92' lang='lat' dir='ltr'>con-</span> 
     </span>
     <span class='ocr_line' id='line_1_54' title="bbox 358 5310 1150 5394; baseline 0.003 -22"><span class='ocrx_word' id='word_1_369' title='bbox 358 5310 440 5372; x_wconf 85' lang='lat' dir='ltr'>ferre</span> <span class='ocrx_word' id='word_1_370' title='bbox 455 5311 624 5390; x_wconf 90' lang='lat' dir='ltr'>plurimum</span> <span class='ocrx_word' id='word_1_371' title='bbox 642 5313 683 5373; x_wconf 87' lang='lat' dir='ltr'>ad</span> <span class='ocrx_word' id='word_1_372' title='bbox 706 5311 859 5394; x_wconf 89' lang='lat' dir='ltr'>ejusmodi</span> <span class='ocrx_word' id='word_1_373' title='bbox 885 5315 970 5374; x_wconf 90' lang='lat' dir='ltr'>luem</span> <span class='ocrx_word' id='word_1_374' title='bbox 993 5314 1150 5394; x_wconf 89' lang='lat' dir='ltr'>depellen-</span> 
     </span>
     <span class='ocr_line' id='line_1_55' title="bbox 359 5397 1151 5480; baseline 0.005 -20"><span class='ocrx_word' id='word_1_375' title='bbox 359 5397 444 5473; x_wconf 89' lang='lat' dir='ltr'>dam,</span> <span class='ocrx_word' id='word_1_376' title='bbox 461 5403 517 5460; x_wconf 90' lang='lat' dir='ltr'>aut</span> <span class='ocrx_word' id='word_1_377' title='bbox 530 5399 722 5479; x_wconf 89' lang='lat' dir='ltr'>evitandam,</span> <span class='ocrx_word' id='word_1_378' title='bbox 735 5400 761 5462; x_wconf 90' lang='lat' dir='ltr'>si</span> <span class='ocrx_word' id='word_1_379' title='bbox 775 5404 843 5462; x_wconf 89' lang='lat' dir='ltr'>tum</span> <span class='ocrx_word' id='word_1_380' title='bbox 858 5405 1057 5480; x_wconf 75' lang='lat' dir='ltr'>aegrotantes,</span> <span class='ocrx_word' id='word_1_381' title='bbox 1082 5405 1151 5464; x_wconf 88' lang='lat' dir='ltr'>tum</span> 
     </span>
    </p>
   </div>
   <div class='ocr_carea' id='block_1_5' title="bbox 1202 1342 1989 2482">
    <p class='ocr_par' dir='ltr' id='par_1_7' title="bbox 1202 1342 1989 2482">
     <span class='ocr_line' id='line_1_56' title="bbox 1203 1342 1984 1424; baseline 0.003 -18"><span class='ocrx_word' id='word_1_382' title='bbox 1203 1363 1222 1406; x_wconf 90' lang='lat' dir='ltr'>a</span> <span class='ocrx_word' id='word_1_383' title='bbox 1245 1343 1445 1406; x_wconf 88' lang='lat' dir='ltr'>consulendis</span> <span class='ocrx_word' id='word_1_384' title='bbox 1466 1342 1595 1406; x_wconf 88' lang='lat' dir='ltr'>Medicis</span> <span class='ocrx_word' id='word_1_385' title='bbox 1619 1343 1672 1424; x_wconf 91' lang='lat' dir='ltr'>qui</span> <span class='ocrx_word' id='word_1_386' title='bbox 1687 1343 1921 1423; x_wconf 72' lang='lat' dir='ltr'>prestantiores</span> <span class='ocrx_word' id='word_1_387' title='bbox 1938 1346 1984 1408; x_wconf 80' lang='lat' dir='ltr'>ba-</span> 
     </span>
     <span class='ocr_line' id='line_1_57' title="bbox 1202 1431 1983 1514; baseline 0.003 -20"><span class='ocrx_word' id='word_1_388' title='bbox 1202 1432 1348 1494; x_wconf 90' lang='lat' dir='ltr'>beantur.</span> <span class='ocrx_word' id='word_1_389' title='bbox 1366 1431 1549 1494; x_wconf 80' lang='lat' dir='ltr'>Cavendum</span> <span class='ocrx_word' id='word_1_390' title='bbox 1562 1433 1692 1510; x_wconf 85' lang='lat' dir='ltr'>pariter,</span> <span class='ocrx_word' id='word_1_391' title='bbox 1717 1437 1754 1493; x_wconf 91' lang='lat' dir='ltr'>ut</span> <span class='ocrx_word' id='word_1_392' title='bbox 1768 1432 1923 1514; x_wconf 90' lang='lat' dir='ltr'>quidquid</span> <span class='ocrx_word' id='word_1_393' title='bbox 1942 1452 1983 1496; x_wconf 86' lang='lat' dir='ltr'>re-</span> 
     </span>
     <span class='ocr_line' id='line_1_58' title="bbox 1204 1519 1985 1599; baseline 0.003 -19"><span class='ocrx_word' id='word_1_394' title='bbox 1204 1537 1280 1580; x_wconf 89' lang='lat' dir='ltr'>vera</span> <span class='ocrx_word' id='word_1_395' title='bbox 1294 1519 1459 1596; x_wconf 88' lang='lat' dir='ltr'>senserint,</span> <span class='ocrx_word' id='word_1_396' title='bbox 1471 1519 1588 1599; x_wconf 88' lang='lat' dir='ltr'>scripto</span> <span class='ocrx_word' id='word_1_397' title='bbox 1602 1519 1710 1582; x_wconf 84' lang='lat' dir='ltr'>testari</span> <span class='ocrx_word' id='word_1_398' title='bbox 1730 1538 1795 1582; x_wconf 91' lang='lat' dir='ltr'>nou</span> <span class='ocrx_word' id='word_1_399' title='bbox 1817 1519 1985 1599; x_wconf 84' lang='lat' dir='ltr'>praetermit-</span> 
     </span>
     <span class='ocr_line' id='line_1_59' title="bbox 1203 1607 1986 1688; baseline 0 -18"><span class='ocrx_word' id='word_1_400' title='bbox 1203 1612 1287 1680; x_wconf 87' lang='lat' dir='ltr'>taut;</span> <span class='ocrx_word' id='word_1_401' title='bbox 1305 1626 1375 1688; x_wconf 83' lang='lat' dir='ltr'>quse</span> <span class='ocrx_word' id='word_1_402' title='bbox 1390 1608 1527 1670; x_wconf 91' lang='lat' dir='ltr'>conditio</span> <span class='ocrx_word' id='word_1_403' title='bbox 1540 1607 1565 1669; x_wconf 90' lang='lat' dir='ltr'>si</span> <span class='ocrx_word' id='word_1_404' title='bbox 1581 1608 1662 1671; x_wconf 87' lang='lat' dir='ltr'>desit</span> <span class='ocrx_word' id='word_1_405' title='bbox 1674 1608 1707 1670; x_wconf 93' lang='lat' dir='ltr'>in</span> <span class='ocrx_word' id='word_1_406' title='bbox 1722 1613 1901 1688; x_wconf 86' lang='lat' dir='ltr'>posterum,</span> <span class='ocrx_word' id='word_1_407' title='bbox 1916 1609 1986 1670; x_wconf 84' lang='lat' dir='ltr'>nulb</span> 
     </span>
     <span class='ocr_line' id='line_1_60' title="bbox 1204 1695 1985 1776; baseline -0.001 -17"><span class='ocrx_word' id='word_1_408' title='bbox 1204 1714 1344 1776; x_wconf 87' lang='lat' dir='ltr'>uuquam</span> <span class='ocrx_word' id='word_1_409' title='bbox 1372 1696 1504 1758; x_wconf 87' lang='lat' dir='ltr'>facultas</span> <span class='ocrx_word' id='word_1_410' title='bbox 1520 1695 1653 1773; x_wconf 84' lang='lat' dir='ltr'>civitati,</span> <span class='ocrx_word' id='word_1_411' title='bbox 1679 1702 1735 1758; x_wconf 88' lang='lat' dir='ltr'>eut</span> <span class='ocrx_word' id='word_1_412' title='bbox 1749 1696 1887 1758; x_wconf 86' lang='lat' dir='ltr'>Dioecasi</span> <span class='ocrx_word' id='word_1_413' title='bbox 1899 1696 1985 1758; x_wconf 88' lang='lat' dir='ltr'>carui-</span> 
     </span>
     <span class='ocr_line' id='line_1_61' title="bbox 1203 1783 1987 1864; baseline -0.001 -17"><span class='ocrx_word' id='word_1_414' title='bbox 1203 1786 1274 1860; x_wconf 89' lang='lat' dir='ltr'>bus,</span> <span class='ocrx_word' id='word_1_415' title='bbox 1291 1789 1346 1847; x_wconf 89' lang='lat' dir='ltr'>aut</span> <span class='ocrx_word' id='word_1_416' title='bbox 1358 1783 1522 1845; x_wconf 88' lang='lat' dir='ltr'>lacticiniis</span> <span class='ocrx_word' id='word_1_417' title='bbox 1536 1783 1683 1846; x_wconf 87' lang='lat' dir='ltr'>vescendi</span> <span class='ocrx_word' id='word_1_418' title='bbox 1700 1788 1847 1864; x_wconf 86' lang='lat' dir='ltr'>tempore</span> <span class='ocrx_word' id='word_1_419' title='bbox 1861 1783 1987 1858; x_wconf 81' lang='lat' dir='ltr'>Quadra·</span> 
     </span>
     <span class='ocr_line' id='line_1_62' title="bbox 1203 1872 1986 1956; baseline -0.003 -20"><span class='ocrx_word' id='word_1_420' title='bbox 1203 1875 1331 1956; x_wconf 90' lang='lat' dir='ltr'>gesimae</span> <span class='ocrx_word' id='word_1_421' title='bbox 1345 1872 1501 1936; x_wconf 87' lang='lat' dir='ltr'>tribuetur</span> <span class='ocrx_word' id='word_1_422' title='bbox 1517 1892 1524 1934; x_wconf 94' lang='lat'><strong>:</strong></span> <span class='ocrx_word' id='word_1_423' title='bbox 1542 1873 1658 1954; x_wconf 89' lang='lat' dir='ltr'>quippe</span> <span class='ocrx_word' id='word_1_424' title='bbox 1669 1873 1701 1934; x_wconf 91' lang='lat' dir='ltr'>id</span> <span class='ocrx_word' id='word_1_425' title='bbox 1712 1873 1925 1936; x_wconf 86' lang='lat' dir='ltr'>necessarium</span> <span class='ocrx_word' id='word_1_426' title='bbox 1935 1889 1986 1934; x_wconf 76' lang='lat' dir='ltr'>ora</span> 
     </span>
     <span class='ocr_line' id='line_1_63' title="bbox 1204 1960 1987 2042; baseline -0.001 -19"><span class='ocrx_word' id='word_1_427' title='bbox 1204 1962 1279 2023; x_wconf 93' lang='lat' dir='ltr'>nino</span> <span class='ocrx_word' id='word_1_428' title='bbox 1295 1960 1428 2024; x_wconf 89' lang='lat' dir='ltr'>videtur.</span> <span class='ocrx_word' id='word_1_429' title='bbox 1445 1961 1575 2022; x_wconf 83' lang='lat' dir='ltr'>Accedit</span> <span class='ocrx_word' id='word_1_430' title='bbox 1589 1962 1695 2038; x_wconf 89' lang='lat' dir='ltr'>etiam,</span> <span class='ocrx_word' id='word_1_431' title='bbox 1712 1961 1799 2042; x_wconf 89' lang='lat' dir='ltr'>quod</span> <span class='ocrx_word' id='word_1_432' title='bbox 1824 1960 1933 2026; x_wconf 82' lang='lat' dir='ltr'>Medici</span> <span class='ocrx_word' id='word_1_433' title='bbox 1952 1961 1987 2022; x_wconf 85' lang='lat' dir='ltr'>fa·</span> 
     </span>
     <span class='ocr_line' id='line_1_64' title="bbox 1205 2047 1986 2130; baseline 0.001 -21"><span class='ocrx_word' id='word_1_434' title='bbox 1205 2048 1320 2110; x_wconf 83' lang='lat' dir='ltr'>uilitate</span> <span class='ocrx_word' id='word_1_435' title='bbox 1336 2047 1472 2128; x_wconf 87' lang='lat' dir='ltr'>quadam</span> <span class='ocrx_word' id='word_1_436' title='bbox 1487 2047 1663 2112; x_wconf 88' lang='lat' dir='ltr'>incredibili</span> <span class='ocrx_word' id='word_1_437' title='bbox 1678 2049 1858 2129; x_wconf 86' lang='lat' dir='ltr'>peculiares</span> <span class='ocrx_word' id='word_1_438' title='bbox 1877 2048 1986 2130; x_wconf 83' lang='lat' dir='ltr'>quidem</span> 
     </span>
     <span class='ocr_line' id='line_1_65' title="bbox 1205 2136 1988 2218; baseline -0.003 -18"><span class='ocrx_word' id='word_1_439' title='bbox 1205 2139 1295 2200; x_wconf 86' lang='lat' dir='ltr'>Cives</span> <span class='ocrx_word' id='word_1_440' title='bbox 1309 2155 1329 2199; x_wconf 89' lang='lat' dir='ltr'>a</span> <span class='ocrx_word' id='word_1_441' title='bbox 1343 2136 1600 2216; x_wconf 79' lang='lat' dir='ltr'>Ouadragesimoe</span> <span class='ocrx_word' id='word_1_442' title='bbox 1613 2138 1898 2218; x_wconf 84' lang='lat' dir='ltr'>praeceptaliberos</span> <span class='ocrx_word' id='word_1_443' title='bbox 1908 2137 1988 2199; x_wconf 84' lang='lat' dir='ltr'>etim·</span> 
     </span>
     <span class='ocr_line' id='line_1_66' title="bbox 1204 2225 1987 2310; baseline 0.001 -23"><span class='ocrx_word' id='word_1_444' title='bbox 1204 2244 1315 2288; x_wconf 90' lang='lat' dir='ltr'>munes</span> <span class='ocrx_word' id='word_1_445' title='bbox 1330 2225 1499 2288; x_wconf 85' lang='lat' dir='ltr'>decernere</span> <span class='ocrx_word' id='word_1_446' title='bbox 1513 2226 1650 2300; x_wconf 78' lang='lat' dir='ltr'>soleant3</span> <span class='ocrx_word' id='word_1_447' title='bbox 1668 2225 1720 2307; x_wconf 91' lang='lat' dir='ltr'>(da</span> <span class='ocrx_word' id='word_1_448' title='bbox 1738 2245 1805 2310; x_wconf 90' lang='lat' dir='ltr'>qua</span> <span class='ocrx_word' id='word_1_449' title='bbox 1830 2246 1867 2290; x_wconf 90' lang='lat' dir='ltr'>re</span> <span class='ocrx_word' id='word_1_450' title='bbox 1887 2225 1987 2305; x_wconf 77' lang='lat' dir='ltr'>gravis</span> 
     </span>
     <span class='ocr_line' id='line_1_67' title="bbox 1204 2312 1989 2380; baseline -0.001 -5"><span class='ocrx_word' id='word_1_451' title='bbox 1204 2313 1283 2376; x_wconf 88' lang='lat' dir='ltr'>sime</span> <span class='ocrx_word' id='word_1_452' title='bbox 1297 2312 1447 2375; x_wconf 91' lang='lat' dir='ltr'>monendi</span> <span class='ocrx_word' id='word_1_453' title='bbox 1460 2331 1480 2375; x_wconf 89' lang='lat' dir='ltr'>a</span> <span class='ocrx_word' id='word_1_454' title='bbox 1493 2313 1589 2376; x_wconf 78' lang='lat' dir='ltr'>Vobis</span> <span class='ocrx_word' id='word_1_455' title='bbox 1599 2318 1719 2376; x_wconf 88' lang='lat' dir='ltr'>suntne</span> <span class='ocrx_word' id='word_1_456' title='bbox 1733 2333 1811 2380; x_wconf 87' lang='lat' dir='ltr'>suas</span> <span class='ocrx_word' id='word_1_457' title='bbox 1824 2313 1942 2378; x_wconf 85' lang='lat' dir='ltr'>animas</span> <span class='ocrx_word' id='word_1_458' title='bbox 1953 2313 1989 2376; x_wconf 89' lang='lat' dir='ltr'>in·</span> 
     </span>
     <span class='ocr_line' id='line_1_68' title="bbox 1205 2400 1989 2482; baseline 0 -20"><span class='ocrx_word' id='word_1_459' title='bbox 1205 2400 1363 2481; x_wconf 89' lang='lat' dir='ltr'>dulgeudo</span> <span class='ocrx_word' id='word_1_460' title='bbox 1378 2401 1470 2463; x_wconf 89' lang='lat' dir='ltr'>nimis</span> <span class='ocrx_word' id='word_1_461' title='bbox 1480 2401 1676 2482; x_wconf 84' lang='lat' dir='ltr'>aggravent).</span> <span class='ocrx_word' id='word_1_462' title='bbox 1688 2404 1768 2467; x_wconf 90' lang='lat' dir='ltr'>Gum</span> <span class='ocrx_word' id='word_1_463' title='bbox 1778 2420 1859 2466; x_wconf 88' lang='lat' dir='ltr'>vero</span> <span class='ocrx_word' id='word_1_464' title='bbox 1869 2401 1989 2482; x_wconf 84' lang='lat' dir='ltr'>prouul-</span> 
     </span>
    </p>
   </div>
   <div class='ocr_carea' id='block_1_6' title="bbox 1203 2489 2020 2573">
    <p class='ocr_par' dir='ltr' id='par_1_8' title="bbox 1203 2489 2020 2573">
     <span class='ocr_line' id='line_1_69' title="bbox 1203 2489 2020 2573; baseline 0.004 -22"><span class='ocrx_word' id='word_1_465' title='bbox 1203 2491 1303 2552; x_wconf 89' lang='lat' dir='ltr'>versis</span> <span class='ocrx_word' id='word_1_466' title='bbox 1330 2489 1456 2554; x_wconf 86' lang='lat' dir='ltr'>Civibus</span> <span class='ocrx_word' id='word_1_467' title='bbox 1480 2489 1565 2552; x_wconf 89' lang='lat' dir='ltr'>idem</span> <span class='ocrx_word' id='word_1_468' title='bbox 1580 2491 1785 2554; x_wconf 86' lang='lat' dir='ltr'>statuendum</span> <span class='ocrx_word' id='word_1_469' title='bbox 1802 2490 1987 2573; x_wconf 83' lang='lat' dir='ltr'>proponitur,</span> <span class='ocrx_word' id='word_1_470' title='bbox 2016 2553 2020 2566; x_wconf 74' lang='grc'>,</span> 
     </span>
    </p>
   </div>
   <div class='ocr_carea' id='block_1_7' title="bbox 1203 2577 1992 5496">
    <p class='ocr_par' dir='ltr' id='par_1_9' title="bbox 1203 2577 1992 4161">
     <span class='ocr_line' id='line_1_70' title="bbox 1204 2577 1989 2660; baseline 0.001 -19"><span class='ocrx_word' id='word_1_471' title='bbox 1204 2582 1272 2642; x_wconf 83' lang='grc' dir='ltr'>1ιιιιι</span> <span class='ocrx_word' id='word_1_472' title='bbox 1286 2597 1321 2640; x_wconf 90' lang='lat' dir='ltr'>se</span> <span class='ocrx_word' id='word_1_473' title='bbox 1342 2577 1495 2654; x_wconf 80' lang='lat' dir='ltr'>difficiles,</span> <span class='ocrx_word' id='word_1_474' title='bbox 1512 2579 1679 2656; x_wconf 71' lang='lat' dir='ltr'>anxiasse</span> <span class='ocrx_word' id='word_1_475' title='bbox 1689 2579 1844 2644; x_wconf 84' lang='lat' dir='ltr'>sollicitos</span> <span class='ocrx_word' id='word_1_476' title='bbox 1857 2582 1989 2660; x_wconf 77' lang='lat' dir='ltr'>prestare</span> 
     </span>
     <span class='ocr_line' id='line_1_71' title="bbox 1204 2666 1991 2746; baseline -0.003 -16"><span class='ocrx_word' id='word_1_477' title='bbox 1204 2669 1267 2730; x_wconf 93' lang='lat' dir='ltr'>Nos</span> <span class='ocrx_word' id='word_1_478' title='bbox 1290 2666 1349 2746; x_wconf 91' lang='lat' dir='ltr'>ipsi</span> <span class='ocrx_word' id='word_1_479' title='bbox 1372 2667 1493 2745; x_wconf 84' lang='lat' dir='ltr'>experti</span> <span class='ocrx_word' id='word_1_480' title='bbox 1517 2685 1636 2730; x_wconf 89' lang='lat' dir='ltr'>sumus.</span> <span class='ocrx_word' id='word_1_481' title='bbox 1663 2670 1832 2732; x_wconf 86' lang='lat' dir='ltr'>Postremo</span> <span class='ocrx_word' id='word_1_482' title='bbox 1856 2668 1883 2730; x_wconf 89' lang='lat' dir='ltr'>si</span> <span class='ocrx_word' id='word_1_483' title='bbox 1908 2666 1991 2728; x_wconf 77' lang='lat' dir='ltr'>velint</span> 
     </span>
     <span class='ocr_line' id='line_1_72' title="bbox 1204 2755 1989 2838; baseline 0.001 -21"><span class='ocrx_word' id='word_1_484' title='bbox 1204 2773 1389 2836; x_wconf 88' lang='lat' dir='ltr'>percurrere</span> <span class='ocrx_word' id='word_1_485' title='bbox 1412 2774 1461 2832; x_wconf 90' lang='lat' dir='ltr'>ea,</span> <span class='ocrx_word' id='word_1_486' title='bbox 1485 2772 1555 2838; x_wconf 83' lang='lat' dir='ltr'>quse</span> <span class='ocrx_word' id='word_1_487' title='bbox 1582 2755 1614 2818; x_wconf 94' lang='lat' dir='ltr'>in</span> <span class='ocrx_word' id='word_1_488' title='bbox 1636 2755 1727 2820; x_wconf 85' lang='lat' dir='ltr'>Italia</span> <span class='ocrx_word' id='word_1_489' title='bbox 1750 2760 1784 2820; x_wconf 91' lang='lat' dir='ltr'>et</span> <span class='ocrx_word' id='word_1_490' title='bbox 1797 2755 1989 2835; x_wconf 81' lang='lat' dir='ltr'>extraipsam</span> 
     </span>
     <span class='ocr_line' id='line_1_73' title="bbox 1205 2843 1990 2926; baseline 0.005 -22"><span class='ocrx_word' id='word_1_491' title='bbox 1205 2843 1433 2925; x_wconf 73' lang='lat' dir='ltr'>preciosissimi</span> <span class='ocrx_word' id='word_1_492' title='bbox 1449 2846 1602 2907; x_wconf 81' lang='lat' dir='ltr'>ductores</span> <span class='ocrx_word' id='word_1_493' title='bbox 1613 2845 1744 2908; x_wconf 81' lang='lat' dir='ltr'>Medicis</span> <span class='ocrx_word' id='word_1_494' title='bbox 1760 2846 1864 2926; x_wconf 78' lang='lat' dir='ltr'>&#39;lypis</span> <span class='ocrx_word' id='word_1_495' title='bbox 1878 2845 1990 2924; x_wconf 63' lang='lat' dir='ltr'>anulp-</span> 
     </span>
     <span class='ocr_line' id='line_1_74' title="bbox 1205 2931 1990 3013; baseline 0 -19"><span class='ocrx_word' id='word_1_496' title='bbox 1205 2935 1288 3010; x_wconf 90' lang='lat' dir='ltr'>runt,</span> <span class='ocrx_word' id='word_1_497' title='bbox 1305 2931 1398 2996; x_wconf 86' lang='lat' dir='ltr'>facile</span> <span class='ocrx_word' id='word_1_498' title='bbox 1419 2931 1668 3013; x_wconf 88' lang='lat' dir='ltr'>deprehendent,</span> <span class='ocrx_word' id='word_1_499' title='bbox 1695 2933 1932 3011; x_wconf 85' lang='lat' dir='ltr'>abstinentiam,</span> <span class='ocrx_word' id='word_1_500' title='bbox 1956 2932 1990 2994; x_wconf 88' lang='lat' dir='ltr'>ei·</span> 
     </span>
     <span class='ocr_line' id='line_1_75' title="bbox 1203 3019 1989 3102; baseline -0.004 -18"><span class='ocrx_word' id='word_1_501' title='bbox 1203 3021 1379 3102; x_wconf 86' lang='lat' dir='ltr'>horumque</span> <span class='ocrx_word' id='word_1_502' title='bbox 1403 3019 1632 3099; x_wconf 88' lang='lat' dir='ltr'>parcimoniam</span> <span class='ocrx_word' id='word_1_503' title='bbox 1656 3021 1698 3084; x_wconf 90' lang='lat' dir='ltr'>ab</span> <span class='ocrx_word' id='word_1_504' title='bbox 1724 3020 1788 3086; x_wconf 90' lang='lat' dir='ltr'>illis</span> <span class='ocrx_word' id='word_1_505' title='bbox 1812 3035 1989 3102; x_wconf 79' lang='lat' dir='ltr'>magnopere</span> 
     </span>
     <span class='ocr_line' id='line_1_76' title="bbox 1205 3106 1992 3188; baseline -0.001 -15"><span class='ocrx_word' id='word_1_506' title='bbox 1205 3108 1433 3186; x_wconf 86' lang='lat' dir='ltr'>commendari,</span> <span class='ocrx_word' id='word_1_507' title='bbox 1449 3108 1621 3172; x_wconf 90' lang='lat' dir='ltr'>discrimen</span> <span class='ocrx_word' id='word_1_508' title='bbox 1634 3108 1723 3188; x_wconf 72' lang='lat' dir='ltr'>¹inter</span> <span class='ocrx_word' id='word_1_509' title='bbox 1736 3109 1871 3172; x_wconf 86' lang='lat' dir='ltr'>morbos</span> <span class='ocrx_word' id='word_1_510' title='bbox 1892 3106 1992 3172; x_wconf 79' lang='lat' dir='ltr'>cmrb&#39;·</span> 
     </span>
     <span class='ocr_line' id='line_1_77' title="bbox 1203 3193 1991 3276; baseline -0.004 -12"><span class='ocrx_word' id='word_1_511' title='bbox 1203 3199 1261 3276; x_wconf 92' lang='lat' dir='ltr'>tui,</span> <span class='ocrx_word' id='word_1_512' title='bbox 1278 3203 1310 3262; x_wconf 92' lang='lat' dir='ltr'>et</span> <span class='ocrx_word' id='word_1_513' title='bbox 1330 3197 1424 3262; x_wconf 87' lang='lat' dir='ltr'>certis</span> <span class='ocrx_word' id='word_1_514' title='bbox 1446 3196 1622 3260; x_wconf 86' lang='lat' dir='ltr'>rationibus</span> <span class='ocrx_word' id='word_1_515' title='bbox 1647 3197 1785 3274; x_wconf 84' lang='lat' dir='ltr'>ostendi,</span> <span class='ocrx_word' id='word_1_516' title='bbox 1810 3198 1845 3260; x_wconf 90' lang='lat' dir='ltr'>in</span> <span class='ocrx_word' id='word_1_517' title='bbox 1859 3193 1991 3261; x_wconf 66' lang='lat' dir='ltr'>eumd</span> 
     </span>
     <span class='ocr_line' id='line_1_78' title="bbox 1205 3285 1991 3369; baseline -0.005 -19"><span class='ocrx_word' id='word_1_518' title='bbox 1205 3286 1395 3369; x_wconf 88' lang='lat' dir='ltr'>quibusdam</span> <span class='ocrx_word' id='word_1_519' title='bbox 1409 3285 1527 3348; x_wconf 88' lang='lat' dir='ltr'>morbis</span> <span class='ocrx_word' id='word_1_520' title='bbox 1542 3303 1743 3366; x_wconf 82' lang='lat' dir='ltr'>nequaquam</span> <span class='ocrx_word' id='word_1_521' title='bbox 1752 3286 1891 3367; x_wconf 86' lang='lat' dir='ltr'>requiri.</span> <span class='ocrx_word' id='word_1_522' title='bbox 1900 3285 1991 3364; x_wconf 81' lang='lat' dir='ltr'>utjur·</span> 
     </span>
     <span class='ocr_line' id='line_1_79' title="bbox 1204 3373 1990 3452; baseline -0.006 -13"><span class='ocrx_word' id='word_1_523' title='bbox 1204 3377 1310 3439; x_wconf 89' lang='lat' dir='ltr'>culum</span> <span class='ocrx_word' id='word_1_524' title='bbox 1325 3378 1357 3438; x_wconf 89' lang='lat' dir='ltr'>et</span> <span class='ocrx_word' id='word_1_525' title='bbox 1371 3393 1482 3436; x_wconf 90' lang='lat' dir='ltr'>carnes</span> <span class='ocrx_word' id='word_1_526' title='bbox 1496 3373 1565 3436; x_wconf 88' lang='lat' dir='ltr'>laco</span> <span class='ocrx_word' id='word_1_527' title='bbox 1580 3373 1726 3452; x_wconf 86' lang='lat' dir='ltr'>piscium,</span> <span class='ocrx_word' id='word_1_528' title='bbox 1742 3375 1820 3452; x_wconf 91' lang='lat' dir='ltr'>olei,</span> <span class='ocrx_word' id='word_1_529' title='bbox 1837 3381 1872 3438; x_wconf 87' lang='lat' dir='ltr'>et</span> <span class='ocrx_word' id='word_1_530' title='bbox 1891 3373 1990 3436; x_wconf 77' lang='lat' dir='ltr'>berm-</span> 
     </span>
     <span class='ocr_line' id='line_1_80' title="bbox 1204 3459 1990 3543; baseline -0.009 -15"><span class='ocrx_word' id='word_1_531' title='bbox 1204 3483 1275 3529; x_wconf 91' lang='lat' dir='ltr'>rum</span> <span class='ocrx_word' id='word_1_532' title='bbox 1290 3463 1533 3539; x_wconf 86' lang='lat' dir='ltr'>substituantur,</span> <span class='ocrx_word' id='word_1_533' title='bbox 1550 3461 1582 3523; x_wconf 93' lang='lat' dir='ltr'>in</span> <span class='ocrx_word' id='word_1_534' title='bbox 1596 3461 1667 3524; x_wconf 89' lang='lat' dir='ltr'>aliis</span> <span class='ocrx_word' id='word_1_535' title='bbox 1680 3479 1756 3524; x_wconf 90' lang='lat' dir='ltr'>vero</span> <span class='ocrx_word' id='word_1_536' title='bbox 1774 3461 1892 3543; x_wconf 78' lang='lat' dir='ltr'>jurare</span> <span class='ocrx_word' id='word_1_537' title='bbox 1909 3459 1990 3542; x_wconf 90' lang='lat' dir='ltr'>pluri·</span> 
     </span>
     <span class='ocr_line' id='line_1_81' title="bbox 1203 3549 1991 3630; baseline -0.011 -13"><span class='ocrx_word' id='word_1_538' title='bbox 1203 3573 1302 3622; x_wconf 88' lang='lat' dir='ltr'>mum.</span> <span class='ocrx_word' id='word_1_539' title='bbox 1319 3553 1345 3616; x_wconf 91' lang='lat' dir='ltr'>si</span> <span class='ocrx_word' id='word_1_540' title='bbox 1360 3551 1491 3614; x_wconf 90' lang='lat' dir='ltr'>sublatis</span> <span class='ocrx_word' id='word_1_541' title='bbox 1504 3549 1664 3628; x_wconf 88' lang='lat' dir='ltr'>carnibus,</span> <span class='ocrx_word' id='word_1_542' title='bbox 1679 3549 1991 3630; x_wconf 84' lang='lat' dir='ltr'>eamindiciturleju·</span> 
     </span>
     <span class='ocr_line' id='line_1_82' title="bbox 1205 3639 1990 3719; baseline -0.006 -14"><span class='ocrx_word' id='word_1_543' title='bbox 1205 3642 1303 3719; x_wconf 88' lang='lat' dir='ltr'>nium,</span> <span class='ocrx_word' id='word_1_544' title='bbox 1321 3641 1402 3717; x_wconf 89' lang='lat' dir='ltr'>oleo,</span> <span class='ocrx_word' id='word_1_545' title='bbox 1417 3640 1468 3702; x_wconf 88' lang='lat' dir='ltr'>vei</span> <span class='ocrx_word' id='word_1_546' title='bbox 1482 3639 1563 3708; x_wconf 87' lang='lat' dir='ltr'>lactc</span> <span class='ocrx_word' id='word_1_547' title='bbox 1578 3643 1769 3718; x_wconf 73' lang='lat' dir='ltr'>egrotantes</span> <span class='ocrx_word' id='word_1_548' title='bbox 1780 3643 1930 3704; x_wconf 79' lang='lat' dir='ltr'>utantur:</span> <span class='ocrx_word' id='word_1_549' title='bbox 1944 3641 1990 3700; x_wconf 82' lang='lat' dir='ltr'>lie·</span> 
     </span>
     <span class='ocr_line' id='line_1_83' title="bbox 1204 3727 1991 3808; baseline -0.003 -14"><span class='ocrx_word' id='word_1_550' title='bbox 1204 3749 1291 3794; x_wconf 90' lang='lat' dir='ltr'>mum</span> <span class='ocrx_word' id='word_1_551' title='bbox 1306 3729 1483 3805; x_wconf 86' lang='lat' dir='ltr'>advertent,</span> <span class='ocrx_word' id='word_1_552' title='bbox 1493 3745 1590 3808; x_wconf 87' lang='lat' dir='ltr'>quam</span> <span class='ocrx_word' id='word_1_553' title='bbox 1600 3727 1780 3807; x_wconf 88' lang='lat' dir='ltr'>diligenter,</span> <span class='ocrx_word' id='word_1_554' title='bbox 1793 3732 1991 3808; x_wconf 70' lang='lat' dir='ltr'>secamus</span> 
     </span>
     <span class='ocr_line' id='line_1_84' title="bbox 1205 3815 1991 3896; baseline -0.005 -14"><span class='ocrx_word' id='word_1_555' title='bbox 1205 3818 1350 3882; x_wconf 88' lang='lat' dir='ltr'>scribant</span> <span class='ocrx_word' id='word_1_556' title='bbox 1364 3817 1402 3878; x_wconf 88' lang='lat' dir='ltr'>de</span> <span class='ocrx_word' id='word_1_557' title='bbox 1417 3816 1554 3896; x_wconf 85' lang='lat' dir='ltr'>pectoris</span> <span class='ocrx_word' id='word_1_558' title='bbox 1568 3815 1789 3894; x_wconf 87' lang='lat' dir='ltr'>incommodis,</span> <span class='ocrx_word' id='word_1_559' title='bbox 1806 3835 1883 3880; x_wconf 89' lang='lat' dir='ltr'>cum</span> <span class='ocrx_word' id='word_1_560' title='bbox 1895 3817 1925 3880; x_wconf 91' lang='lat' dir='ltr'>in</span> <span class='ocrx_word' id='word_1_561' title='bbox 1938 3829 1991 3878; x_wconf 86' lang='lat' dir='ltr'>om·</span> 
     </span>
     <span class='ocr_line' id='line_1_85' title="bbox 1205 3903 1991 3987; baseline -0.003 -19"><span class='ocrx_word' id='word_1_562' title='bbox 1205 3907 1301 3968; x_wconf 89' lang='lat' dir='ltr'>uibus</span> <span class='ocrx_word' id='word_1_563' title='bbox 1315 3905 1491 3986; x_wconf 85' lang='lat' dir='ltr'>generatim</span> <span class='ocrx_word' id='word_1_564' title='bbox 1514 3903 1700 3982; x_wconf 83' lang='lat' dir='ltr'>excitantur,</span> <span class='ocrx_word' id='word_1_565' title='bbox 1727 3925 1767 3966; x_wconf 89' lang='lat' dir='ltr'>ne</span> <span class='ocrx_word' id='word_1_566' title='bbox 1794 3905 1991 3987; x_wconf 82' lang='lat' dir='ltr'>corripiantur</span> 
     </span>
     <span class='ocr_line' id='line_1_86' title="bbox 1206 3991 1991 4074; baseline -0.001 -17"><span class='ocrx_word' id='word_1_567' title='bbox 1206 3994 1317 4057; x_wconf 92' lang='lat' dir='ltr'>eodem</span> <span class='ocrx_word' id='word_1_568' title='bbox 1340 3993 1463 4070; x_wconf 88' lang='lat' dir='ltr'>morbo,</span> <span class='ocrx_word' id='word_1_569' title='bbox 1489 3991 1543 4074; x_wconf 91' lang='lat' dir='ltr'>qui</span> <span class='ocrx_word' id='word_1_570' title='bbox 1566 3991 1672 4056; x_wconf 91' lang='lat' dir='ltr'>adbuc</span> <span class='ocrx_word' id='word_1_571' title='bbox 1686 3993 1867 4058; x_wconf 87' lang='lat' dir='ltr'>incolumes</span> <span class='ocrx_word' id='word_1_572' title='bbox 1885 4009 1991 4058; x_wconf 78' lang='lat' dir='ltr'>acom-</span> 
     </span>
     <span class='ocr_line' id='line_1_87' title="bbox 1205 4082 1551 4161; baseline -0.006 -17"><span class='ocrx_word' id='word_1_573' title='bbox 1205 4083 1292 4144; x_wconf 93' lang='lat' dir='ltr'>muni</span> <span class='ocrx_word' id='word_1_574' title='bbox 1306 4082 1357 4144; x_wconf 91' lang='lat' dir='ltr'>lue</span> <span class='ocrx_word' id='word_1_575' title='bbox 1372 4085 1551 4161; x_wconf 89' lang='lat' dir='ltr'>supersunt.</span> 
     </span>
    </p>

    <p class='ocr_par' dir='ltr' id='par_1_10' title="bbox 1205 4168 1992 5496">
     <span class='ocr_line' id='line_1_88' title="bbox 1245 4168 1991 4250; baseline 0.005 -22"><span class='ocrx_word' id='word_1_576' title='bbox 1245 4193 1260 4229; x_wconf 85' lang='lat' dir='ltr'>n</span> <span class='ocrx_word' id='word_1_577' title='bbox 1286 4173 1360 4232; x_wconf 83' lang='lat' dir='ltr'>Haec</span> <span class='ocrx_word' id='word_1_578' title='bbox 1382 4169 1480 4232; x_wconf 86' lang='lat' dir='ltr'>Vobis</span> <span class='ocrx_word' id='word_1_579' title='bbox 1504 4169 1675 4233; x_wconf 89' lang='lat' dir='ltr'>iudicanda</span> <span class='ocrx_word' id='word_1_580' title='bbox 1701 4171 1900 4250; x_wconf 82' lang='lat' dir='ltr'>putavimus.</span> <span class='ocrx_word' id='word_1_581' title='bbox 1923 4168 1991 4234; x_wconf 78' lang='lat' dir='ltr'>ret</span> 
     </span>
     <span class='ocr_line' id='line_1_89' title="bbox 1207 4256 1991 4340; baseline 0 -21"><span class='ocrx_word' id='word_1_582' title='bbox 1207 4278 1305 4340; x_wconf 91' lang='lat' dir='ltr'>quum</span> <span class='ocrx_word' id='word_1_583' title='bbox 1318 4260 1376 4335; x_wconf 86' lang='lat' dir='ltr'>est,</span> <span class='ocrx_word' id='word_1_584' title='bbox 1394 4261 1429 4321; x_wconf 93' lang='lat' dir='ltr'>ut</span> <span class='ocrx_word' id='word_1_585' title='bbox 1443 4259 1506 4320; x_wconf 82' lang='lat' dir='ltr'>Vos</span> <span class='ocrx_word' id='word_1_586' title='bbox 1515 4256 1691 4337; x_wconf 88' lang='lat' dir='ltr'>hortemur,</span> <span class='ocrx_word' id='word_1_587' title='bbox 1706 4277 1745 4320; x_wconf 89' lang='lat' dir='ltr'>ne</span> <span class='ocrx_word' id='word_1_588' title='bbox 1759 4263 1830 4320; x_wconf 88' lang='lat' dir='ltr'>tam</span> <span class='ocrx_word' id='word_1_589' title='bbox 1842 4259 1991 4322; x_wconf 80' lang='lat' dir='ltr'>faciteam·</span> 
     </span>
     <span class='ocr_line' id='line_1_90' title="bbox 1208 4343 1989 4428; baseline 0.003 -19"><span class='ocrx_word' id='word_1_590' title='bbox 1208 4347 1330 4428; x_wconf 90' lang='lat' dir='ltr'>cipiatis</span> <span class='ocrx_word' id='word_1_591' title='bbox 1354 4345 1517 4426; x_wconf 88' lang='lat' dir='ltr'>negotium</span> <span class='ocrx_word' id='word_1_592' title='bbox 1542 4347 1687 4424; x_wconf 78' lang='lat' dir='ltr'>petendae</span> <span class='ocrx_word' id='word_1_593' title='bbox 1711 4347 1876 4410; x_wconf 86' lang='lat' dir='ltr'>facultatis</span> <span class='ocrx_word' id='word_1_594' title='bbox 1899 4343 1989 4412; x_wconf 58' lang='lat' dir='ltr'>uendi</span> 
     </span>
     <span class='ocr_line' id='line_1_91' title="bbox 1208 4433 1990 4516; baseline -0.003 -18"><span class='ocrx_word' id='word_1_595' title='bbox 1208 4435 1356 4498; x_wconf 88' lang='lat' dir='ltr'>carnibus</span> <span class='ocrx_word' id='word_1_596' title='bbox 1372 4439 1403 4496; x_wconf 89' lang='lat' dir='ltr'>et</span> <span class='ocrx_word' id='word_1_597' title='bbox 1416 4433 1581 4497; x_wconf 86' lang='lat' dir='ltr'>lacticiniis</span> <span class='ocrx_word' id='word_1_598' title='bbox 1595 4437 1738 4514; x_wconf 78' lang='lat' dir='ltr'>tempore</span> <span class='ocrx_word' id='word_1_599' title='bbox 1748 4435 1990 4516; x_wconf 77' lang='lat' dir='ltr'>Ouedragesima</span> 
     </span>
     <span class='ocr_line' id='line_1_92' title="bbox 1207 4521 1992 4605; baseline -0.003 -19"><span class='ocrx_word' id='word_1_600' title='bbox 1207 4543 1264 4605; x_wconf 93' lang='lat' dir='ltr'>pro</span> <span class='ocrx_word' id='word_1_601' title='bbox 1280 4524 1428 4584; x_wconf 82' lang='lat' dir='ltr'>universa</span> <span class='ocrx_word' id='word_1_602' title='bbox 1442 4523 1573 4586; x_wconf 63' lang='lat' dir='ltr'>dirime</span> <span class='ocrx_word' id='word_1_603' title='bbox 1587 4524 1638 4585; x_wconf 92' lang='lat' dir='ltr'>vel</span> <span class='ocrx_word' id='word_1_604' title='bbox 1651 4523 1799 4586; x_wconf 76' lang='lat' dir='ltr'>Diceoesi.</span> <span class='ocrx_word' id='word_1_605' title='bbox 1818 4524 1937 4604; x_wconf 81' lang='lat' dir='ltr'>Quippe</span> <span class='ocrx_word' id='word_1_606' title='bbox 1947 4521 1992 4584; x_wconf 75' lang='lat' dir='ltr'>ab</span> 
     </span>
     <span class='ocr_line' id='line_1_93' title="bbox 1208 4611 1992 4692; baseline -0.004 -17"><span class='ocrx_word' id='word_1_607' title='bbox 1208 4613 1385 4692; x_wconf 88' lang='lat' dir='ltr'>rumpenda</span> <span class='ocrx_word' id='word_1_608' title='bbox 1405 4611 1536 4674; x_wconf 87' lang='lat' dir='ltr'>tandem</span> <span class='ocrx_word' id='word_1_609' title='bbox 1559 4618 1607 4673; x_wconf 87' lang='lat' dir='ltr'>est</span> <span class='ocrx_word' id='word_1_610' title='bbox 1629 4611 1842 4689; x_wconf 84' lang='lat' dir='ltr'>consuetudo,</span> <span class='ocrx_word' id='word_1_611' title='bbox 1858 4612 1899 4674; x_wconf 86' lang='lat' dir='ltr'>ob</span> <span class='ocrx_word' id='word_1_612' title='bbox 1912 4621 1992 4690; x_wconf 75' lang='lat' dir='ltr'>qam</span> 
     </span>
     <span class='ocr_line' id='line_1_94' title="bbox 1205 4693 1992 4782; baseline -0.008 -20"><span class='ocrx_word' id='word_1_613' title='bbox 1205 4701 1272 4782; x_wconf 86' lang='lat' dir='ltr'>jam</span> <span class='ocrx_word' id='word_1_614' title='bbox 1285 4719 1342 4780; x_wconf 88' lang='lat' dir='ltr'>per</span> <span class='ocrx_word' id='word_1_615' title='bbox 1362 4703 1410 4762; x_wconf 90' lang='lat' dir='ltr'>tot</span> <span class='ocrx_word' id='word_1_616' title='bbox 1423 4717 1522 4760; x_wconf 87' lang='lat' dir='ltr'>annos</span> <span class='ocrx_word' id='word_1_617' title='bbox 1542 4699 1573 4760; x_wconf 91' lang='lat' dir='ltr'>in</span> <span class='ocrx_word' id='word_1_618' title='bbox 1586 4697 1779 4778; x_wconf 85' lang='lat' dir='ltr'>quibusdam</span> <span class='ocrx_word' id='word_1_619' title='bbox 1803 4698 1882 4760; x_wconf 86' lang='lat' dir='ltr'>locis</span> <span class='ocrx_word' id='word_1_620' title='bbox 1898 4693 1992 4759; x_wconf 78' lang='lat' dir='ltr'>bula·</span> 
     </span>
     <span class='ocr_line' id='line_1_95' title="bbox 1209 4787 1992 4851; baseline -0.008 0"><span class='ocrx_word' id='word_1_621' title='bbox 1209 4790 1340 4851; x_wconf 89' lang='lat' dir='ltr'>cultates</span> <span class='ocrx_word' id='word_1_622' title='bbox 1364 4787 1458 4849; x_wconf 89' lang='lat' dir='ltr'>tribui</span> <span class='ocrx_word' id='word_1_623' title='bbox 1483 4791 1726 4850; x_wconf 86' lang='lat' dir='ltr'>consueverunt.</span> <span class='ocrx_word' id='word_1_624' title='bbox 1745 4787 1829 4849; x_wconf 92' lang='lat' dir='ltr'>lllud</span> <span class='ocrx_word' id='word_1_625' title='bbox 1842 4787 1934 4850; x_wconf 86' lang='lat' dir='ltr'>etiam</span> <span class='ocrx_word' id='word_1_626' title='bbox 1948 4801 1992 4845; x_wconf 81' lang='lat' dir='ltr'>ex·</span> 
     </span>
     <span class='ocr_line' id='line_1_96' title="bbox 1209 4869 1990 4957; baseline -0.003 -19"><span class='ocrx_word' id='word_1_627' title='bbox 1209 4875 1363 4957; x_wconf 86' lang='lat' dir='ltr'>parientia</span> <span class='ocrx_word' id='word_1_628' title='bbox 1385 4895 1405 4936; x_wconf 92' lang='lat' dir='ltr'>a</span> <span class='ocrx_word' id='word_1_629' title='bbox 1426 4874 1517 4939; x_wconf 89' lang='lat' dir='ltr'>vobis</span> <span class='ocrx_word' id='word_1_630' title='bbox 1540 4878 1739 4954; x_wconf 88' lang='lat' dir='ltr'>compertum</span> <span class='ocrx_word' id='word_1_631' title='bbox 1759 4875 1841 4951; x_wconf 87' lang='lat' dir='ltr'>erit,</span> <span class='ocrx_word' id='word_1_632' title='bbox 1868 4869 1990 4938; x_wconf 73' lang='lat' dir='ltr'>deliratis</span> 
     </span>
     <span class='ocr_line' id='line_1_97' title="bbox 1209 4962 1990 5044; baseline -0.001 -18"><span class='ocrx_word' id='word_1_633' title='bbox 1209 4981 1336 5044; x_wconf 91' lang='lat' dir='ltr'>quoque</span> <span class='ocrx_word' id='word_1_634' title='bbox 1356 4981 1394 5025; x_wconf 90' lang='lat' dir='ltr'>ac</span> <span class='ocrx_word' id='word_1_635' title='bbox 1414 4962 1561 5024; x_wconf 89' lang='lat' dir='ltr'>mollibus</span> <span class='ocrx_word' id='word_1_636' title='bbox 1574 4963 1800 5025; x_wconf 86' lang='lat' dir='ltr'>abstinentiam</span> <span class='ocrx_word' id='word_1_637' title='bbox 1828 4962 1990 5038; x_wconf 67' lang='lat' dir='ltr'>Quadrups·</span> 
     </span>
     <span class='ocr_line' id='line_1_98' title="bbox 1209 5049 1990 5132; baseline -0.005 -19"><span class='ocrx_word' id='word_1_638' title='bbox 1209 5053 1296 5113; x_wconf 79' lang='lat' dir='ltr'>simae</span> <span class='ocrx_word' id='word_1_639' title='bbox 1312 5051 1430 5112; x_wconf 90' lang='lat' dir='ltr'>nullam</span> <span class='ocrx_word' id='word_1_640' title='bbox 1445 5049 1561 5112; x_wconf 89' lang='lat' dir='ltr'>inferre</span> <span class='ocrx_word' id='word_1_641' title='bbox 1576 5049 1764 5131; x_wconf 69' lang='lat' dir='ltr'>perniciem</span> <span class='ocrx_word' id='word_1_642' title='bbox 1781 5069 1887 5132; x_wconf 89' lang='lat' dir='ltr'>neque</span> <span class='ocrx_word' id='word_1_643' title='bbox 1900 5049 1990 5130; x_wconf 77' lang='lat' dir='ltr'>plu-es</span> 
     </span>
     <span class='ocr_line' id='line_1_99' title="bbox 1209 5138 1989 5218; baseline -0.012 -13"><span class='ocrx_word' id='word_1_644' title='bbox 1209 5140 1249 5206; x_wconf 88' lang='lat' dir='ltr'>ob</span> <span class='ocrx_word' id='word_1_645' title='bbox 1263 5139 1344 5200; x_wconf 90' lang='lat' dir='ltr'>hanc</span> <span class='ocrx_word' id='word_1_646' title='bbox 1356 5157 1484 5200; x_wconf 90' lang='lat' dir='ltr'>causam</span> <span class='ocrx_word' id='word_1_647' title='bbox 1495 5139 1577 5200; x_wconf 89' lang='lat' dir='ltr'>inter</span> <span class='ocrx_word' id='word_1_648' title='bbox 1591 5143 1728 5218; x_wconf 74' lang='lat' dir='ltr'>aegrotos</span> <span class='ocrx_word' id='word_1_649' title='bbox 1743 5138 1793 5200; x_wconf 90' lang='lat' dir='ltr'>vel</span> <span class='ocrx_word' id='word_1_650' title='bbox 1808 5143 1989 5200; x_wconf 72' lang='lat' dir='ltr'>mortuom·</span> 
     </span>
     <span class='ocr_line' id='line_1_100' title="bbox 1209 5217 1988 5300; baseline -0.01 -10"><span class='ocrx_word' id='word_1_651' title='bbox 1209 5227 1340 5290; x_wconf 87' lang='lat' dir='ltr'>censeri.</span> <span class='ocrx_word' id='word_1_652' title='bbox 1357 5229 1445 5287; x_wconf 90' lang='lat' dir='ltr'>Hauc</span> <span class='ocrx_word' id='word_1_653' title='bbox 1460 5225 1614 5288; x_wconf 87' lang='lat' dir='ltr'>rationem</span> <span class='ocrx_word' id='word_1_654' title='bbox 1627 5229 1661 5288; x_wconf 88' lang='lat' dir='ltr'>et</span> <span class='ocrx_word' id='word_1_655' title='bbox 1674 5225 1853 5288; x_wconf 86' lang='lat' dir='ltr'>institutum</span> <span class='ocrx_word' id='word_1_656' title='bbox 1868 5227 1926 5286; x_wconf 87' lang='lat' dir='ltr'>Nos</span> <span class='ocrx_word' id='word_1_657' title='bbox 1941 5217 1988 5300; x_wconf 81' lang='lat' dir='ltr'>ipsi</span> 
     </span>
     <span class='ocr_line' id='line_1_101' title="bbox 1208 5310 1986 5394; baseline -0.001 -19"><span class='ocrx_word' id='word_1_658' title='bbox 1208 5313 1306 5375; x_wconf 89' lang='lat' dir='ltr'>secuti</span> <span class='ocrx_word' id='word_1_659' title='bbox 1321 5332 1429 5374; x_wconf 92' lang='lat' dir='ltr'>sumus</span> <span class='ocrx_word' id='word_1_660' title='bbox 1445 5315 1551 5375; x_wconf 79' lang='lat' dir='ltr'>Romae</span> <span class='ocrx_word' id='word_1_661' title='bbox 1566 5331 1604 5374; x_wconf 91' lang='lat' dir='ltr'>ac</span> <span class='ocrx_word' id='word_1_662' title='bbox 1614 5313 1765 5376; x_wconf 81' lang='lat' dir='ltr'>Bononiae</span> <span class='ocrx_word' id='word_1_663' title='bbox 1775 5313 1879 5394; x_wconf 84' lang='lat' dir='ltr'>(cujus</span> <span class='ocrx_word' id='word_1_664' title='bbox 1889 5310 1986 5374; x_wconf 79' lang='lat' dir='ltr'>sedon</span> 
     </span>
     <span class='ocr_line' id='line_1_102' title="bbox 1209 5399 1988 5496; baseline 0.005 -34"><span class='ocrx_word' id='word_1_665' title='bbox 1209 5401 1312 5463; x_wconf 92' lang='lat' dir='ltr'>adbuc</span> <span class='ocrx_word' id='word_1_666' title='bbox 1326 5401 1522 5481; x_wconf 89' lang='lat' dir='ltr'>retinemus),</span> <span class='ocrx_word' id='word_1_667' title='bbox 1538 5421 1612 5464; x_wconf 92' lang='lat' dir='ltr'>cum</span> <span class='ocrx_word' id='word_1_668' title='bbox 1630 5420 1734 5482; x_wconf 89' lang='lat' dir='ltr'>nuper</span> <span class='ocrx_word' id='word_1_669' title='bbox 1748 5399 1988 5496; x_wconf 60' lang='lat' dir='ltr'>Quamugssmp</span> 
     </span>
    </p>
   </div>
   <div class='ocr_carea' id='block_1_8' title="bbox 359 5485 2031 5577">
    <p class='ocr_par' dir='ltr' id='par_1_11' title="bbox 359 5477 2031 5584">
     <span class='ocr_line' id='line_1_103' title="bbox 359 5485 2031 5577; baseline 0.005 -29"><span class='ocrx_word' id='word_1_670' title='bbox 359 5485 429 5548; x_wconf 88' lang='lat' dir='ltr'>sani</span> <span class='ocrx_word' id='word_1_671' title='bbox 444 5503 464 5547; x_wconf 90' lang='lat' dir='ltr'>a</span> <span class='ocrx_word' id='word_1_672' title='bbox 477 5485 616 5568; x_wconf 86' lang='lat' dir='ltr'>piscibus</span> <span class='ocrx_word' id='word_1_673' title='bbox 629 5493 661 5550; x_wconf 90' lang='lat' dir='ltr'>et</span> <span class='ocrx_word' id='word_1_674' title='bbox 675 5488 743 5552; x_wconf 91' lang='lat' dir='ltr'>oleo</span> <span class='ocrx_word' id='word_1_675' title='bbox 758 5495 790 5550; x_wconf 89' lang='lat' dir='ltr'>et</span> <span class='ocrx_word' id='word_1_676' title='bbox 803 5488 992 5571; x_wconf 88' lang='lat' dir='ltr'>quandoque</span> <span class='ocrx_word' id='word_1_677' title='bbox 1007 5489 1152 5569; x_wconf 88' lang='lat' dir='ltr'>paritere</span> <span class='ocrx_word' id='word_1_678' title='bbox 1210 5495 1335 5571; x_wconf 88' lang='lat' dir='ltr'>tempus</span> <span class='ocrx_word' id='word_1_679' title='bbox 1349 5495 1508 5577; x_wconf 83' lang='lat' dir='ltr'>ageretur.</span> <span class='ocrx_word' id='word_1_680' title='bbox 1526 5489 1559 5556; x_wconf 88' lang='lat' dir='ltr'>Si</span> <span class='ocrx_word' id='word_1_681' title='bbox 1575 5493 1637 5556; x_wconf 80' lang='lat' dir='ltr'>Vos</span> <span class='ocrx_word' id='word_1_682' title='bbox 1651 5490 1684 5554; x_wconf 91' lang='lat' dir='ltr'>id</span> <span class='ocrx_word' id='word_1_683' title='bbox 1698 5509 1830 5576; x_wconf 87' lang='lat' dir='ltr'>quoque</span> <span class='ocrx_word' id='word_1_684' title='bbox 1847 5485 1988 5571; x_wconf 64' lang='lat' dir='ltr'>praelabi·</span> <span class='ocrx_word' id='word_1_685' title='bbox 2029 5491 2031 5548; x_wconf 79' lang='lat' dir='ltr'>i</span> 
     </span>
    </p>
   </div>
   <div class='ocr_carea' id='block_1_9' title="bbox 0 0 2096 6340">
    <p class='ocr_par' dir='ltr' id='par_1_12' title="bbox 0 0 2096 6340">
     <span class='ocr_line' id='line_1_104' title="bbox 0 0 2096 6340; baseline 0 0"><span class='ocrx_word' id='word_1_686' title='bbox 0 0 2096 6340; x_wconf 95' lang='lat' dir='ltr'> </span> 
     </span>
    </p>
   </div>
  </div>
 </body>
</html>
