4166 6346
602 603 655 672 DE
674 604 897 674 BENEFlGllS
919 601 1244 674 ECCLESIASTIGIS.

94 793 134 860 cit
169 795 381 876 probabiliter
417 815 595 878 apparere;
625 800 732 876 Suar.,
762 797 892 876 Sanch,

94 887 236 966 Cmucp.
263 889 359 949 Plura
377 887 416 949 de
440 887 621 950 dimissione
643 887 769 950 habitus
792 887 894 950 videri

92 979 222 1054 possunt
241 977 330 1056 apud
343 977 480 1060 Pignat.,
499 987 570 1039 tom.
587 981 638 1055 10,
654 997 718 1060 cop.
736 981 786 1040 nt.

37 1096 71 1141 q,
129 1064 190 1143 §⁶-
208 1068 246 1128 ln
270 1065 331 1127 hac
345 1068 427 1147 lege,
449 1085 520 1148 quae
541 1064 622 1147 juris
637 1066 814 1128 communis
835 1071 893 1136 est,

1563 587 1745 673 ‘aar

949 796 1104 877 spirituali
1121 796 1213 878 eique
1239 813 1397 858 annexum
1412 797 1470 874 est,
1491 793 1744 878 spiritualitatem

949 886 1088 968 aliquam
1103 886 1280 966 participat.

989 997 1004 1032 a
1037 975 1155 1037 Dicitur
1182 977 1235 1038 lll.
1276 975 1463 1038 Auctor-itote
1485 975 1647 1043 Ecclesia,
1677 979 1745 1042 etc..

950 1063 1026 1143 quia
1040 1064 1136 1124 solius
1149 1063 1273 1125 Praelati
1289 1069 1336 1126 est
1350 1063 1453 1125 officia
1467 1063 1498 1124 in
1509 1063 1650 1124 Ecclesia
1660 1061 1747 1124 insti-

94 1171 183 1217 nemo
199 1155 261 1216 nisi
287 1157 374 1236 Papa
394 1155 577 1236 dispensare
600 1158 714 1234 potest,
739 1159 771 1218 et
786 1155 894 1235 nequi·
948 1154 1037 1212 tuere
1052 1150 1159 1230 eisque
1174 1155 1345 1229 proventus
1368 1149 1607 1212 Ecclesiasticus
1630 1165 1748 1211 annec-

94 1242 164 1303 dem
189 1243 305 1304 adesse
326 1242 421 1306 debet
444 1261 557 1317 causa;
584 1243 637 1304 alii
661 1243 841 1322 superiores
863 1243 896 1303 in

93 1327 185 1392 dubio
202 1330 243 1392 de
262 1330 389 1411 justitia
403 1349 507 1393 causa
528 1334 662 1412 possunt
680 1330 782 1393 solum
801 1332 896 1395 inter·

95 1417 208 1497 pretari
223 1419 344 1498 legem,
361 1438 399 1481 ac
410 1419 573 1483 declarare
589 1419 674 1502 quod
689 1437 726 1482 eo
743 1438 817 1482 casu
833 1437 896 1482 non

96 1505 233 1586 obliget;
252 1509 411 1586 casuap,
427 1528 510 1570 uum.
527 1509 574 1570 13.

120 1596 209 1657 Circa
220 1613 337 1675 paenas
347 1595 496 1676 Religiosi
509 1595 679 1672 fornicarii,
695 1595 767 1658 vide
778 1598 894 1674 Haun,

97 1680 129 1742 dc
147 1681 244 1760 Just,
262 1691 287 1744 t.
303 1687 334 1756 6,
351 1691 439 1746 tract.
465 1686 496 1761 E,
515 1703 545 1746 n.
558 1687 627 1758 2003
650 1683 752 1744 Pirrh.
778 1682 844 1760 lit,
863 1687 895 1761 5,

96 1778 178 1832 tract.
197 1773 249 1848 16,
267 1791 299 1833 a.
316 1774 373 1846 '15;
390 1771 515 1851 Pelliz.,
532 1780 555 1834 t.
569 1775 599 1850 2,
616 1780 704 1835 tract.
725 1776 756 1850 9,
781 1789 847 1854 cop.
864 1775 894 1850 1,

96 1878 172 1921 nuru.
199 1861 274 1921 204.

949 1241 1026 1316 tere,
1044 1238 1204 1318 ipsiusque
1226 1244 1273 1299 est
1288 1237 1442 1317 dispicere
1464 1242 1541 1320 quot
1556 1242 1587 1299 et
1602 1236 1747 1318 qualibus

952 1325 1102 1387 ministris
1116 1325 1256 1386 Ecclesia
1271 1333 1371 1406 egeat.

992 1436 1006 1474 a
1031 1416 1124 1494 Resp.
1142 1415 1178 1477 ll.
1204 1415 1397 1476 Beneficium
1412 1415 1541 1477 dividor
1557 1435 1567 1476 .·
1582 1417 1606 1477 l.
1628 1417 1664 1478 ln
1680 1415 1747 1475 Sae·

952 1503 1057 1564 culare
1080 1502 1164 1583 quod
1189 1521 1245 1582 pro
1277 1504 1503 1582 saecularibus,
1531 1509 1562 1565 et
1591 1502 1747 1582 Regulare

952 1591 1036 1672 quod
1059 1609 1115 1671 pro
1139 1591 1346 1672 Regularibus
1371 1597 1418 1654 est
1441 1592 1629 1654 institutum.
1655 1589 1746 1652 Unde

952 1681 1018 1741 sina
1039 1680 1271 1759 dispensatione
1292 1699 1350 1742 nec
1365 1681 1515 1742 saeculare
1539 1679 1673 1760 regulari
1689 1695 1747 1738 nec

952 1772 1062 1831 contra
1075 1767 1210 1830 conferri
1221 1772 1333 1849 potest.
1351 1771 1547 1831 Porroomne
1557 1766 1747 1830 beneficium

951 1857 1153 1936 praesumitur
1167 1875 1234 1918 esse
1249 1857 1410 1934 saeculare,
1427 1857 1485 1918 nisi
1500 1857 1652 1938 probatur
1666 1873 1744 1932 esse,

891 2025 893 2030 Ι
952 1947 1001 2007 vel
1027 1965 1066 2007 ex
1088 1945 1191 2024 prima
1214 1947 1261 2008 sui
1287 1946 1497 2024 institutione,
1525 1946 1574 2007 rel
1596 1963 1653 2024 per
1675 1960 1748 2024 pos-

364 2162 548 2225 uAPU'r
583 2161 634 2224 ll.

314 2355 358 2419 De
371 2355 459 2420 Statu
476 2355 672 2421 Clertcorum.

42 2591 73 2636 „q
141 2561 288 2624 «Clerici
305 2562 496 2642 generaliter
513 2562 661 2626 dicuntur
679 2563 722 2626 illi
734 2562 788 2644 qui
800 2561 897 2624 sacris

98 2649 265 2713 ordinibus
278 2671 281 2674 ·
294 2651 345 2713 vel
361 2649 464 2730 prima
478 2651 589 2713 saltem
604 2657 733 2715 tonsura
748 2656 822 2714 sunt
840 2651 900 2712 ini-

96 2739 172 2802 tiati.
190 2741 241 2802 Ad
250 2758 388 2821 quorum
399 2745 516 2802 statum
528 2759 599 2802 cum
613 2741 713 2803 multa
722 2741 899 2820 pertineant

97 2825 267 2907 dequibus
284 2828 358 2890 alibi
374 2828 546 2908 agendum,
570 2828 622 2890 hic
636 2847 767 2909 agemus
788 2829 827 2891 de
845 2829 898 2890 be-

98 2916 214 2978 neficiis
230 2915 478 2994 Ecclesiasticis,
501 2917 592 2980 lloris
607 2915 771 2979 canonicis
785 2921 817 2977 et
830 2913 899 2976 aliis

100 3021 218 3080 paucas.

381 3273 564 3335 EUBIUM
592 3273 618 3333 l.

273 3458 319 3522 De
333 3457 479 3540 beneficiis
491 3427 724 3522 Ecclesiasticr'a.

304 3761 636 3825 Anrlcunos
671 3759 695 3823 l.

208 3955 292 4032 Quid
313 3966 339 4020 et
361 3956 525 4041 quotuplee
548 3957 589 4018 sit
615 3955 791 4040 Beneficium

261 4121 264 4128 Ι
365 4045 627 4108 Ecclesiasticum?
675 4115 677 4118 ,

142 4249 277 4329 ellesp.
302 4250 327 4312 l.
351 4249 547 4311 Beneficium
571 4249 827 4313 Ecclesiasticum
851 4251 900 4310 est

97 4333 146 4414 jus
168 4340 361 4418 perpetuum
383 4339 578 4419 percipiendi
603 4339 724 4401 fructus
748 4357 787 4400 ex
806 4337 897 4398 bonis

952 2033 1126 2096 sessionem
1149 2033 1312 2112 pacificam
1337 2037 1376 2096 10
1398 2051 1569 2108 annorum;
1592 2050 1650 2112 per
1676 2049 1747 2094 cam

957 2121 1042 2182 enim
1057 2139 1094 2182 ex
1113 2121 1256 2182 saeculari
1271 2123 1306 2183 tlt
1319 2122 1464 2201 regulere
1479 2125 1510 2183 et
1524 2125 1643 2184 contra.

991 2233 1006 2268 a
1025 2212 1061 2272 ll.
1092 2210 1284 2272 Beneficium
1308 2209 1395 2271 aliud
1419 2213 1468 2271 est
1496 2209 1634 2288 duplex,
1661 2207 1747 2270 aliud

952 2299 1096 2379 simplex.
1114 2299 1234 2378 Duplex
1250 2297 1364 2359 dicitur
1378 2298 1462 2378 quod
1483 2301 1529 2360 est
1552 2315 1624 2358 cum
1645 2295 1747 2358 admi-

952 2388 1147 2463 nistratione,
1162 2391 1197 2448 ut
1211 2389 1359 2466 Peperine,
1371 2386 1576 2466 Episcopatus
1596 2386 1627 2446 et
1641 2384 1747 2444 omnia

953 2494 1022 2555 quae
1038 2476 1185 2537 dicuntur
1199 2473 1367 2555 dignitates
1386 2474 1446 2535 hoc
1468 2479 1516 2535 est
1538 2490 1607 2553 quae
1628 2471 1747 2534 habent

953 2563 1224 2643 praeminentiam
1261 2581 1334 2625 cum
1358 2562 1577 2643 jurisdictione
1612 2561 1644 2624 in
1677 2561 1745 2624 loro

953 2658 1093 2730 extorno,
1119 2657 1153 2715 ut
1175 2651 1395 2732 Praepositum,
1422 2654 1611 2727 Decanatus,
1637 2649 1747 2712 Archi·

955 2742 1150 2817 diaconatus,
1174 2741 1310 2804 Abbatia
1330 2741 1396 2802 sive
1419 2739 1589 2816 saecularis,
1615 2737 1680 2800 sire
1700 2757 1746 2799 re·

952 2831 1082 2912 galeris,
1103 2830 1263 2893 Prioratus
1282 2829 1475 2902 claustralis;
1502 2829 1577 2890 item
1596 2845 1747 2908 persona-

954 2925 1013 2998 tus,
1031 2919 1084 3000 qui
1103 2923 1150 2982 est
1164 2919 1334 2980 eminentia
1354 2919 1384 2979 in
1400 2917 1542 2980 Ecclesia
1562 2917 1630 2977 sine
1648 2915 1747 2997 juris-

953 3007 1100 3086 dictione,
1117 3027 1145 3070 v.
1167 3026 1197 3088 g.
1210 3054 1218 3084 ,
1235 3007 1323 3069 locus
1337 3006 1528 3068 honorificus
1543 3004 1574 3067 in
1589 3004 1697 3082 choro,
1714 3004 1747 3066 in

953 3095 1215 3175 processionibus,
1232 3095 1388 3175 suffragiis
1402 3093 1550 3171 ferendis,
1573 3095 1608 3156 ut
1630 3095 1750 3156 Cento-

953 3184 1001 3246 rie
1024 3189 1056 3246 et
1078 3183 1205 3247 similes.
1238 3187 1316 3246 Item
1339 3184 1492 3246 beneficia
1511 3201 1581 3263 quae
1601 3182 1748 3244 dicuntur

955 3273 1058 3335 officia
1094 3273 1274 3354 habentque
1309 3272 1613 3334 administrationem
1641 3287 1748 3331 rerum

954 3359 1242 3431 Ecclesiasticarum
1253 3361 1320 3422 sine
1326 3360 1557 3441 jurisdictione,
1574 3365 1609 3420 ut
1621 3361 1745 3436 Custos,

954 3449 1193 3527 Tbesaurarius,
1224 3449 1435 3528 Primicerius,
1465 3447 1736 3528 Archipresbyter.

954 3537 1095 3618 Denique
1115 3538 1253 3617 duplicia
1272 3535 1419 3599 dicuntur
1437 3535 1594 3599 Beneficia
1612 3538 1745 3610 curam

954 3626 1022 3688 haec
1044 3627 1128 3687 enim
1154 3626 1260 3688 omnia
1279 3625 1395 3705 duplici
1415 3643 1509 3687 onere
1529 3630 1561 3686 et
1579 3641 1656 3686 cura
1670 3640 1747 3685 con-

954 3715 1063 3776 stricta
1085 3721 1276 3792 censentur,
1306 3732 1379 3776 cum
1398 3717 1514 3793 prater
1528 3712 1746 3775 recitationem

954 3801 1747 3882 precumomnibuscommuncmhabeantaliquam

956 3889 1258 3954 administrationem
1283 3895 1315 3952 et
1339 3889 1554 3952 eminentiam.
1585 3888 1748 3968 Simplicia

955 3978 1102 4041 dicuntur
1116 3997 1185 4060 qua
1204 3983 1327 4041 tantum
1342 3982 1415 4040 sunt
1437 3977 1566 4039 institua
1587 3977 1627 4038 ad
1643 3975 1746 4038 officia

955 4067 1062 4130 divina
1083 4067 1240 4144 obeunda,
1258 4085 1359 4147 neque
1374 4064 1679 4128 administrationem
1699 4065 1748 4126 vel

955 4155 1157 4218 eminentiam
1171 4155 1363 4235 singularem
1378 4154 1507 4231 habent,
1527 4157 1560 4216 ut
1574 4153 1749 4216 canonica·

954 4249 1015 4321 tus,
1042 4244 1108 4306 sive
1131 4245 1309 4322 seculares,
1330 4244 1395 4305 sive
1416 4243 1589 4323 regulares,
1605 4241 1750 4321 Capella·

954 4333 1026 4396 niae.
1042 4334 1080 4396 V.
1092 4336 1201 4413 Laym.
1215 4379 1223 4411 ,
1239 4352 1303 4415 rap.
1321 4337 1351 4412 1,
1366 4351 1447 4396 aum.
1467 4335 1497 4411 1,
1510 4339 1583 4409 eta,
1601 4336 1633 4394 et
1645 4333 1747 4412 Lesa,

100 4425 248 4490 Ecclesiae
270 4427 553 4507 propterofficium
569 4427 698 4508 aliquod
713 4427 894 4507 spirituale,
953 4422 982 4486 d.
1007 4427 1035 4486 2.
1061 4445 1075 4480 a

102 4513 287 4577 auctoritate
302 4516 449 4578 Ecclesia
464 4515 685 4588 constitutum;
702 4515 745 4577 ita
764 4518 894 4595 baym,

103 4599 149 4664 lit.
164 4606 195 4680 1,
215 4612 237 4665 t.
255 4607 285 4680 2,
302 4623 366 4686 cap.
385 4608 421 4678 l;
446 4607 547 4682 Lesa,
563 4604 615 4666 lit.
632 4609 662 4681 2,
680 4624 744 4686 cop.
756 4608 805 4683 31,
817 4604 847 4666 d.
865 4609 894 4667 l.

140 4713 153 4748 a
173 4691 329 4755 Eicitur-l.
346 4693 402 4754 luo
415 4702 600 4774 perpetuum,
617 4692 657 4754 ad
669 4692 897 4755 excludendam

103 4779 260 4842 vicariam
283 4785 314 4843 et
332 4781 557 4844 commendam
581 4783 803 4861 temporalem,
828 4798 897 4860 quae

103 4887 163 4932 non
186 4872 263 4931 suut
291 4869 449 4930 Beneficia
480 4869 519 4932 de
545 4869 658 4949 quibus
684 4871 827 4933 Canones
854 4869 897 4930 lo·

104 4965 252 5040 quuntur.

1223 4723 1477 4792 uubanus.

991 4961 1068 5024 llum
1084 4961 1123 5021 de
1140 4961 1274 5024 materia
1287 4961 1513 5025 beneficiorum
1527 4961 1593 5023 lusa
1610 4962 1641 5024 et
1655 4971 1749 5024 accu-
1774 5007 1818 5066 ,Ν

141 5071 155 5106 a
173 5047 349 5111 Dicitur-ll.
374 5047 506 5129 Propter
528 5045 681 5128 Officium,
698 5045 818 5127 quiain
838 5045 897 5109 Be·
951 5051 1018 5110 rate
1047 5047 1206 5127 scripserit
1234 5051 1270 5110 n.
1302 5051 1336 5111 P.
1366 5051 1477 5110 Petrus
1504 5049 1686 5127 Laureolus,
1716 5049 1748 5110 in

105 5137 214 5198 nesrcio
229 5135 293 5196 duo
305 5134 380 5215 jura
403 5152 423 5195 a
446 5153 481 5196 se
499 5139 609 5197 mutuo
624 5133 812 5215 separabilia
834 5134 899 5196 dis·
953 5140 1034 5199 Foro
1049 5137 1236 5215 beneficiali,
1254 5137 1337 5200 edito
1353 5136 1489 5200 Coloniae
1505 5155 1587 5199 anno
1603 5140 1690 5212 1701,
1708 5138 1748 5199 ad

106 5224 291 5306 tinguuntur
307 5243 314 5284 :
332 5227 361 5286 l.
378 5225 433 5286 Est
443 5223 496 5305 jus
510 5241 565 5284 seu
578 5227 716 5303 potestas
731 5224 897 5286 exercendi
951 5226 1037 5288 hunc
1058 5244 1115 5306 pro
1139 5226 1189 5288 his
1212 5226 1351 5289 materiis
1375 5225 1554 5306 trequenter
1576 5226 1746 5304 remitm,

107 5313 242 5376 muneris
264 5311 453 5390 spiritualis,
476 5315 585 5393 estque
604 5311 786 5392 simpliciter
806 5313 898 5392 spiri·
950 5313 1087 5376 maxime
1102 5333 1159 5395 pro
1173 5314 1250 5376 locis
1265 5318 1297 5378 et
1319 5312 1454 5376 textibus
1478 5315 1650 5376 ductorum
1669 5329 1748 5394 quos

107 5401 199 5464 tuate.
225 5400 368 5462 Alterum
394 5404 441 5478 est
464 5400 517 5481 jus
540 5400 733 5481 percipiendi
755 5401 896 5464 redditus
953 5403 1066 5465 citabo.

107 5488 448 5570 Ecclesiasticus3quod
462 5489 519 5554 etsi
535 5490 708 5556 secundum
723 5490 897 5552 sesittam-
1007 5491 1114 5567 011111.
1130 5496 1180 5556 31.
1194 5525 1234 5538 -
1250 5489 1536 5568 Ouoediatinrtiosit
1556 5491 1635 5552 inter
1652 5489 1748 5552 Bene-
1774 5535 1816 5588 ’,Β

108 5579 230 5662 parole,
257 5581 412 5659 quatenus
434 5584 541 5644 tamen
566 5577 716 5644 fundatur
738 5577 770 5641 in
794 5579 896 5644 allicio
949 5580 1063 5668 ficium,
1093 5580 1316 5652 canonicatum,
1340 5577 1668 5661 Protendomlllesp.
1685 5581 1745 5662 §la

223 5685 260 5750 Τ.
277 5683 314 5750 11.

1587 5690 1623 5754 31
