4056 6344
312 585 380 655 aaa
962 581 1078 660 bloba
1099 579 1295 662 QUARTUS.

310 772 509 840 Pontificlum
518 785 685 836 ‘assensum
699 791 718 836 a
733 773 907 838 secretario
917 774 1104 856 requisitum
1159 779 1265 838 utatm
1286 775 1448 840 mensibus
1469 774 1645 844 alienatio
1664 773 1804 840 indultis
1821 775 1937 850 Quodsi

312 862 525 940 elcbtcntum
538 863 678 943 expediri
693 861 853 926 debebunt
867 881 924 943 per
939 866 1071 926 Decreta
1085 883 1105 925 a
1160 864 1204 924 eis
1222 863 1290 943 jam
1311 883 1386 926 usus
1406 864 1509 942 luerit,
1527 865 1657 928 ulterior
1674 865 1734 944 ipsi
1750 866 1871 928 licentia
1882 887 1934 930 non

310 952 460 1031 predicto
485 952 641 1015 Cardinali
663 952 787 1016 Vicario
811 953 923 1031 Urbis,
952 959 1105 1033 tanquam
1159 952 1359 1014 concedetur.
1374 953 1405 1016 Si
1416 971 1495 1026 ,vero
1510 953 1550 1014 de
1566 953 1633 1033 ejus
1648 955 1795 1016 Ecclesia
1809 954 1934 1016 velClcri

310 1040 448 1120 praete
462 1039 718 1120 Congregationis
733 1040 894 1118 Praefecto,
913 1042 1101 1120 subscripta.
1158 1041 1252 1101 rebus
1264 1047 1387 1120 agatur,
1405 1042 1517 1121 exponi
1533 1042 1703 1120 debebunt,
1720 1046 1788 1104 tum
1802 1049 1893 1104 status
1904 1043 1934 1102 li·

310 1131 406 1192 Decet
427 1129 512 1191 enim
539 1130 595 1192 bas
625 1146 751 1210 quoque
779 1129 921 1192 licentias
947 1149 1009 1192 non
1037 1135 1103 1192 sine
1158 1129 1208 1204 tis,
1234 1129 1437 1210 ejusdemque
1461 1131 1610 1210 gravitas,
1628 1133 1695 1194 tum
1715 1149 1829 1208 causa,
1854 1151 1935 1213 prop-

310 1219 473 1282 Poutificie
492 1218 723 1298 subscriptione
741 1219 886 1298 prodire;
909 1220 1004 1298 idque
1026 1219 1103 1282 obli·
1158 1222 1206 1282 ter
1229 1237 1308 1297 quus
1334 1219 1511 1280 necessaria
1532 1219 1670 1280 creditur
1693 1219 1724 1280 in
1749 1220 1820 1280 loco
1838 1219 1934 1300 judicii

311 1306 436 1370 rebitur
449 1307 617 1369 accedente
637 1307 807 1385 signatura
828 1308 985 1370 pontificis
1009 1327 1104 1386 super
1158 1305 1296 1368 Oratoris
1318 1307 1500 1384 prasentia3
1516 1312 1585 1368 tum
1604 1307 1700 1370 etiam
1725 1307 1934 1370 declarandum

309 1393 466 1473 praedictis
480 1395 583 1473 Foliis,
600 1395 632 1456 in
648 1395 763 1476 quibus
779 1397 977 1476 singulorum
998 1397 1104 1458 Indul-
1158 1413 1197 1454 an
1211 1394 1370 1456 ltlensibus
1385 1395 1610 1458 Conciliaribus
1620 1415 1695 1458 usus
1708 1397 1815 1458 luerit.
1831 1398 1867 1458 Et
1880 1397 1934 1477 qui-

309 1486 417 1546 tcrum
443 1487 569 1544 tenores
602 1487 632 1544 et
664 1501 768 1544 eausa
792 1501 811 1544 a
833 1483 1008 1546 secretario
1035 1485 1104 1546 des·
1158 1483 1230 1542 dem
1252 1483 1277 1544 si
1302 1483 1442 1544 nondum
1461 1483 1520 1545 illis
1543 1502 1618 1546 usus
1639 1485 1689 1561 sit,
1712 1486 1934 1548 rescribendum

309 1569 412 1647 cripta
423 1573 532 1644 erunt3
547 1570 815 1650 quemadmodum
828 1572 941 1651 elapsis
955 1573 1103 1651 tempori·

309 1656 378 1733 bus,
405 1661 498 1738 atque
523 1659 618 1722 etiam
642 1660 777 1722 aNobis
796 1659 883 1740 ipsis,
900 1661 976 1722 dum
996 1661 1102 1741 hujus·

308 1745 394 1812 modi
418 1747 582 1808 Secreterii
604 1765 736 1808 munere
758 1747 973 1828 fungeremur,
998 1767 1103 1810 serva-

310 1838 377 1900 tum
391 1833 486 1900 fuisse
501 1834 710 1900 remetimur.

354 1943 368 1982 a
382 1921 498 1994 Quinto
519 1923 599 2000 loco,
617 1925 767 2003 quoniam
781 1924 970 2003 experiendo
987 1941 1103 2005 cogno·

1158 1570 1226 1647 erit,
1243 1576 1279 1633 ut
1298 1591 1351 1634 cos
1370 1572 1400 1632 in
1421 1572 1601 1653 hujusmodi
1623 1591 1751 1636 causam
1775 1574 1931 1653 impendat.

1158 1658 1277 1720 Slvere
1292 1658 1324 1718 id
1339 1660 1474 1738 emplius
1489 1659 1644 1738 Episcopo
1659 1659 1818 1739 integrum
1833 1679 1888 1721 non
1901 1661 1934 1722 sit

1157 1745 1233 1826 (qua
1246 1746 1278 1808 in
1292 1766 1326 1808 re
1341 1767 1400 1810 uec
1414 1749 1504 1810 dolus
1519 1767 1576 1810 nec
1586 1747 1672 1810 fraus
1684 1749 1898 1829 intercesserit,
1908 1757 1934 1813 et

1156 1835 1294 1914 alioquin
1319 1836 1417 1915 ipsius
1435 1837 1584 1898 instantia
1601 1837 1688 1922 justa
1705 1837 1859 1916 rideatur,
1878 1844 1934 1902 ten·

1156 1927 1222 1984 tum
1237 1922 1280 1983 illi
1295 1923 1456 2002 temporis,
1469 1929 1501 1986 et
1514 1943 1576 1988 non
1592 1924 1738 2004 omnlino,
1756 1925 1800 1988 ad
1813 1944 1933 1988 commo·

308 2009 422 2088 viauae,
444 2009 528 2094 quod
553 2012 594 2073 ad
616 2012 786 2076 obtinenda
815 2014 941 2076 lndulta
965 2033 1101 2076 eommo-
1156 2011 1290 2072 randum
1316 2017 1403 2074 extra
1422 2013 1587 2074 Dioecesim
1607 2013 1775 2091 tribuatur,
1797 2019 1933 2094 quantum

309 2099 498 2163 randieatra
506 2101 683 2178 Dioecesim,
696 2101 902 2182 infrascriptae
914 2103 1102 2184 plerumque
1152 2098 1331 2179 judicatum
1349 2100 1442 2162 luerit
1460 2100 1670 2162 necessarium
1689 2119 1770 2179 esse,
1787 2101 1829 2162 ad
1842 2104 1933 2164 Causa

310 2205 413 2254 causae
436 2189 478 2249 ab
500 2189 661 2268 Episcopis
681 2191 786 2256 efferri
813 2193 931 2265 solent;
953 2192 1101 2255 nimirum
1155 2188 1352 2264 Defensores,
1373 2189 1562 2267 advocatos,
1584 2195 1615 2252 et
1633 2189 1763 2253 ludices
1787 2191 1827 2250 de
1850 2193 1933 2252 omni·

308 2281 364 2340 eut
389 2276 557 2342 necessitas
586 2279 749 2340 assistendi
776 2281 983 2359 personaliter
1005 2281 1097 2342 alicui
1154 2275 1224 2353 bus,
1246 2293 1316 2354 quaa
1336 2276 1377 2338 ed
1395 2294 1462 2336 rem
1482 2276 1649 2355 pertinent,
1670 2277 1862 2340 sufficienter
1882 2278 1933 2339 ins

308 2365 364 2443 liti,
386 2384 440 2428 seu
467 2367 698 2444 controversiae,
722 2367 754 2436 in
778 2387 841 2449 que
864 2370 1022 2446 Ecclesiae,
1046 2373 1101 2432 eut
1154 2365 1316 2427 truendos.
1327 2365 1358 2428 Si
1370 2365 1453 2426 enim
1463 2366 1589 2428 licentia
1599 2366 1765 2430 abessendi
1781 2387 1801 2428 a
1815 2367 1931 2430 Dioeeesi

308 2454 389 2518 Glari
401 2455 459 2528 sui,
477 2456 525 2521 vel
541 2455 639 2520 etiam
653 2457 789 2536 propriae
804 2459 942 2520 Familiae
958 2477 1008 2520 res
1023 2477 1100 2537 aga·
1153 2471 1253 2532 usque
1268 2454 1307 2514 ed
1321 2455 1446 2514 finalem
1462 2455 1579 2519 exitum
1593 2473 1697 2518 causae
1712 2455 1840 2520 extendi
1854 2456 1933 2518 debe

307 2545 370 2620 tur,
387 2560 521 2623 quaque
535 2542 567 2604 in
583 2547 724 2610 Romane
738 2546 831 2610 Curia
849 2546 1027 2608 introducta
1047 2547 1097 2624 sit,
1153 2546 1211 2618 ret,
1229 2561 1322 2603 nemo
1338 2561 1400 2604 non
1414 2543 1509 2620 videt,
1528 2563 1622 2623 quam
1641 2543 1794 2606 diuturna
1814 2545 1933 2622 plerum·

307 2630 357 2693 vel
385 2631 447 2696 elia
474 2631 506 2694 in
532 2632 626 2710 Urbe,
653 2633 686 2694 in
713 2651 775 2713 qua
799 2634 956 2696 resideant
978 2634 1099 2715 majora
1153 2649 1214 2709 que
1228 2631 1352 2693 leretin
1368 2631 1826 2712 hisceoasibusEpisooporum
1836 2633 1933 2694 absen-

307 2718 500 2796 Tribunalia,
522 2737 656 2800 quorum
680 2737 717 2782 ee
737 2721 777 2782 de
802 2740 835 2782 re
855 2722 1012 2802 judicium
1030 2741 1098 2784 esse
1152 2717 1206 2794 tia,
1219 2719 1453 2799 ctqnamfecilc
1468 2720 1593 2782 evenire
1608 2725 1723 2800 posset,
1737 2726 1774 2784 ut
1787 2723 1931 2800 pleraque

308 2805 437 2880 debcet;
450 2811 505 2868 aut
519 2808 691 2886 corporalis
710 2809 874 2888 aegritudo,
893 2829 955 2889 que
972 2828 1099 2890 correp·
1152 2805 1311 2866 Dioeceses
1338 2807 1545 2885 complurium
1569 2826 1724 2868 annornm
1751 2810 1851 2888 spatio
1872 2827 1932 2870 suc

307 2899 358 2960 tus
385 2895 479 2958 luerit
505 2895 678 2976 Episcopus
706 2897 781 2959 dum
810 2903 898 2960 extra
919 2899 1095 2975 Dioecesim‚
1153 2914 1222 2956 rum
1238 2899 1401 2957 Pastorum
1417 2897 1754 2975 praesentiscerercnt.

307 2983 532 3046 Conciliaribus
568 2985 728 3048 mensibus
764 2991 866 3062 utens,
900 2988 1095 3056 morabatur,
1190 3009 1205 3046 n
1225 2985 1282 3058 Qui
1296 3003 1371 3047 vero
1385 2986 1543 3048 licentiam
1553 2986 1717 3048 abessendi
1733 2985 1880 3066 petierint
1891 3003 1929 3046 re

306 3073 453 3135 iteutad
468 3073 613 3137 eamdem
627 3073 795 3136 Dioecesim
813 3076 928 3138 reverti
943 3083 1093 3157 nequeat;
1150 3073 1235 3137 tione
1262 3073 1451 3136 infirmitatis
1473 3078 1562 3136 extra
1583 3075 1750 3136 Ilioecesim
1778 3079 1931 3138 contracta

307 3165 362 3224 aut
388 3162 521 3224 adversa
547 3163 694 3226 valetudo
720 3163 752 3224 in
776 3163 845 3244 ipse
868 3166 1000 3227 Dioecesi
1025 3185 1096 3227 con·
1152 3162 1226 3226 dum
1250 3160 1413 3224 vacatione
1434 3160 1603 3224 aGoncilio
1624 3161 1747 3224 indulta
1763 3166 1929 3238 umrenbu,

306 3255 417 3329 tracta,
434 3251 475 3312 ad
494 3269 589 3332 quam
609 3250 828 3331 depellendam
849 3253 961 3316 Medici
986 3257 1098 3334 putent
1151 3255 1325 3314 asserentes
1355 3267 1394 3310 ea
1417 3250 1457 3312 de
1489 3269 1584 3312 causa
1606 3269 1788 3331 regressum
1813 3251 1853 3314 ed
1870 3268 1932 3330 pro-

306 3339 517 3401 necesserium
531 3339 609 3416 fore,
624 3339 814 3419 Episcopum
829 3359 935 3404 aerem
949 3346 981 3404 et
994 3343 1096 3404 solum
1150 3338 1250 3418 priam
1266 3336 1432 3398 Dioecesim
1446 3337 1503 3398 sibi
1523 3337 1694 3416 prohiberi,
1712 3356 1869 3418 exponere
1886 3338 1932 3396 de-

305 3428 531 3510 eliqnentisper
545 3433 681 3504 mutnre;
700 3436 754 3493 aut
767 3429 902 3511 denique
916 3432 1096 3512 malignitas
1149 3427 1270 3496 habunt
1291 3430 1459 3488 contracta
1477 3426 1667 3490 infirmitatis
1690 3428 1885 3506 qualitatem,
1906 3429 1932 3486 et

305 3517 387 3579 aeris
401 3517 436 3579 ia
447 3515 578 3578 llioecesi
593 3515 715 3596 vigens,
733 3535 827 3598 quem
842 3519 999 3598 aliquibus
1021 3520 1094 3582 enni
1150 3532 1245 3594 super
1258 3531 1297 3576 ea
1318 3513 1530 3576 testimouium
1552 3514 1666 3576 Medici
1685 3515 1867 3595 juramento
1887 3516 1931 3575 lin

304 3605 467 3668 mensibus
479 3605 610 3668 devitari
633 3611 795 3686 oporteat;
813 3613 845 3670 et
866 3607 1016 3689 quoniam
1036 3627 1095 3671 nec
1149 3602 1726 3682 matumexhibere.Atqueubipetite
1735 3603 1934 3683 lieentiaipsis

305 3693 371 3754 ulla
411 3711 449 3754 ex
476 3691 645 3771 premissis
668 3693 781 3771 causis,
806 3694 924 3774 absque
948 3715 1096 3776 expressa
1148 3691 1361 3771 indulgeatur,
1377 3709 1416 3752 ea
1429 3709 1555 3770 semper
1577 3691 1618 3754 ad
1638 3697 1761 3754 certum
1780 3711 1819 3754 ae
1836 3691 1932 3754 defini·

305 3781 438 3843 Romani
463 3781 621 3844 pontificis
644 3783 880 3862 approbatione,
904 3803 1094 3865 quemquem
1150 3785 1217 3842 tum
1232 3785 1356 3858 ternpus
1370 3779 1498 3842 concedi
1514 3780 1653 3858 debebit,
1679 3780 1808 3862 adjecta
1822 3797 1933 3862 quoque

305 3870 347 3931 ab
372 3888 469 3932 onere
491 3869 648 3932 residendi
672 3870 808 3933 eximere
832 3878 955 3950 potest;
981 3878 1013 3936 et
1035 3874 1095 3935 nisi
1150 3868 1289 3930 clausula
1299 3869 1325 3928 et
1336 3867 1441 3929 tandiu
1456 3867 1615 3949 infirrnr'tos
1627 3869 1794 3932 duraverit.

306 3958 399 4020 certis
422 3959 576 4038 expressis
597 3958 850 4038 circumstantiis,
871 3960 971 4042 iisque
992 3963 1094 4024 verifi-
1189 3979 1203 4017 n
1222 3957 1270 4020 ab
1294 3957 1332 4020 iis
1355 3962 1477 4035 autem,
1503 3957 1556 4038 qui
1580 3958 1762 4039 hujusmodi
1786 3959 1931 4023 licentiam

306 4047 822 4129 catte‚difficileestedhujusmodi
834 4051 1094 4129 approbationem
1148 4046 1385 4127 postulaverint,
1402 4064 1439 4108 eo
1461 4046 1547 4126 quod
1564 4046 1646 4108 aeris
1668 4047 1845 4112 mutatione
1864 4063 1931 4125 opus

304 4135 363 4196 rite
384 4139 530 4216 recteque
549 4136 740 4216 procedere;
761 4139 973 4200 necessarium
999 4140 1094 4202 Nobis
1148 4135 1208 4198 sibi
1223 4155 1292 4198 esse
1308 4135 1414 4200 dicant
1433 4136 1474 4198 ad
1499 4137 1783 4198 convalescendum
1806 4157 1844 4199 ex
1857 4152 1930 4198 mor-

305 4221 406 4284 visum
422 4228 470 4285 est
482 4224 695 4304 infrascriptae
710 4224 846 4304 Regulas
856 4230 1003 4306 statuere,
1016 4247 1094 4309 ques
1148 4225 1207 4302 bis,
1224 4225 1344 4305 quasin
1358 4227 1422 4290 suis
1436 4225 1581 4292 Ecclesiis
1596 4225 1764 4291 residendo
1780 4231 1931 4288 contraxe-

305 4310 338 4371 in
351 4310 482 4390 singedis
500 4313 673 4392 respective
693 4314 816 4376 casibus
834 4315 874 4376 eb
892 4315 930 4378 iis
951 4318 992 4378 ad
1015 4336 1093 4397 quos
1148 4319 1231 4392 runt,
1242 4315 1481 4396 exprimendum
1490 4316 1548 4378 erit
1558 4315 1590 4378 in
1599 4315 1757 4394 precibus,
1770 4333 1833 4395 quo
1842 4311 1931 4379 morbi
2010 4365 2012 4378 ,

306 4403 436 4478 spectet,
459 4403 490 4463 et
509 4419 566 4480 pro
588 4404 729 4480 tempore
751 4403 915 4482 spectabit,
933 4405 1093 4467 observari
1148 4422 1274 4484 genere,
1292 4409 1324 4467 et
1341 4423 1438 4484 quam
1451 4405 1589 4484 graviter
1608 4404 1763 4481 laborent,
1789 4423 1827 4470 ac
1840 4403 1931 4484 prole·
2010 4399 2012 4462 l

304 4487 503 4566 mandamus,
520 4493 613 4570 atque
627 4490 836 4569 precipimus.
1148 4493 1281 4556 rendum
1295 4493 1509 4556 testimoninm
1523 4493 1649 4570 Medici,
1665 4493 1719 4574 qui
1734 4489 1930 4573 jurejurando

349 4598 364 4633 n
378 4575 409 4638 Si
425 4576 494 4655 quis
508 4577 605 4658 igitur
617 4577 649 4638 in
659 4583 821 4658 posterum
830 4578 988 4642 licentiam
998 4581 1094 4660 petie·
1148 4585 1290 4659 testetur,
1306 4581 1383 4644 utile
1397 4597 1434 4642 aa
1448 4581 1661 4654 necessarium
1674 4582 1799 4644 Oratori
1814 4598 1888 4655 esse,
1901 4580 1930 4640 ut

304 4663 345 4726 rit
366 4664 554 4726 abscedendi
578 4685 598 4727 e
617 4667 749 4728 Dimcesi
768 4667 829 4729 sibi
848 4669 1038 4748 concredita,
1059 4675 1095 4733 ut
1148 4669 1180 4730 in
1194 4669 1288 4732 elmm
1303 4669 1475 4749 Regionem
1492 4674 1586 4750 atque
1606 4685 1714 4734 aerem
1734 4688 1793 4750 per
1815 4664 1930 4750 aliquod

300 4750 442 4832 judiciali
457 4754 688 4830 controversia,
706 4773 776 4835 qua
789 4755 862 4817 alibi
877 4757 1020 4833 vertibrr,
1038 4776 1095 4836 per
1147 4761 1271 4835 tempus
1285 4775 1318 4820 sc
1338 4756 1515 4818 transierat.
1533 4759 1596 4825 Nec
1614 4756 1691 4819 illud
1712 4755 1837 4818 silentio
1860 4771 1928 4834 pra-

303 4857 337 4901 se
351 4838 455 4920 ipsum
468 4840 600 4920 intersit,
617 4843 793 4922 exprimere
808 4845 936 4906 debebit
948 4847 979 4906 in
995 4846 1094 4925 preci·
1148 4845 1358 4920 tereundnm,
1389 4862 1428 4904 en
1456 4843 1575 4906 scilicet
1602 4846 1739 4920 Orator,
1770 4849 1929 4923 antequam

302 4929 362 4998 bus
380 4933 448 4991 tum
465 4933 594 5008 Locum,
610 4933 675 4994 sive
695 4934 823 5012 Urbem,
844 4935 876 4994 in
901 4954 963 5016 que
985 4935 1095 5017 hujus-
1147 4932 1258 4997 morbo
1275 4933 1493 5015 corriperetur,
1519 4932 1668 4996 trimestri
1687 4932 1816 4996 lieentia
1832 4933 1929 4994 adou-

302 5016 387 5079 modi
402 5017 439 5078 lis
454 5018 607 5097 agitatum
624 5023 692 5082 tum
706 5021 802 5082 etiam
821 5041 860 5084 an
880 5041 918 5083 ea
939 5022 1094 5102 pertineat
1149 5020 1218 5084 cilio
1233 5020 1386 5099 permissa
1400 5039 1474 5082 usus
1486 5019 1597 5094 fuerit;
1614 5021 1646 5084 si
1657 5020 1740 5082 enim
1755 5020 1788 5082 id
1803 5017 1928 5082 noudum

302 5105 342 5167 ad
358 5105 458 5185 ipsam
471 5108 610 5172 Oratoris
624 5109 806 5188 Ecclesiam,
818 5129 874 5172 seu
890 5111 1027 5189 Clarum,
1040 5113 1092 5174 vel
1147 5107 1267 5184 iecerit,
1284 5112 1315 5169 et
1329 5113 1452 5187 tempus
1475 5125 1494 5170 a
1519 5108 1657 5172 Concilio
1680 5107 1837 5171 indultum
1857 5105 1927 5170 effi·

302 5194 405 5272 potiris
426 5194 466 5256 ad
484 5193 582 5273 ipsius
603 5197 776 5260 Familiam.
795 5200 833 5260 Et
854 5199 982 5278 quidem
1003 5199 1028 5259 si
1053 5202 1093 5263 ed
1149 5198 1235 5258 ciens
1252 5195 1311 5274 ipsi
1334 5213 1397 5258 non
1420 5200 1592 5275 reputetur,
1617 5195 1849 5275 poteriteidem
1867 5211 1927 5255 cou-

301 5281 465 5344 llemiliem
479 5283 644 5362 pertineat,
663 5283 781 5363 absque
796 5304 832 5347 eo
849 5287 933 5366 quod
949 5288 1094 5350 Secreta·
1149 5285 1228 5362 cedi,
1244 5289 1280 5346 ut
1293 5303 1351 5364 per
1364 5288 1499 5364 quatuor
1513 5302 1648 5361 menses,
1660 5285 1692 5348 in
1707 5283 1822 5366 quibus
1835 5288 1925 5346 mmor

301 5369 367 5430 rius
383 5371 640 5450 congregationis
657 5373 850 5450 Pontificem,
868 5377 923 5435 aut
942 5375 1094 5437 Cardine·
1148 5373 1337 5437 Conciliares
1352 5375 1475 5436 Menses
1488 5373 1808 5453 comprehendentur,
1825 5366 1925 5433 altes'r

301 5456 365 5523 lem
381 5459 566 5520 Proeleotum
585 5459 689 5536 adeat,
706 5461 945 5522 rescribendum
963 5463 1003 5524 ab
1026 5464 1093 5542 ipso
1148 5461 1254 5524 dantia
1280 5461 1393 5524 absens
1416 5467 1633 5541 permaneat:
1664 5464 1706 5525 At
1732 5461 1757 5522 si
1773 5458 1924 5540 praedictos

303 5545 793 5626 erit,ut0roturadeffucmmde
808 5567 871 5630 quo
886 5549 918 5610 in
933 5550 1091 5630 precibus,
1147 5549 1337 5614 Conciliarcs
1363 5553 1509 5630 Menses,
1539 5555 1661 5614 remoto
1695 5549 1781 5614 omni
1810 5547 1924 5614 dolcat
