4032 6340
317 565 356 627 86
915 565 1033 630 LIBER
1060 564 1240 644 TERTIUS,
1270 565 1372 628 PARS
1399 566 1423 628 1.

321 766 416 830 qnam
444 750 641 829 aestimando,
672 750 746 832 quia
772 749 997 830 imaginatione
1022 753 1053 813 61
1078 751 1117 812 11-

320 854 410 898 more
420 843 565 918 augetur.

361 947 376 983 6
402 927 454 987 Vl.
476 926 510 988 Si
533 927 662 1006 pollutio
686 929 833 987 secutura
854 925 1065 1005 praevideatur
1079 945 1117 988 ex

322 1034 356 1077 re
369 1014 487 1092 illicita,
504 1015 614 1092 otiosa,
630 1015 680 1076 vel
697 1015 801 1074 minus
815 1014 992 1075 necessaria
1006 1019 1038 1077 et
1051 1014 1119 1076 haec

322 1103 363 1166 sit
376 1120 474 1164 causa
486 1103 675 1182 propinqua,
692 1118 729 1163 ac
744 1106 856 1164 natura
879 1119 937 1162 sua
959 1102 1000 1162 ad
1023 1119 1119 1162 vene·

322 1207 390 1252 rem
405 1189 560 1266 ordinata,
577 1194 694 1252 utsuut
708 1194 799 1250 actus
819 1189 979 1266 luxuriosi,
1004 1193 1117 1264 tactus,

323 1282 479 1357 aspectus,
495 1277 599 1356 lectio,
616 1277 746 1354 auditio,
764 1277 879 1338 locutio
899 1276 1017 1355 turpis„
1036 1294 1120 1337 mor-

323 1365 385 1427 tale
409 1367 456 1426 cst
478 1365 519 1426 ab
540 1365 593 1425 illa
616 1382 678 1424 666
702 1363 874 1438 6166116666ς
901 1363 975 1444 quia
996 1363 1029 1424 in
1050 1381 1121 1424 eam

325 1453 532 1530 consentiens,
548 1451 709 1514 moraliter
722 1452 754 1512 in
777 1454 923 1513 ellectum
946 1451 1121 1512 consentire

325 1543 481 1604 censetur.
511 1539 600 1613 Quod
616 1538 640 1602 si
656 1556 730 1600 vero
748 1557 798 1600 666
813 1539 919 1600 illasii
934 1557 1031 1600 66666
1053 1543 1123 1600 166-

324 1633 392 1691 tum
406 1632 538 1705 remota,
554 1646 612 1706 per
625 1627 771 1688 accidens
785 1631 907 1688 tantum
922 1627 963 1688 ad
976 1626 1123 1706 pollutio·

327 1734 399 1776 nem
413 1733 614 1792 concurrens,
632 1714 733 1795 qualis
748 1719 794 1776 661
807 1733 836 1777 v.
849 1735 878 1794 g.
896 1733 967 1776 esus
990 1718 1045 1776 aut
1067 1731 1124 1795 po-

326 1809 377 1867 tus
392 1794 578 1879 calidorum,
595 1800 757 1882 equitatio,
770 1801 980 1864 confabulatio
994 1801 1122 1877 inutilis,

327 1891 466 1971 crapula,
483 1889 619 1952 ebrietas
634 1889 728 1951 etiam
742 1888 883 1950 mortalis
898 1889 1010 1969 (modo
1026 1889 1125 1968 pollu-

328 1979 447 2041 tionem
461 1997 523 2040 666
537 1977 682 2039 intendas
697 1981 728 2038 et
742 1975 824 2038 absit
837 1975 1012 2056 periculum
1033 1995 1125 2038 vene·

328 2065 374 2128 rei
386 2065 580 2146 consensus),
597 2071 704 2127 secuta
713 2065 841 2145 pollutio
853 2084 915 2127 uon
926 2069 973 2127 est
982 2065 1124 2141 mortale,

329 2156 403 2236 quia
417 2156 449 2216 16
463 2156 558 2218 talem
573 2171 641 2216 rem
655 2153 866 2230 consentiens,
883 2171 944 2214 non
958 2156 1031 2216 idco
1046 2153 1127 2215 velle

329 2249 475 2307 66666166
488 2243 645 2319 ellectum,
666 2241 785 2303 villino.
811 2261 892 2304 aum.
914 2245 982 2316 151ς
1008 2241 1125 2305 Sanob.

331 2331 353 2394 1.
379 2351 405 2396 c.
430 2335 514 2395 Less.
543 2349 624 2394 num.
646 2333 686 2393 30
709 2332 818 2393 61100.
839 2331 919 2392 vide
937 2331 1028 2392 Dian.
1046 2350 1077 2412 p.
1095 2333 1126 2406 5,

330 2429 415 2482 tract.
449 2423 498 2496 63.
527 2417 564 2481 R.
603 2421 633 2480 1.
659 2417 788 2479 Addunt
816 2417 945 2497 quidam
978 2419 1128 2480 Doctores

330 2505 413 2570 hanc
439 2509 592 2586 regulam,
622 2505 827 2584 pollutionem
855 2505 886 2564 in
920 2523 1018 2566 causa
1051 2505 1129 2566 voli-

331 2603 397 2658 tam
431 2599 554 2656 tautum
584 2610 652 2653 esse
684 2595 859 2671 peccatum,
894 2598 1047 2672 quantum
1082 2595 1130 2654 est

332 2684 417 2764 ipsa;
433 2681 507 2744 6161
523 2679 673 2742 66666611
692 2684 857 2759 peccatum
875 2681 1018 2758 mortale,
1036 2679 1130 2741 etiam

333 2773 400 2834 fore
427 2769 612 2840 mortalem
637 2767 663 2829 si
687 2767 727 2828 sit
749 2765 882 2844 veniale,
905 2769 1072 2829 venialem.
1098 2766 1132 2828 Si

333 2877 409 2922 vero
428 2875 524 2920 causa
547 2856 668 2917 nullum
691 2854 732 2917 sit
753 2859 931 2934 peccalum,
953 2874 1010 2918 666
1029 2856 1131 2935 ipsam

334 2949 401 3010 1666
429 2946 571 3028 (6661666
598 2962 724 3024 semper
757 2943 897 3023 periculo
927 2942 1130 3022 cousensus),

334 3037 408 3098 hinc
447 3032 623 3111 venialem,
664 3049 694 3093 v.
734 3049 766 3112 g.
810 3049 878 3092 6666
916 3031 1016 3108 illam,
1062 3049 1132 3112 quae

334 3121 480 3204 provenit
494 3139 531 3182 ex
544 3119 677 3182 lectione
692 3118 816 3180 curiosa
829 3119 879 3180 vel
893 3124 1022 3198 aspectu
1032 3136 1089 3200 per
1099 3136 1132 3180 se

336 3229 399 3274 non
413 3207 546 3271 mortali.
558 3207 654 3270 Trull.
672 3227 700 3268 6.
712 3211 743 3283 5,
756 3209 917 3286 66616666,
930 3209 1130 3287 Η666.11666.

335 3301 450 3363 Bonae.
463 3308 531 3360 toni.
544 3299 573 3375 1,
588 3295 624 3357 de
638 3295 730 3357 Matr.
746 3298 817 3377 61,
831 3314 862 3375 p.
876 3298 931 3370 l0;
948 3297 1037 3358 Dian.
1055 3315 1088 3378 p.
1101 3301 1131 3373 l,

336 3399 376 3452 tr.
386 3393 416 3462 23
432 3384 546 3448 Miscet.
559 3404 612 3446 res.
623 3387 675 3446 56.

376 3499 391 3536 n
417 3473 625 3539 V11.Polluti0
641 3471 673 3532 iu
687 3487 796 3532 somno
812 3471 895 3534 lacta
910 3473 957 3532 est
970 3469 1131 3532 mortalis:

339 3569 366 3628 1.
379 3563 412 3628 Si
426 3566 498 3625 ante
513 3561 642 3636 directe,
659 3559 709 3620 vel
724 3559 897 3621 formaliter
911 3564 958 3622 est
967 3562 1136 3638 procurata

339 3658 371 3715 et
392 3669 490 3714 causa
513 3668 575 3711 666
598 3651 645 3709 661
667 3651 846 3709 retractata.
872 3651 901 3709 2.
920 3646 1050 3719 Quando
1065 3650 1137 3725 post

338 3756 484 3805 somnum
498 3735 616 3817 placuit
629 3739 661 3796 et
673 3735 847 3814 approbata
861 3738 909 3796 661
930 3737 1061 3814 6666166
1084 3735 1136 3794 de·

338 3827 538 3892 laetationem
553 3839 736 3895 veneream
753 3821 831 3882 alias
846 3839 921 3899 non,
935 3821 1044 3882 61116.
1065 3821 1135 3891 118;

341 3918 438 3980 Trull.
455 3935 484 3976 6.
496 3917 524 3977 9.

380 4029 395 4066 6
420 4003 548 4082 Quoeres.
576 4002 624 4061 Au
648 4004 758 4060 mutua
778 3997 908 4076 pollutio
931 3997 1012 4059 inter
1036 4017 1139 4060 mares

342 4097 391 4157 661
404 4093 536 4155 laminas
549 4091 728 4168 procurata,
745 4085 785 4148 sit
795 4085 1082 4164 mollitiestautum,
1097 4105 1138 4148 an

342 4177 508 4245 sodomia?

381 4291 395 4328 6
421 4269 514 4345 11666.
532 4265 566 4328 si
584 4265 638 4326 fiat
653 4281 691 4323 es
705 4262 771 4322 solo
787 4263 900 4322 ellectu
915 4261 956 4322 66
970 4281 1139 4323 veneream

340 4353 641 4434 libidinem‚absque
656 4349 834 4426 concubitu,
848 4368 915 4411 6666
926 4354 1047 4412 tantum
1062 4350 1141 4410 mol-

340 4447 450 4508 litiem.
468 4442 500 4504 Si
514 4459 589 4502 vero
604 4441 660 4501 1161
673 4457 711 4498 ex
726 4439 838 4498 affectu
855 4437 894 4497 ad
916 4456 1084 4516 personam
1106 4437 1140 4498 11-

344 4537 408 4597 lam
421 4529 550 4593 indebiti
566 4547 658 4589 sexus
674 4525 862 4606 (praesertim
882 4526 908 4586 si
933 4525 1015 4587 adsit
1036 4527 1142 4606 aliqua

342 4618 519 4704 conjunctio
531 4620 562 4680 et
574 4613 753 4678 commixtio
768 4613 958 4692 corporum),
976 4617 1023 4674 ost
1037 4613 1141 4692 quoad

342 4707 505 4782 malitiam,
522 4703 672 4766 sodomia.
690 4702 867 4778 61111636,
893 4721 917 4764 6.
934 4707 963 4764 3.
985 4703 1079 4762 Ρ1666
1102 4700 1141 4762 66

342 4801 408 4860 1616
422 4793 482 4856 hac
496 4789 629 4854 materia
645 4791 684 4855 V.
694 4788 776 4870 infra
791 4788 811 4853 1.
821 4791 851 4865 5,
868 4809 897 4849 6.
908 4791 947 4851 16
962 4790 1143 4851 6166616666

340 4883 454 4948 citatos.

625 5117 852 5180 ADDENDA.

277 5375 317 5422 9„
386 5331 490 5408 06661.
501 5333 570 5396 toa.
580 5317 621 5377 -’-
633 5327 671 5407 lo
684 5348 742 5412 quo
754 5327 892 5390 consistat
905 5325 1026 5390 molitio
1038 5323 1142 5408 polla·

346 5419 454 5482 tionis?
468 5421 505 5484 R.
531 5421 566 5483 16
589 5419 650 5481 hoc
672 5417 841 5497 praecipue,
868 5415 952 5496 quod
971 5414 1011 5476 sit
1032 5419 1143 5476 contra

346 5511 441 5576 tinem
454 5511 586 5590 naturae,
603 5505 719 5594 quaein
735 5505 845 5571 ordine
865 5503 905 5569 ad
929 5503 1029 5566 solam
1047 5519 1141 5583 gene·

1172 751 1326 815 rationem
1340 751 1455 812 format
1469 767 1588 828 semen,
1609 749 1740 829 pollutio
1765 753 1871 811 autem
1892 750 1960 812 illud

1171 841 1310 920 prodigit
1325 837 1494 918 voluptatis
1508 857 1616 899 causa.
1633 837 1753 900 Deinde
1766 837 1796 900 si
1817 837 1904 900 licita
1919 857 1961 902 es·

1171 933 1219 990 set
1241 928 1383 1008 pollutio,
1408 926 1615 1006 impediretur
1637 925 1825 1005 propagatio
1848 927 1961 1006 generis

1172 1017 1313 1095 humani,
1331 1017 1407 1096 quia
1420 1033 1512 1075 nemo
1528 1014 1622 1076 vellet
1636 1015 1715 1075 inire
1738 1012 1961 1076 Matrimonium

1173 1105 1213 1166 ob
1228 1105 1416 1183 gravissima
1429 1104 1511 1165 illius
1526 1121 1623 1164 onera
1637 1108 1668 1164 et
1681 1101 1890 1180 difficultates,
1913 1103 1962 1164 scd

1174 1192 1323 1253 satiarent
1337 1209 1370 1251 se
1384 1191 1527 1251 homiues
1548 1190 1720 1269 voluptate,
1737 1207 1808 1269 quae
1823 1191 1869 1250 cst
1882 1187 1912 1248 16
1926 1189 1962 1249 61-

1174 1277 1295 1337 1661666
1312 1276 1440 1336 seminis
1461 1275 1658 1355 habeturque
1673 1293 1730 1354 per
1754 1275 1960 1353 pollutionum.

1175 1366 1278 1444 Atque
1293 1383 1331 1424 ex
1346 1365 1394 1424 his
1409 1368 1531 1425 constat
1548 1362 1755 1442 pollutionem
1775 1380 1843 1422 6666
1862 1361 1964 1422 intriu-

1176 1471 1246 1513 sece
1261 1453 1387 1528 malam,
1405 1451 1489 1532 quod
1504 1451 1600 1512 etiam
1614 1450 1788 1512 declaravit
1802 1449 1900 1511 16666.
1912 1449 1962 1526 XI,

1177 1539 1332 1601 damnans
1355 1539 1437 1600 hanc
1459 1543 1510 1615 10,
1527 1555 1654 1617 666666.
1678 1535 1900 1617 ltlollitiesjure
1918 1557 1965 1597 66-
2004 1549 2005 1614 j

1177 1625 1410 1708 turoeprolzibitn
1424 1625 1770 1694 accommodandam
1784 1645 1847 1687 eam
1861 1626 1965 1686 noain-
2004 1653 2005 1674 2

1177 1712 1354 1791 1666161661,
1370 1733 1446 1796 crepe
1459 1723 1527 1776 esset
1541 1711 1965 1796 66666161166666661116616

1181 1801 1229 1864 rio
1242 1802 1294 1863 666
1308 1804 1437 1865 mortali.

1222 1881 1566 1967 066661103-0616
1585 1891 1666 1953 circo
1685 1909 1787 1953 conans
1803 1890 1966 1973 pollutionis
1984 1909 2005 1956 61

1179 1979 1215 2039 sit
1229 1978 1424 2043 addendum?
1444 1983 1515 2043 ltes.
1543 2000 1631 2060 seqq.
1650 1984 1678 2042 1.
1696 1980 1728 2042 si
1743 1981 1837 2058 66116,
1860 1999 1898 2042 ex
1913 1999 1967 2061 qua

1180 2068 1407 2148 praevideretur
1421 2069 1563 2149 pollutio,
1581 2070 1622 2130 sit
1635 2067 1768 2129 mortale
1794 2068 1827 2128 in
1846 2068 1967 2130 materia

1180 2155 1322 2235 luxuria,
1347 2157 1502 2240 simulque
1525 2175 1620 2219 causa
1643 2175 1700 2236 per
1723 2175 1777 2235 se,
1808 2160 1839 2218 et
1866 2157 1967 2218 efficax

1182 2245 1379 2324 pollutionis,
1403 2247 1534 2326 pollutio
1559 2251 1667 2306 secuta
1691 2248 1739 2307 est
1752 2245 1896 2322 mortale,
1910 2251 1967 2306 166

1183 2332 1257 2412 quia
1284 2334 1334 2394 lex
1365 2335 1509 2414 obligans
1546 2334 1587 2395 ad
1617 2336 1781 2412 peccatum
1803 2334 1965 2408 vitandum,

1183 2420 1302 2499 obligat
1322 2421 1363 2483 ad
1386 2423 1531 2484 vitandas
1554 2439 1665 2483 causas
1688 2440 1746 2500 666
1772 2439 1806 2482 66
1834 2421 1967 2484 efficaces

1183 2507 1265 2568 illius
1291 2527 1297 2568 :
1325 2513 1392 2569 tum
1412 2509 1487 2588 quia
1501 2509 1571 2569 talis
1595 2509 1725 2587 pollutio
1740 2509 1918 2570 censebitur
1929 2508 1968 2568 in·

1183 2597 1271 2656 tenta
1286 2594 1318 2654 16
1340 2613 1437 2656 66666
1456 2600 1487 2657 61
1509 2595 1540 2656 16
1565 2601 1679 2658 661666
1699 2596 1816 2674 666616,
1838 2596 1876 2657 66
1895 2595 1969 2676 quod

1185 2684 1343 2763 sequitur;
1369 2685 1557 2746 tumetium
1583 2684 1658 2765 quia
1685 2685 1739 2763 qui
1763 2687 1917 2746 consentit
1941 2683 1967 2743 in

1184 2772 1317 2833 mortale
1340 2772 1425 2833 circa
1447 2772 1613 2835 materiam
1637 2772 1779 2848 luxuria,
1797 2773 1922 2851 exponit
1941 2789 1968 2831 se

1185 2859 1324 2942 periculo
1345 2861 1488 2939 proximo
1510 2859 1727 2922 consentiendi
1750 2860 1782 2920 in
1802 2859 1970 2921 6616616116

1186 2964 1258 3006 nem
1272 2945 1424 3026 maj0rem
1440 2947 1621 3025 pollutionis
1640 2945 1803 3026 pravisae;
1829 2965 1904 3026 ergo
1921 2945 1969 3005 sul·

1186 3035 1250 3094 tem
1265 3033 1384 3094 ratione
1394 3034 1523 3112 periculi
1538 3037 1648 3112 peccat
1658 3033 1844 3094 mortaliter.
1855 3032 1966 3110 Arriag.

1186 3120 1216 3181 d.
1233 3123 1283 3198 16,
1299 3141 1330 3183 a.
1356 3125 1411 3195 23;
1434 3119 1536 3182 Rhod.
1561 3119 1640 3198 (1.1,
1665 3141 1695 3204 q.
1716 3124 1747 3198 3,
1772 3131 1840 3182 sect.
1858 3127 1887 3198 2,
1909 3121 1926 3200 §
1945 3123 1967 3196 1,

1188 3211 1278 3289 Spor.
1295 3210 1327 3270 16
1343 3211 1448 3294 Τ6666.
1467 3210 1553 3272 Sacr.
1566 3229 1600 3292 6.
1617 3214 1646 3280 1,
1663 3231 1693 3274 n.
1710 3213 1821 3290 335,61
1835 3209 1969 3272 61116666-

1188 3298 1334 3361 munitor.
1561 3307 1571 3328 ·

1227 3387 1288 3466 §2
1306 3388 1338 3450 Si
1362 3388 1454 3466 66116,
1472 3407 1510 3449 ex
1537 3407 1600 3468 qua
1622 3387 1815 3467 praevidetur
1839 3385 1968 3468 pollutio,
1988 3403 2004 3452 1

1189 3475 1229 3536 611
1241 3479 1363 3537 tantum
1377 3476 1499 3537 veniale
1514 3477 1546 3536 in
1569 3477 1702 3538 materia
1715 3478 1859 3553 luxuriae,
1875 3475 1968 3536 adbuc

1189 3561 1266 3625 dicit
1288 3564 1400 3626 blando
1423 3564 1453 3623 in
1474 3565 1553 3624 Stat.
1571 3563 1601 3624 d.
1622 3567 1652 3640 5,
1677 3584 1707 3645 q.
1730 3567 1759 3640 Ξ,
1777 3565 1968 3644 pollutionem

1190 3655 1330 3714 secutam
1345 3671 1411 3712 esse
1431 3653 1576 3730 mortale,
1600 3657 1667 3714 tum
1690 3652 1766 3732 quia
1780 3671 1875 3714 66666
1888 3648 1968 3712 estin

1191 3740 1323 3802 materia
1336 3740 1478 3817 luxuria,
1505 3745 1536 3802 et
1558 3739 1688 3816 directe,
1711 3757 1748 3800 ac
1764 3758 1822 3818 per
1836 3735 1969 3801 66166611
1997 3733 2004 3786 l

1192 3827 1230 3888 ad
1247 3825 1470 3905 pollutionem:
1487 3843 1562 3904 ergo
1578 3825 1632 3905 qui
1648 3826 1715 3887 vult
1728 3825 1826 3900 illam,
1839 3828 1970 3886 censetur

1193 3913 1274 3974 hano
1287 3912 1320 3974 iu
1335 3931 1429 3974 causa
1443 3913 1534 3990 velle,
1552 3930 1614 3973 666
1629 3913 1730 3992 611166,
1744 3929 1781 3973 66
1796 3913 1822 3974 61
1838 3912 1889 3973 1116
1902 3917 1970 3972 esset

1191 4002 1298 4081 gravis
1319 4001 1350 4062 16
1371 4001 1503 4062 materia
1521 3999 1676 4061 luxuriae:
1702 4005 1771 4060 tum
1793 4001 1888 4062 etiam
1909 3997 1972 4080 quia

1193 4109 1265 4150 cum
1287 4090 1354 4151 istis
1378 4108 1502 4168 semper
1521 4095 1568 4150 est
1591 4087 1711 4150 bomini
1731 4087 1800 4170 jam
1824 4085 1972 4150 actualiter

1193 4181 1304 4240 6116616
1328 4178 1368 4239 66
1386 4195 1454 4238 rem
1475 4183 1599 4258 turpem
1617 4177 1793 4256 periculum
1809 4177 1971 4255 proximum

1194 4285 1364 4328 consensus
1386 4266 1419 4326 in
1440 4266 1679 4328 delectationem
1704 4263 1903 4346 conjunctam
1917 4261 1972 4342 pol·

1194 4353 1303 4416 lutioni
1320 4375 1327 4416 :
1344 4371 1419 4436 ergo
1435 4356 1545 4416 saltem
1566 4355 1688 4415 ratione
1712 4353 1843 4432 periculi
1863 4367 1973 4430 semper

1195 4447 1242 4504 661
1256 4443 1398 4504 mortale.
1415 4443 1439 4504 ll
1463 4447 1572 4504 666166
1591 4443 1686 4521 Vasq.
1704 4443 1799 4502 11666.
1825 4441 1901 4502 Bon.
1921 4435 1971 4499 Fil-

1194 4531 1268 4592 liuc.
1293 4531 1392 4608 Salas,
1423 4533 1554 4610 uterque
1576 4528 1696 4591 March.
1718 4532 1803 4592 Less.
1828 4527 1849 4591 1.
1870 4531 1900 4603 1,
1914 4545 1936 4586 6.
1947 4527 1970 4599 3,

1195 4640 1225 4681 6.
1244 4622 1319 4692 lum
1340 4619 1429 4680 11166.
1437 4637 1470 4700 6.
1498 4619 1526 4694 1,
1552 4625 1591 4678 tr.
1614 4621 1645 4694 l,
1671 4615 1757 4680 recol.
1783 4619 1834 4693 65,
1863 4623 1889 4676 61
1903 4635 1932 4696 p.
1947 4615 1970 4686 1,

1196 4707 1460 4784 16.15,66661.31;
1478 4706 1578 4768 Gobut
1591 4709 1622 4764 in
1636 4703 1701 4766 Er.
1715 4715 1737 4767 1.
1748 4709 1779 4780 ’1,
1789 4724 1819 4765 6.
1837 4707 1902 4778 330,
1917 4699 1973 4762 alii·

1197 4815 1257 4877 quc
1272 4796 1398 4876 plurimi
1414 4813 1485 4856 cum
1510 4797 1601 4873 Spor.
1618 4813 1685 4874 sup.
1711 4794 1740 4853 iu
1755 4792 1856 4854 Theoi,
1873 4785 1969 4852 116661.

1197 4894 1236 4946 tr.
1263 4889 1291 4952 l,
1316 4904 1341 4945 6.
1366 4887 1396 4961 5,
1421 4903 1451 4945 6.
1478 4885 1527 4960 19,
1551 4882 1661 4942 dicunt
1678 4899 1771 4961 posse
1796 4885 1861 4942 tum
1875 4879 1970 4940 abesse

1196 4990 1322 5034 omnem
1336 4971 1540 5034 intentionem
1561 4969 1742 5049 pollutionis
1764 4973 1796 5030 et
1815 4965 1971 5048 perieulum

1196 5077 1366 5121 consensus
1384 5062 1416 5120 in
1438 5077 1519 5136 eam,
1545 5064 1576 5121 ct
1598 5060 1829 5136 consequenter
1842 5051 1971 5135 pollntia

1196 5167 1268 5210 nem
1282 5153 1350 5211 tum
1369 5151 1510 5208 secutam
1533 5164 1602 5208 esse
1622 5149 1745 5207 tantum
1764 5143 1894 5219 veniale,
1909 5137 1971 5220 quia

1194 5255 1268 5299 cum
1294 5237 1335 5298 sit
1361 5240 1483 5299 tantum
1504 5233 1600 5296 volita
1620 5233 1654 5294 in
1677 5251 1790 5310 causa,
1815 5231 1846 5292 in
1866 5233 1970 5292 tautum

1195 5331 1243 5386 661
1265 5324 1362 5401 mala,
1387 5323 1419 5383 in
1443 5325 1598 5403 qnantum
1621 5339 1718 5384 causa
1739 5323 1786 5382 est
1799 5319 1897 5390 mala3
1913 5317 1969 5394 qne

1195 5413 1261 5474 sola
1275 5416 1323 5473 cst
1343 5409 1533 5487 voluntaria,
1556 5427 1653 5472 causa
1673 5413 1779 5470 autem
1800 5413 1846 5469 est
1865 5407 1969 5466 tantum
1990 5449 1997 5465 .

1195 5500 1358 5566 venialiter
1377 5498 1485 5562 mala:
1509 5515 1584 5580 ergo
1606 5493 1966 5584 61166666116116666616
