4120 6348
289 556 370 618 5282

288 744 380 821 Papre
395 741 447 819 ΙΙΙ,
464 757 533 820 quse
548 739 679 819 incipit:
702 737 869 820 Cupientes,
896 739 1077 820 expectabi-

289 849 369 909 mus,
386 835 418 892 ct
431 831 535 909 elapso
550 830 633 891 dicto
648 833 799 908 tempore,
815 828 841 889 si
856 847 918 892 non
937 847 1072 908 praescn-

289 924 373 997 tatae,
389 921 438 980 vel
453 919 477 980 si
492 923 697 998 praesentata,
713 917 817 980 minus
831 919 997 980 Canonioae
1011 919 1077 978 luo-

288 1009 360 1084 rint,
388 1007 631 1086 providebimus,
657 1010 689 1068 et
710 1007 735 1067 si
759 1007 923 1068 Canonicae
946 1007 1074 1081 fuerint,

289 1114 342 1158 eas
357 1096 619 1170 confirmabimus,
637 1095 694 1154 nisi
709 1113 747 1156 ex
759 1094 936 1156 rationabili
960 1099 992 1156 ct
1015 1093 1078 1154 evi-

289 1184 373 1246 denti
388 1203 493 1259 causa,
510 1201 547 1244 ec
561 1184 599 1244 de
615 1184 769 1245 dictorum
778 1186 921 1245 Fratrum
932 1183 1073 1258 consilio,

289 1275 328 1335 dc
343 1273 476 1352 digniori
492 1276 522 1333 et
534 1272 647 1334 utiliori
663 1290 797 1351 persona
812 1272 991 1333 duxerimus
1006 1289 1076 1351 pro-

289 1361 469 1436 videndum,
485 1360 621 1439 proviso,
638 1360 722 1439 quod
733 1360 905 1420 confirmati
918 1359 1072 1438 praedicti,

289 1456 320 1513 et
333 1469 390 1529 per
408 1468 464 1511 nos
479 1449 593 1528 provisi
617 1447 844 1526 Metropolitani
869 1447 932 1508 suis
954 1451 984 1508 ct
1007 1447 1074 1507 aliis

288 1541 436 1618 praestent
449 1536 555 1598 debita
565 1535 756 1616 juramenta,
774 1539 805 1596 et
819 1535 880 1596 alia
894 1535 933 1596 ad
950 1553 1019 1614 quae
1035 1534 1074 1595 de

284 1625 355 1707 jure
380 1627 536 1700 tenentur,
563 1628 594 1685 et
615 1623 647 1684 in
668 1623 863 1686 Monasteriis
886 1623 977 1684 dictae
1002 1621 1075 1684 Sedi

288 1715 455 1775 inmediate
478 1729 540 1772 non
564 1711 723 1791 subjectis,
754 1716 784 1772 et
798 1710 867 1772 aliis
881 1710 1077 1790 regularibus

287 1799 447 1861 beneficiis
462 1817 557 1877 super
570 1799 684 1879 quibus
698 1818 754 1878 pro
770 1799 1004 1861 confirmatione
1028 1798 1077 1858 vel

289 1887 464 1967 provisione
486 1887 662 1949 addictam
687 1888 801 1951 Sedcm
826 1906 888 1948 non
918 1886 1079 1950 consuevit

289 1977 397 2038 haberi
430 1994 586 2052 reuersae,
614 1975 703 2038 electi
725 1995 779 2036 seu
804 1975 846 2036 illi
871 1975 983 2055 quibus
1006 1993 1080 2054 pro-

288 2063 458 2125 videndum
474 2067 520 2124 est
533 2081 590 2142 pro
606 2063 841 2125 confirmatione
856 2069 887 2124 et
901 2062 1077 2141 provisione

288 2151 468 2232 hujusmodi
482 2152 522 2212 ad
544 2151 664 2212 curiam
688 2154 861 2212 Romanam
884 2151 990 2211 venire
1015 2169 1078 2210 uon

288 2241 489 2316 tenebuntur,
509 2241 640 2320 ipsaque
665 2239 822 2318 regularia
845 2238 997 2301 beneficia
1020 2239 1078 2300 sub

288 2330 396 2409 gratiis
409 2329 611 2408 expectativis
626 2347 687 2389 non
703 2329 826 2400 cadant
838 2327 890 2389 ubi
901 2332 1004 2389 autem
1021 2345 1077 2406 pro

288 2418 485 2482 Monasteriis
515 2418 555 2478 ad
586 2417 701 2479 dictam
731 2417 851 2478 curiam
883 2416 989 2478 venire
1022 2436 1078 2477 scu

288 2507 411 2568 mittere
426 2505 654 2582 consueverint,
681 2523 742 2566 nou
767 2505 857 2566 aliter
880 2503 1078 2566 confirmabi-

288 2613 357 2656 mus
371 2595 420 2655 vel
435 2593 668 2673 providebimus
683 2612 778 2672 quam
792 2593 936 2672 superius
957 2593 995 2654 de
1020 2594 1078 2654 Ca-

287 2683 481 2744 tbedralibus
510 2682 656 2743 lleclesiis
689 2685 735 2745 est
766 2699 959 2760 expressum,
985 2681 1077 2742 etde

287 2770 483 2832 blonasteriis
498 2771 679 2832 Monialiunr
694 2788 754 2831 non
780 2770 992 2849 disponemus,
1019 2769 1076 2830 nisi

289 2859 351 2921 sint
373 2864 518 2938 exempta
540 2863 571 2921 at
593 2864 667 2921 tunc
681 2878 738 2938 per
757 2859 1007 2932 commissionem
1037 2858 1078 2919 ad

311 2955 403 3011 artes.

288 2970 307 3030 p
332 3041 385 3099 rb.
402 3039 446 3098 De
456 3037 569 3098 ceteris
579 3055 652 3099 vero
664 3035 868 3117 dignitatibus
878 3041 909 3098 et
918 3036 1076 3098 beneficiis

289 3129 525 3210 quibuscunque
541 3127 742 3188 sacularibus
757 3131 787 3188 et
801 3126 997 3205 regularibus
1021 3144 1075 3186 va-

287 3217 413 3292 caturis,
430 3215 512 3275 ultra
530 3214 757 3276 reservationes
778 3215 942 3294 praedictas
969 3214 1076 3296 (rnajo-

287 3307 373 3368 ribus
387 3303 590 3382 dignitatibus
604 3307 674 3382 post
689 3303 885 3365 pontificales
909 3302 940 3363 iu
964 3304 1075 3365 Cathe-

287 3394 436 3469 drclibus,
453 3395 484 3452 et
497 3391 720 3470 principalibus
734 3392 765 3452 in
778 3391 955 3471 Collegiatis
971 3393 1077 3452 Eccle-

287 3481 499 3560 siisexceptis)
515 3480 683 3560 dequibus
699 3480 771 3561 jure
792 3480 950 3541 ordinario
972 3478 1076 3558 provi-

288 3573 379 3634 detur
392 3588 448 3649 per
462 3568 530 3629 illos
545 3569 708 3630 inferiores
729 3569 769 3629 ad
786 3587 864 3648 quos
884 3571 960 3630 alias
980 3567 1076 3647 perti-

287 3665 350 3737 net,
366 3660 468 3738 placet
483 3658 578 3718 etiam
592 3657 682 3718 nobis
693 3658 777 3736 quod
788 3676 844 3736 per
854 3674 1075 3737 quamcunque

287 3750 379 3810 aliam
396 3745 651 3823 reservationem,
673 3745 808 3824 gratiam
833 3745 1073 3824 expectativam‚

286 3843 341 3902 aut
359 3836 501 3918 quamvis
526 3834 620 3895 aliam
644 3833 891 3912 dispositionem,
917 3833 975 3894 sub
999 3849 1077 3911 qua-

286 3945 409 4007 cunque
425 3923 592 3986 verborum
606 3923 715 3997 forma,
731 3941 787 4000 per
802 3941 858 3983 nos
875 3924 924 3982 vol
939 3919 1076 3982 auctori-

287 4019 351 4077 tate
360 4013 587 4074 assuefactam
597 4011 647 4072 vel
660 4010 846 4088 faciendam,
858 4029 918 4072 non
929 4008 1077 4088 impedie-

939 551 1056 614 tarbua
1077 549 1277 626 Quaeres,

1129 739 1284 802 ordinatio
1300 739 1502 803 collationum
1512 739 1928 806 Beneficiorumnonreser-

1131 834 1275 891 vatorum
1285 830 1487 909 peratternos
1502 832 1734 911 mensespossit
1745 833 1927 912 perdictam

1131 917 1927 1001 nationempublicarietomnesquicagaudcrcvo·

1131 1005 1247 1066 luerint
1260 1011 1385 1085 tempus
1396 1025 1571 1086 congruum
1585 1007 1724 1070 habeant
1737 1027 1810 1070 eam
1819 1028 1928 1089 accep-

1133 1094 1230 1170 tandi,
1243 1098 1318 1156 tunc
1327 1095 1431 1175 quoad
1442 1095 1557 1156 dietam
1569 1096 1685 1158 Sedam
1694 1115 1714 1158 a
1724 1096 1930 1160 Calendislu-

1132 1181 1174 1241 nii
1189 1182 1329 1260 proxime
1345 1183 1455 1246 tuturis
1470 1182 1539 1261 ipse
1551 1201 1678 1244 currere
1690 1184 1821 1265 incipiet
1835 1185 1931 1247 ctdu·

1132 1270 1214 1331 rabit
1225 1270 1384 1349 deinceps,
1402 1271 1460 1332 nisi
1481 1271 1512 1330 in
1527 1271 1632 1333 lutare
1647 1272 1786 1336 Concilio
1803 1273 1842 1334 de
1858 1289 1931 1333 con·

1132 1378 1224 1420 sensu
1238 1360 1329 1422 dietae
1349 1359 1482 1422 nationis
1502 1360 1593 1422 aliter
1615 1361 1710 1423 fuerit
1733 1361 1926 1426 ordinatum.

1171 1470 1185 1506 a
1197 1451 1227 1509 6.
1244 1449 1349 1510 Placet
1363 1449 1506 1510 similiter
1520 1449 1611 1510 nobis
1626 1451 1711 1530 quod
1726 1449 1813 1512 circa
1828 1448 1931 1528 provi·

1132 1536 1252 1598 sionem
1266 1537 1356 1598 dictas
1372 1538 1462 1600 Sedis
1475 1537 1687 1600 ordinandam
1704 1539 1820 1601 modus
1835 1557 1929 1600 anna·

1131 1627 1235 1684 tarum
1254 1624 1314 1686 hoc
1329 1625 1422 1686 modo
1437 1628 1543 1685 currat
1560 1644 1567 1684 :
1585 1625 1624 1686 de
1649 1626 1798 1687 Ecclesiis
1821 1625 1930 1688 Cathe-

1132 1711 1270 1772 dralibus
1280 1711 1424 1773 omuibus
1435 1717 1466 1773 et
1480 1713 1676 1774 Monasteriis
1696 1714 1840 1776 virorum
1851 1714 1927 1776 dun-

1132 1801 1217 1860 taxat
1240 1800 1425 1862 vacontibus
1457 1804 1489 1862 et
1520 1801 1677 1862 vacaturis
1702 1801 1868 1863 solvantur
1890 1800 1928 1863 de

1131 1885 1283 1948 fructibus
1299 1886 1391 1966 primi
1407 1889 1481 1948 anni
1496 1907 1516 1950 a
1530 1889 1580 1949 dic
1600 1889 1776 1951 vacationis
1799 1907 1928 1951 summm

1132 1973 1336 2052 pecuniarum
1351 1975 1382 2035 iu
1404 1976 1492 2036 libris
1508 1978 1648 2039 camera
1670 1976 1862 2057 Apostolicsc
1883 1981 1929 2039 ta·

1132 2065 1223 2136 ratae,
1241 2081 1311 2141 quae
1324 2063 1503 2125 communia
1513 2065 1642 2127 servitia
1650 2069 1888 2144 nuncupentur,
1899 2069 1929 2126 et

1133 2148 1158 2210 si
1175 2167 1244 2229 quse
1260 2151 1416 2212 excessivo
1433 2155 1545 2214 taxata
1569 2158 1653 2231 sunt,
1679 2158 1874 2231 relaxentur,
1899 2157 1929 2216 et

1135 2238 1220 2317 quod
1230 2240 1436 2317 provideatur
1445 2242 1623 2320 specialiter
1632 2242 1663 2302 in
1673 2243 1815 2321 gravatis
1829 2241 1928 2322 regio·

1132 2326 1224 2386 nibus
1247 2327 1421 2388 secundum
1445 2329 1630 2408 qualitatem
1652 2347 1771 2406 rerum,
1807 2333 1928 2410 tempo·

1133 2433 1203 2476 rum
1219 2419 1250 2478 et
1263 2415 1439 2494 regionum,
1464 2437 1502 2478 ne
1522 2418 1654 2479 nimium
1677 2425 1925 2499 praegraventur,

1133 2503 1173 2564 ad
1189 2504 1273 2584 quod
1289 2505 1467 2584 petentibus
1482 2506 1626 2569 dabimus
1641 2508 1879 2570 commissarios
1894 2508 1923 2568 in

1132 2593 1274 2670 partibus
1288 2593 1340 2670 qui
1357 2592 1523 2672 diligenter
1537 2593 1698 2674 inquirant
1711 2598 1743 2657 et
1764 2600 1924 2670 retexent3

1132 2684 1212 2740 taxa
1227 2685 1332 2741 autem
1352 2680 1510 2759 praedictus
1526 2701 1582 2761 pro
1605 2682 1710 2744 media
1732 2687 1822 2762 parte
1848 2684 1927 2745 infra

1132 2786 1250 2828 annum
1265 2785 1284 2828 a
1298 2768 1348 2829 die
1365 2767 1479 2830 habitae
1494 2771 1698 2849 possessionis
1721 2771 1862 2850 pacificas
1880 2775 1927 2834 to·

1131 2857 1192 2918 tius
1208 2856 1256 2916 vel
1279 2854 1407 2936 majoris
1431 2859 1529 2936 partis
1551 2859 1724 2937 solvantur,
1741 2865 1774 2920 ct
1793 2878 1852 2939 pro
1866 2861 1927 2924 alia

1132 2944 1237 3004 media
1250 2949 1339 3023 parte
1354 2945 1436 3007 infra
1455 2965 1572 3008 annum
1595 2947 1643 3008 bis
1667 2947 1717 3008 vel
1741 2947 1860 3026 pluries
1874 2966 1926 3011 va·

1132 3033 1259 3110 caverit,
1276 3035 1373 3094 semel
1388 3039 1510 3097 tantum
1524 3036 1697 3114 solvantur,
1715 3055 1773 3098 nec
1785 3037 1925 3100 debitum

1131 3120 1310 3203 hujusmodi
1344 3123 1375 3184 in
1410 3143 1624 3187 successorem
1655 3125 1687 3186 in
1715 3125 1856 3188 Ecclesia
1876 3127 1925 3188 vel

1130 3212 1318 3274 blonasterio
1334 3217 1489 3289 transeat;
1507 3215 1546 3274 de
1560 3215 1672 3278 ceteris
1689 3232 1762 3276 vero
1787 3215 1924 3296 Dignita-

1130 3302 1224 3377 tibus,
1254 3302 1488 3379 PersouatibuS‚
1505 3303 1622 3365 Officiis
1641 3307 1672 3365 et
1685 3302 1848 3364 benefieiis
1868 3319 1924 3364 sre-

1131 3387 1288 3449 cularibus
1297 3389 1546 3470 quibuscunque,
1559 3409 1628 3470 quas
1638 3391 1826 3454 auctoritate
1835 3391 1920 3452 dictae

1132 3475 1220 3536 Sedis
1235 3477 1445 3554 conterentur,
1471 3480 1521 3540 val
1546 3478 1586 3540 de
1611 3479 1725 3559 quibus
1749 3479 1919 3558 providebi-

1130 3553 1182 3624 trir
1196 3563 1421 3646 (praeterquam
1433 3565 1543 3646 vigore
1557 3567 1732 3647 gratiarum
1752 3566 1917 3648 expectati·
1962 3589 1966 3600 ·

1130 3671 1241 3714 varum
1264 3658 1319 3716 aut
1343 3673 1439 3716 causa
1462 3655 1725 3736 permutationis),
1760 3658 1922 3718 solvantur

1131 3746 1254 3802 annatae
1274 3760 1329 3802 seu
1352 3742 1448 3803 medii
1470 3743 1590 3805 fruetus
1607 3744 1699 3824 juxta
1721 3749 1832 3806 taram
1853 3744 1921 3806 soli·

1130 3832 1228 3890 tama
1251 3833 1394 3909 tempore
1419 3832 1626 3910 possessionis
1650 3833 1733 3895 intra
1756 3851 1875 3896 annum
1895 3837 1924 3896 et

1131 3917 1271 3978 debitum
1287 3917 1466 3997 hujusmodi
1490 3920 1635 3982 similiter
1656 3921 1690 3981 in
1712 3939 1923 3984 successorem

1131 4005 1163 4064 in
1181 4006 1333 4067 beneficio
1358 4025 1419 4068 uon
1442 4011 1598 4083 transeat;
1623 4009 1678 4070 sed
1703 4009 1742 4071 de
1766 4009 1923 4072 benefieiis

287 4120 357 4162 mus
371 4119 439 4176 noe,
456 4098 622 4179 quominus
636 4098 674 4158 de
690 4098 762 4174 illis,
779 4117 850 4158 eum
865 4097 1024 4159 vacabunt
1037 4096 1076 4156 de
1131 4113 1201 4174 quae
1215 4096 1354 4156 valorem
1368 4099 1406 4156 ΙΙ
1425 4097 1617 4158 florenorum
1637 4097 1706 4159 auri
1731 4097 1771 4160 de
1795 4101 1924 4160 Camere

287 4188 461 4256 Februarii,
487 4188 612 4268 Aprilis,
627 4185 723 4264 Jurrii,
740 4185 876 4268 Augusti,
905 4185 1036 4248 Octobris
1049 4194 1077 4247 et
1131 4202 1193 4243 non
1213 4183 1378 4261 excedunt,
1400 4185 1479 4246 nihil
1501 4186 1652 4264 solvatur,
1679 4187 1839 4268 duretque
1862 4188 1924 4248 bac

287 4277 449 4338 Decembris
480 4275 648 4352 ltlensibus,
680 4275 777 4335 libere
806 4275 990 4352 disponatur
1020 4293 1077 4352 per
1131 4273 1330 4334 observantia
1359 4273 1518 4354 deinceps,
1549 4276 1608 4337 nisi
1632 4294 1703 4338 eam
1726 4277 1874 4342 similiter
1895 4277 1925 4339 in
2050 4299 2052 4316 ¹

287 4363 504 4441 illosadquos
526 4381 635 4424 eorum
659 4363 794 4440 collatio,
821 4363 968 4441 provisio,
999 4381 1077 4442 prea-
1131 4361 1234 4423 futuro
1265 4363 1402 4426 Concilio
1429 4365 1468 4426 de
1491 4364 1589 4445 ipsius
1621 4366 1924 4430 nationisconsensu

287 4451 431 4528 scotatio,
456 4451 576 4528 electio,
603 4470 657 4512 sou
679 4451 797 4531 qurevis
821 4451 882 4513 elia
914 4451 1075 4530 dispositio
1131 4449 1292 4528 contingat
1305 4449 1474 4514 immutari.

287 4539 472 4621 pertinebat,
489 4536 699 4601 reservatione
723 4540 822 4601 aliave
848 4541 991 4620 quamvis
1015 4539 1076 4601 dis·
1170 4561 1184 4596 u
1199 4542 1228 4598 Ι.
1246 4540 1279 4599 ln
1294 4539 1362 4601 aliis
1377 4545 1493 4619 autem,
1511 4559 1581 4622 quae
1605 4560 1663 4622 per
1685 4541 1750 4604 Fel.
1770 4543 1926 4606 Recorda-

287 4627 450 4710 positionc,
468 4630 940 4692 auctoritatenostraiaotisvel
958 4630 1077 4692 lacien—
1130 4627 1223 4688 tionis
1238 4627 1414 4706 Eugenium
1429 4631 1548 4709 Papam
1563 4632 1614 4708 lv,
1639 4630 1735 4693 ctiam
1748 4633 1927 4710 predeces-
2050 4701 2051 4704 Ἴ

287 4715 346 4791 dis,
372 4717 649 4778 nonobstantibus
673 4719 921 4798 quibuscunque.
949 4719 1075 4791 Quoties
1130 4735 1234 4778 sorem
1257 4722 1409 4796 nostrum,
1435 4737 1492 4798 pro
1521 4720 1747 4782 damnatione
1764 4739 1866 4802 usque
1887 4719 1925 4781 od

287 4821 361 4864 vcro
389 4803 493 4880 aliquo
526 4810 656 4866 vacante
688 4807 839 4868 beneficio
868 4807 899 4867 in
921 4806 1074 4884 leonorii,
1130 4805 1377 4885 tempus'iuturi
1402 4808 1561 4870 Generalis
1597 4809 1727 4872 Consilii
1757 4811 1923 4889 permissa,

287 4891 403 4969 Martii,
429 4892 516 4971 Maii,
540 4894 631 4972 Julir',
657 4895 837 4975 Septunbrr's
855 4905 881 4957 et
903 4896 1077 4958 Nouembris
1130 4913 1289 4972 concessa,
1307 4894 1428 4958 indulta
1442 4902 1473 4959 ct
1485 4897 1623 4975 decreta,
1640 4916 1676 4959 ac
1691 4915 1749 4977 per
1768 4917 1829 4960 nos
1853 4917 1926 4960 con-

286 4983 445 5044 Mcnsibus
459 4983 636 5062 specialiter
650 4985 861 5065 dispositionis
877 4985 967 5048 diotre
986 4986 1075 5048 Sedis
1129 4985 1254 5046 firmata
1271 4984 1407 5062 luerunt,
1433 4985 1465 5046 in
1488 4991 1640 5066 quantum
1664 4987 1718 5048 illa
1739 4987 1924 5050 Concordia
2049 4999 2050 5056 l

287 5070 464 5147 reservatis,
482 5091 544 5132 non
559 5075 740 5152 apparuerit
754 5075 836 5136 intra
850 5079 913 5136 tres
924 5093 1077 5136 mensesa
1130 5073 1276 5152 praesenti
1292 5092 1353 5135 non
1369 5073 1496 5136 obvient
1510 5075 1570 5136 ista
1590 5074 1659 5136 viee
1673 5075 1751 5137 nibil
1779 5077 1924 5138 volumus
2048 5065 2049 5122 i

287 5157 371 5219 adie
387 5163 467 5220 notae
483 5162 653 5223 vacationis
668 5163 700 5222 in
715 5163 784 5224 loco
811 5162 966 5240 beneficii,
992 5163 1076 5242 quod
1131 5163 1925 5244 immutatum.EtperhccquodinConcordotisbu-

288 5247 378 5308 alicui
399 5247 437 5308 de
452 5249 503 5310 illo
519 5251 698 5328 Apostoliea
712 5252 895 5314 auctoritate
916 5254 1077 5330 provisum
1127 5251 1266 5332 jusmodi
1281 5252 1345 5312 sive
1360 5251 1520 5332 quibusvis
1534 5252 1603 5314 aliis
1626 5270 1736 5314 eorum
1760 5253 1922 5316 occaeions

287 5333 390 5411 tuerit,
408 5355 444 5396 ex
458 5341 531 5397 tunc
553 5341 584 5399 et
607 5357 668 5400 uon
693 5344 786 5400 antea
807 5339 1000 5416 Ordiuarius,
1027 5339 1076 5413 vel
1131 5341 1334 5404 conficiendis
1348 5341 1458 5402 litteris
1473 5348 1602 5421 propter
1616 5340 1920 5419 compendiosiorem

287 5419 366 5482 alius
380 5421 420 5482 ad
435 5441 528 5503 quem
552 5424 633 5484 illius
657 5424 817 5504 dispositio
833 5427 1011 5506 pertinebit,
1037 5427 1076 5488 dc
1132 5431 1375 5509 descriptionem
1396 5432 1560 5493 Alemania
1583 5429 1762 5510 specialiter
1784 5432 1921 5512 appella·

287 5506 339 5572 illo
354 5508 449 5572 libere
456 5511 621 5591 disponere
632 5514 756 5594 poterit,
769 5515 848 5577 etad
858 5517 953 5577 finem
964 5521 998 5578 ut
1007 5517 1074 5578 bac
1130 5523 1192 5598 tur,
1209 5517 1295 5580 natio
1305 5517 1504 5598 ipsocenscri
1518 5535 1581 5580 non
1596 5519 1724 5580 debete
1739 5519 1920 5582 Germanice
