4056 6344
324 535 384 597 cssb
978 531 1094 596 taloan
1116 531 1312 607 QUARTUS.

323 741 394 786 aare
410 722 536 802 ;carc.,
545 743 580 805 p.
595 727 626 800 ¹1,
646 739 673 785 c.
699 724 729 798 l,
745 739 774 782 0.
796 723 855 782 icc
870 722 984 798 ;Lett,
1010 739 1040 784 0.
1067 721 1115 784 49.
1172 720 1249 783 dare
1263 718 1336 797 illis,
1364 718 1418 800 qui
1431 719 1570 784 minores
1590 722 1717 784 000430
1733 719 1834 798 00040,
1856 723 1884 783 04
1900 741 1943 784 re

323 811 403 874 vide
417 813 522 888 bear,
537 829 637 892 supro,
652 811 727 873 item
742 809 870 872 040400.
887 811 956 872 845.
1172 809 1241 871 4004
1264 809 1441 871 studiorum
1464 828 1563 871 causa
1584 809 1827 873 Universitatem
1849 809 1943 888 adire,
2010 841 2012 852 =

256 915 295 960 an
364 901 425 981 §tt
443 898 553 972 Quoad
567 898 646 976 illes,
662 895 714 977 qui
727 897 896 976 dignitates
908 896 1060 974 obtinent,
1072 900 1120 960 est
1174 900 1277 974 carc,
1294 897 1402 974 Barb,
1418 915 1524 976 supra.
1542 898 1610 959 Nou
1629 897 1945 978 possunttamendere
2011 973 2012 982 ἵ

324 987 469 1072 specialis
483 987 631 1068 obligatio
640 986 810 1064 residendi,
822 986 853 1049 in
865 1005 928 1067 qua
937 985 1118 1065 dispensare
1172 986 1331 1050 licentiam
1354 987 1395 1046 ad
1416 991 1537 1066 septem
1559 1004 1679 1060 annos;
1702 986 1759 1048 sed
1779 990 1896 1048 tantum
1914 985 1947 1048 ad
2011 1063 2012 1066 Ἴ

324 1096 387 1144 000
406 1079 537 1157 pessunt
557 1075 710 1155 capitula,
734 1093 792 1136 nec
815 1074 972 1154 Episcopi,
997 1073 1056 1136 nisi
1080 1093 1117 1136 ex
1173 1075 1323 1155 quinque,
1340 1074 1434 1136 etiam
1457 1092 1512 1153 pre
1528 1073 1722 1154 simplicibus
1736 1073 1946 1151 4000000440,οϋ
2011 1115 2012 1132 .

325 1167 428 1230 causis
449 1163 564 1245 injure
579 1162 749 1243 expressis,
771 1161 856 1243 quod
879 1162 1025 1224 omnibus
1048 1181 1120 1242 per·
1173 1181 1212 1224 ex
1234 1163 1446 1224 declaratione
1468 1163 1500 1224 S.
1527 1165 1698 1244 Congreg,
1720 1162 1837 1224 decent
1860 1163 1947 1232 carc,
2011 1163 2012 1174 ’

323 1254 420 1318 nitor
445 1258 508 1315 tres
522 1269 645 1314 menses
659 1251 699 1314 de
713 1268 807 1326 0000,
830 1250 871 1312 00
892 1249 1119 1314 recreationem
1172 1252 1281 1329 Barb.,
1304 1271 1385 1313 oum.
1409 1255 1459 1326 60;
1480 1254 1587 1328 Leuc,
1614 1261 1717 1334 quest.
1744 1255 1815 1328 408,
1831 1271 1904 1313 000.
1925 1254 1947 1328 4,

324 1344 431 1420 etiam,
446 1340 551 1406 040400
558 1351 653 1404 causa
660 1338 791 1417 alia‚rel
801 1339 938 1416 licentia,
949 1339 1016 1400 rili.
1033 1347 1055 1402 t.
1067 1342 1117 1417 44,
1174 1346 1283 1403 contre
1305 1340 1400 1402 Zeclr.
1426 1344 1458 1402 et
1478 1340 1622 1402 Zerelam
1640 1359 1648 1402 :
1666 1340 1762 1420 idque
1786 1345 1901 1402 400400
1918 1339 1950 1400 04

324 1435 397 1509 ac,
421 1450 452 1493 0.
468 1432 508 1493 29
523 1427 674 1503 ;aednoe
699 1428 816 1490 debent
829 1427 1003 1488 beneficiati
1028 1427 1119 1488 unius
1173 1431 1277 1493 studia
1299 1427 1499 1508 Tlreolegiee,
1522 1430 1571 1490 vel
1597 1429 1778 1506 cenenum,
1804 1425 1848 1490 uti
1874 1427 1950 1488 habet
2011 1469 2012 1474 η

323 1518 458 1598 Capituli
485 1515 594 1580 abesse
616 1514 842 1592 emnessimul,
863 1533 903 1576 ne
933 1514 1120 1578 destituetur
1174 1521 1278 1594 carc,
1302 1521 1412 1580 contra
1429 1517 1517 1586 alies,
1541 1523 1573 1579 et
1586 1521 1719 1597 pessunt
1735 1535 1879 1578 emanere
1899 1520 1949 1578 tote

324 1607 537 1681 eburumes
560 1605 600 1668 ad
615 1604 684 1668 illos
705 1609 907 1666 tresmensea
929 1621 1121 1683 componen-
1174 1605 1403 1686 quinquennio,
1431 1605 1602 1666 dummodo
1625 1605 1731 1684 reipsa
1751 1610 1884 1684 pergant
1903 1609 1951 1666 stu·

325 1696 382 1759 dos
393 1693 603 1775 possentdies
617 1691 727 1754 confici
742 1710 779 1752 ex
795 1690 892 1768 heris,
906 1691 1020 1772 quibus
1035 1709 1121 1752 ema·
1174 1697 1260 1772 dere,
1277 1694 1399 1756 etiamsi
1423 1701 1495 1756 ante
1510 1694 1589 1754 illud
1603 1694 1744 1774 elapsum
1760 1691 1951 1772 suscepissent
2011 1694 2012 1734 l

324 1788 447 1846 uetere
462 1781 571 1858 chere,
586 1780 642 1844 sed
657 1779 769 1860 integri
795 1779 862 1841 dies
876 1779 976 1860 accipi
991 1779 1118 1857 debent,
1174 1782 1308 1862 gradum
1323 1785 1520 1860 Doctoratus,
1534 1782 1609 1862 quia
1623 1781 1720 1843 etiam
1730 1784 1890 1858 Doctores,
1905 1780 1950 1841 die

324 1875 426 1936 cerr..
444 1869 467 1933 4.
480 1873 512 1948 E,
526 1889 553 1932 c.
571 1873 620 1948 44,
635 1889 666 1932 n.
683 1873 732 1934 40.
1175 1889 1246 1932 cere
1260 1870 1386 1945 debent;
1404 1873 1499 1946 leuca,
1515 1871 1623 1945 Leur.,
1641 1877 1745 1950 quast.
1761 1873 1832 1931 409.
1849 1868 1896 1930 Sie
1909 1886 1952 1928 au·
2011 1919 2012 1938 ,

258 1982 298 2030 m
364 1962 426 2041 §E
452 1961 512 2021 Per
535 1958 795 2042 consuetudinem
820 1955 926 2020 induci
945 1961 1058 2036 potest,
1088 1960 1123 2019 ut
1175 1965 1239 2022 tem
1254 1961 1367 2023 absens
1382 1979 1444 2021 non
1458 1959 1597 2020 lucratur
1611 1956 1814 2038 quotidianas
1825 1955 1952 2018 distribu·
2011 2001 2012 2010 .

325 2050 392 2112 0400
407 2046 577 2109 residentia
596 2046 788 2126 percipiatur
809 2064 923 2126 cerpus
944 2046 1119 2125 fructuum,
1175 2049 1287 2126 tiones,
1304 2049 1350 2110 uti
1364 2049 1500 2110 habetur
1513 2067 1578 2128 cap.
1595 2047 1673 2108 Licet
1687 2065 1796 2126 supra,
1822 2045 1877 2106 nisi
1891 2045 1953 2107 lerte

325 2141 508 2201 nontamen
523 2133 758 2200 distributiones
774 2153 781 2198 :
797 2135 894 2215 litque
914 2135 1008 2196 etiam
1022 2154 1122 2215 quan·
1175 2137 1363 2199 beneficium
1386 2136 1570 2198 consisteret
1586 2134 1617 2195 in
1634 2135 1731 2196 meris
1749 2133 1954 2196 distributioni·

326 2227 442 2307 deque,
458 2228 494 2288 ut
514 2224 653 2305 legitime
675 2227 842 2288 excusatus
864 2223 1033 2304 nequidem
1053 2242 1123 2286 cer·
1175 2227 1495 2301 bus;eumenimtum
1508 2223 1622 2285 lucrari
1635 2222 1953 2300 certasset-ordinarias
2010 2269 2012 2306 2

325 2312 561 2395 puapereipiat,
591 2311 637 2374 uti
660 2310 797 2374 novitius
812 2311 844 2372 in
866 2309 1040 2390 Religione,
1059 2316 1122 2376 ete
1177 2315 1487 2396 distributenealnen
1503 2313 1773 2392 tameninecrtas)
1788 2309 1953 2376 decentcl.
2010 2307 2012 2310 ’

326 2407 445 2480 eontra,
468 2407 504 2463 ut
525 2401 640 2464 absens
665 2400 706 2462 ob
727 2399 889 2480 negotium
911 2400 1123 2462 necessarium
1176 2403 1384 2484 0441404014.
1411 2407 1444 2466 04
1463 2403 1528 2480 0444,
1552 2401 1695 2483 quamvis
1709 2405 1801 2465 care.
1827 2401 1953 2482 Pexjerd.
2011 2431 2012 2486 g

325 2490 474 2554 Ecclesiae
496 2490 637 2554 lucretur
655 2488 750 2552 etiam
771 2487 1016 2551 distributiones.
1044 2489 1122 2552 Vide
1176 2494 1270 2558 Barb.
1285 2515 1315 2556 0.
1331 2497 1382 2572 56,
1405 2512 1444 2554 ex
1467 2491 1678 2553 declaratione
1697 2493 1729 2554 S.
1745 2491 1900 2572 congreg.
1913 2507 1956 2570 pu·
2011 2553 2012 2556 ,

326 2580 395 2643 heae
407 2579 507 2642 400400
519 2579 656 2645 deducte
668 2577 754 2657 apud
762 2580 855 2640 Leur.
872 2593 902 2658 φ’
920 2581 990 2654 rec,
1006 2588 1034 2640 et
1042 2597 1120 2661 seqq.
1177 2587 1260 2659 teut;
1276 2582 1362 2664 qued
1374 2600 1481 2644 carere
1495 2580 1610 2642 debeat
1624 2579 1719 2642 tertia
1729 2583 1834 2659 parte.
2011 2575 2012 2636 ἶ

328 2668 404 2751 Cep.
417 2667 473 2750 fin.
489 2666 525 2730 de
542 2665 705 2748 Mepr'atria,
722 2665 915 2745 permittitur
930 2666 1123 2728 beneficiatis
1216 2675 1299 2752 044.
1315 2672 1417 2734 Etiam
1431 2670 1507 2732 facit
1518 2669 1711 2732 consuetude
1726 2667 1956 2749 aliquarumllo
1973 2671 1998 2718 at

326 2776 389 2820 nea
406 2755 522 2819 curatis
543 2755 671 2833 messe,
693 2754 834 2834 quandiu
852 2754 974 2832 volunt,
997 2773 1034 2816 ee
1052 2773 1125 2834 per·
1178 2761 1362 2836 etesiarum,
1386 2763 1421 2820 ut
1441 2756 1588 2820 Geneniei
1614 2774 1676 2818 uon
1701 2757 1889 2834 residentes,
1912 2773 1956 2816 uec

327 2845 431 2925 cipere
453 2844 590 2922 motus,
615 2843 642 2906 si
661 2858 734 2906 tum
756 2843 885 2906 lieentia
907 2843 1124 2908 Universitatis
1177 2851 1401 2914 constituentes
1411 2848 1520 2925 aium,
1532 2846 1585 2927 qui
1596 2845 1822 2925 deserviatpre
1834 2863 1878 2914 se,
1891 2843 1957 2906 liele
2011 2841 2012 2926 J

327 2933 464 2996 0000004·
489 2931 522 2993 40
549 2949 589 2994 00
616 2931 743 3010 publice
769 2931 985 3012 Theologiam,
1018 2935 1120 3011 4000,
1177 2939 1289 3004 atsine
1304 2936 1523 3017 dipensatione
1542 2935 1718 3016 percipiant
1737 2939 1822 2996 tetes
1836 2935 1956 3008 fruetus,
2010 2927 2012 3000 i

328 3024 433 3098 cere„
448 3023 551 3096 1080,
566 3019 588 3082 l·
609 3021 639 3096 2,
663 3038 689 3082 ι’·
706 3022 758 3097 31,
780 3023 898 3082 0163·
923 3019 1010 3084 idem
1024 3023 1124 3085 estde
1177 3027 1351 3093 dummodo
1375 3029 1525 3088 maneant
1546 3023 1737 3085 sufficientes
1760 3021 1896 3084 Ministri
1913 3037 1958 3101 pre
2010 3001 2012 3076 1

327 3109 369 3171 (10
395 3107 522 3188 liuhlim
548 3107 694 3170 dfiiiifflle
718 3107 800 3189 juris
827 3109 1000 3184 canoniei;
1030 3113 1122 3189 Not„
1177 3115 1291 3192 officie,
1317 3118 1349 3177 04
1373 3114 1458 3175 00140
1479 3108 1601 3188 Divino,
1618 3110 1693 3172 Ate.
1718 3109 1860 3192 Fepnart.
1884 3107 1957 3171 Piri.
2011 3117 2012 3152 i

328 3202 435 3276 Area,
461 3200 567 3275 carc,
582 3196 722 3275 Less.,1.
745 3201 775 3277 0,
791 3216 821 3281 q.
835 3202 886 3274 44,
902 3203 1011 3262 0004.
1036 3200 1123 3265 Idem
1176 3204 1267 3266 Lear.
1293 3205 1410 3266 Netant
1432 3202 1528 3264 etium
1550 3203 1624 3262 Cev.
1649 3200 1744 3280 Ripa,
1776 3205 1809 3262 et
1832 3197 1958 3262 Lasaia
2010 3165 2012 3246 i

328 3287 405 3350 dicit
427 3289 518 3350 carc.
531 3304 566 3368 p.
593 3288 626 3364 3,
639 3302 666 3349 e.
691 3289 723 3363 4,
748 3306 778 3348 0.
801 3286 1070 3364 traducentibus
1088 3289 1120 3356 S.
1177 3303 1254 3356 caet.
1266 3311 1295 3354 v.
1312 3291 1404 3352 Heroe
1419 3289 1644 3353 canonicatus.
1660 3290 1711 3366 li,
1723 3289 1899 3350 canonicos
1912 3304 1959 3348 aen
2011 3283 2012 3320 ³

329 3377 524 3456 scripturam
544 3375 576 3436 in
592 3374 846 3453 cathedralibus,
871 3381 904 3436 et
923 3374 1121 3456 Collegietie:
1177 3396 1268 3458 pesse
1292 3379 1410 3460 privari
1439 3396 1570 3459 corpere
1601 3377 1787 3454 fructuum,
1817 3377 1845 3438 si
1875 3374 1960 3438 absirt
2010 3377 2012 3448 t

328 3464 404 3528 item
431 3464 471 3526 de
499 3462 762 3526 concionantibus
788 3464 827 3526 V.
862 3465 968 3542 boun,
1001 3483 1031 3544 q.
1066 3466 1123 3525 349
1177 3470 1306 3547 prepter
1319 3466 1558 3548 contagionem,
1584 3485 1641 3527 seu
1659 3465 1840 3544 periculum
1859 3465 1959 3546 pestis:

328 3562 355 3616 et
373 3554 443 3616 440.
465 3552 545 3616 vide
568 3551 609 3614 de
623 3551 671 3612 bis
686 3551 831 3616 omnibus
849 3551 987 3630 Figunt,
1004 3563 1075 3614 tom.
1091 3555 1121 3630 9,
1177 3557 1232 3618 000
1244 3557 1349 3637 quoad
1360 3556 1519 3618 Pareehes
1531 3555 1666 3615 diximus
1681 3554 1702 3615 l.
1720 3561 1750 3632 3,
1765 3575 1797 3636 p.
1818 3559 1849 3632 l,
1863 3575 1892 3618 0.
1904 3553 1959 3626 448,

329 3639 455 3704 metult.
474 3641 530 3702 443
545 3647 574 3702 ct
586 3651 666 3722 seqq.
682 3639 757 3702 item
769 3639 893 3702 0000044.
906 3643 975 3719 430,
991 3649 1017 3702 et
1029 3659 1107 3723 sepe.
1178 3664 1232 3708 eos
1246 3663 1308 3706 nen
1328 3662 1419 3723 pesse
1434 3642 1613 3723 dispensari
1628 3643 1668 3704 ab
1682 3642 1861 3726 Episcopis,
1878 3648 1910 3705 ut
1921 3640 1961 3702 ab

262 3745 303 3796 eta
368 3729 722 3810 §remeationem
740 3727 853 3792 deerit.
874 3728 947 3791 ded.
972 3748 1031 3792 ces.
1051 3733 1121 3807 tae,
1178 3732 1960 3798 sintcausastudierum:similitermeximetenen·
2011 3811 2012 3816 ἵ

329 3835 395 3879 00.
412 3819 463 3894 00,
482 3815 633 3896 degentes
660 3815 692 3880 40
706 3815 917 3880 Universitate
931 3817 971 3878 ob
986 3817 1124 3879 studium
1178 3829 1230 3888 tur
1246 3823 1385 3886 residere
1404 3828 1547 3902 tempore
1571 3821 1679 3900 pestis,
1704 3823 1736 3884 et
1752 3821 1844 3902 belli,
1869 3839 1962 3886 00000-
2011 3819 2012 3822 ’

330 3904 474 3970 excusari
489 3903 706 3982 areaidentia,
721 3911 753 3966 et
766 3904 927 3983 percipere
939 3923 1030 3984 posse
1043 3904 1124 3968 fruc
1178 3912 1264 3974 dum·
1275 3911 1391 3972 ibidem
1405 3910 1490 3972 dieta
1506 3930 1536 3972 0.
1562 3913 1632 3988 454,
1649 3913 1697 3972 Aa
1712 3915 1824 3972 autem
1840 3910 1962 3991 gaudeat

329 3999 391 4070 40ος
408 3993 464 4056 sed
477 3992 583 4072 praxis
605 3991 711 4069 habet,
734 3995 770 4058 ut
789 3993 921 4056 facultas
941 3998 1066 4072 petatur
1083 3994 1124 4056 ab
1177 3999 1362 4082 presentiis,
1377 3999 1430 4079 qui
1449 3999 1540 4060 abest
1554 3999 1594 4060 eb
1617 3998 1843 4062 infirmitatem·
1861 3999 1917 4062 sibi
1934 4016 1962 4060 er

330 4084 497 4164 Episcopo,
513 4081 618 4144 etheo
632 4080 758 4144 videtur
767 4081 939 4144 hodiedum
949 4081 1077 4162 requiri,
1091 4085 1126 4143 ut
1177 4090 1270 4168 culpa
1282 4093 1455 4165 causatum,
1472 4086 1593 4148 dicetur
1607 4108 1639 4150 0.
1657 4091 1744 4152 4040.

330 4171 488 4252 colligitur
499 4189 539 4232 ox
560 4188 586 4232 t·
605 4167 904 4251 repreasentate,
922 4173 970 4244 124
992 4169 1028 4232 dt
1043 4168 1121 4232 Citr·
1217 4181 1296 4258 044.
1313 4177 1488 4241 canonicus
1509 4176 1549 4238 ob
1565 4177 1789 4256 occupationes
1802 4177 1839 4240 in
1847 4173 1961 4239 servitio
1977 4179 1999 4228 a

330 4257 546 4322 000448111ΰο1·
572 4257 749 4338 d0⁰fl¹¹it1¹10
786 4256 934 4339 Pssjot'd·
961 4258 1070 4336 narb,
1091 4258 1123 4319 10
1177 4265 1321 4348 Episcopi
1334 4284 1396 4328 nou
1409 4265 1565 4343 00040000,
1580 4265 1700 4346 gaudet
1712 4265 1872 4328 fructibus
1881 4268 1961 4328 Bene

331 4347 433 4428 Erids,
453 4367 517 4410 sesa.
534 4350 566 4426 a,
587 4365 613 4408 e.
640 4349 672 4425 l,
686 4345 722 4408 de
737 4343 869 4427 Reform.
898 4367 929 4408 0.
950 4349 1000 4422 40,
1015 4349 1121 4424 Leuc,
1177 4357 1256 4433 ficii,
1266 4373 1292 4418 c.
1310 4355 1353 4417 De
1375 4363 1490 4432 cratero,
1512 4373 1539 4416 c.
1562 4352 1640 4416 Cam
1659 4352 1797 4432 dilectas,
1813 4374 1842 4416 c.
1860 4352 1907 4416 Ad
1921 4373 1963 4414 ee·

331 4455 362 4530 p.
390 4439 459 4515 400,
480 4457 511 4498 0.
526 4440 556 4514 2,
586 4435 661 4517 auio
675 4434 828 4515 Episcopo
853 4436 1068 4513 committitur,
1091 4439 1126 4498 ut
1177 4445 1332 4521 040000,
1346 4442 1382 4504 de
1400 4440 1511 4504 cleric.
1528 4461 1588 4502 noe
1602 4440 1752 4504 000004
1771 4442 1856 4504 ratio
1871 4440 1960 4504 reddt-

331 4543 453 4602 causas,
466 4524 757 4587 01014001044001108
767 4523 955 4587 00118ἰᾶ0401·
969 4525 1008 4587 Ei
1017 4542 1125 4605 (litam-
1177 4539 1240 4612 tur,
1265 4533 1338 4594 Cum
1352 4530 1479 4594 absentee
1491 4528 1551 4592 dici
1563 4550 1620 4591 000
1634 4529 1768 4608 debcant,
1781 4528 1836 4592 sed
1844 4545 1963 4614 prasea-

331 4613 489 4677 claretis.
511 4613 647 4690 nehem,
671 4614 762 4690 000,
783 4614 891 4690 locun,
914 4632 965 4694 qu.
988 4616 1057 4689 403,
1078 4612 1126 4674 di·
1179 4622 1229 4692 tes,
1244 4613 1297 4696 qai
1309 4621 1402 4674 tecum
1413 4631 1469 4694 pre
1483 4620 1543 4678 teo.
1558 4619 1587 4672 et
1601 4611 1694 4693 ipsius
1705 4605 1964 4674 Eccleaioescrerbo

332 4706 406 4764 cent
419 4701 539 4763 fructus
553 4717 614 4761 non
630 4698 778 4762 lucrifieri
794 4699 826 4760 40
847 4699 1002 4778 absentie,
1020 4699 1078 4760 0404
1093 4699 1125 4761 40
1176 4710 1406 4766 comneoreoter.
1430 4699 1520 4763 Unde
1534 4705 1565 4762 et
1581 4702 1690 4777 0000,
1705 4698 1747 4761 ed
1759 4719 1786 4760 c.
1804 4697 1852 4762 De
1874 4705 1963 4771 cetea,

333 4788 565 4870 casibnsajure
580 4788 744 4867 expressis,
762 4789 897 4870 ideoque
911 4788 1125 4868 dispensatum
1152 4814 1156 4822 ·
1178 4791 1323 4856 adductis
1344 4789 1487 4872 plurimis
1511 4787 1670 4850 concludit
1693 4785 1818 4865 haberi,
1844 4791 1880 4848 et
1901 4784 1964 4846 resi-

333 4879 535 4942 aresidentia
549 4895 611 4940 uon
633 4895 726 4958 pesse
749 4877 913 4958 percipere
932 4878 1051 4941 fructus
1073 4880 1125 4941 be·
1178 4883 1316 4956 dentem,
1342 4885 1373 4941 et
1390 4876 1552 4958 percipere
1568 4876 1674 4938 emnia
1688 4877 1809 4954 praetor
1821 4872 1964 4955 quetidia-

332 4968 446 5046 0044044,
462 4967 521 5030 uisi
537 4965 598 5029 hec
625 4965 771 5029 distincte
795 4966 987 5028 concedatur
1007 4967 1039 5028 in
1063 4967 1127 5030 dis·
1179 4967 1494 5040 naedistributiones;
1511 4965 1776 5046 eonsentitregn.
1789 4962 1963 5025 00404000-

332 5057 533 5139 pensatiene,
557 5060 663 5118 400400
678 5073 742 5136 cap.
771 5053 867 5124 Licet,
891 5058 950 5133 34,
970 5053 1006 5116 de
1023 5055 1123 5118 Praei.
1178 5057 1332 5122 040000οι.
1345 5058 1408 5117 Nec
1421 5055 1528 5132 refert,
1544 5053 1609 5115 sive
1620 5054 1701 5116 sitin
1716 5052 1861 5114 Ecclesia
1870 5049 1964 5116 cathe-

333 5147 459 5210 ridetur
472 5144 602 5208 concedi
615 5148 662 5208 tot
681 5145 812 5222 fructus,
829 5145 884 5206 sed
901 5145 1007 5226 praxis
1020 5146 1127 5208 multis
1180 5147 1270 5224 drali,
1288 5146 1352 5207 sive
1363 5143 1546 5222 collegiata,
1563 5142 1638 5223 qnia
1651 5141 1704 5203 ubi
1714 5139 1770 5221 jus
1785 5161 1851 5204 000
1867 5139 1963 5201 distin·

331 5229 411 5298 loeis
425 5233 531 5312 habet,
548 5238 583 5297 ut
596 5233 775 5313 diapentete
791 5233 969 5313 assignetur
985 5235 1026 5297 ab
1040 5233 1128 5316 Epis·
1179 5236 1258 5318 guit,
1274 5253 1333 5296 nec
1349 5252 1406 5295 nes
1420 5232 1614 5312 distinguere
1627 5229 1781 5292 debemus
1797 5251 1804 5292 :
1831 5230 1905 5292 lrinc
1918 5228 1963 5289 l‘e

333 5339 412 5404 eope
434 5327 520 5386 certa
541 5323 722 5403 portio,ch
741 5325 810 5386 tota
832 5323 1006 5403 quantitas,
1032 5343 1127 5404 quam
1179 5344 1274 5405 gnan.
1287 5344 1318 5384 0.
1331 5327 1360 5398 3,
1373 5321 1449 5384 dicit
1459 5320 1656 5382 identitatem
1668 5319 1802 5381 rationis
1815 5317 1869 5379 hic
1880 5314 1963 5410 cone}

332 5411 497 5493 percipere
512 5411 694 5490 debeatne
708 5429 728 5473 a
748 5411 899 5491 capitulis
922 5409 1128 5476 obmoveatur
1181 5413 1296 5474 dereri.
1314 5414 1382 5474 Nen
1395 5409 1513 5472 debent
1528 5413 1633 5470 tamen
1648 5408 1769 5470 versari
1783 5409 1815 5468 in
1831 5407 1961 5488 Episcopi

335 5497 500 5568 0440004400
512 5519 520 5561 :
532 5497 677 5580 Episcopi
692 5501 797 5562 eutem
807 5501 955 5562 40000404
968 5499 1127 5564 licentiam
1181 5499 1331 5584 obsequie
1354 5499 1394 5562 eb
1409 5515 1504 5562 suum
1517 5497 1676 5578 privatum
1690 5497 1906 5576 commodum,
1920 5509 1962 5554 ec—
