3998 6344
535 569 588 633 aa
614 567 815 635 unstrout
842 566 892 632 ET
920 565 1171 636 VENDI‘PIONE.
1613 573 1670 634 :tlt

29 751 145 818 loribus
160 753 218 836 qui
234 753 289 837 jus
311 751 431 820 hubent
450 759 484 818 ut
506 761 646 820 ementes
660 773 718 838 per
733 759 827 821 talem
880 757 938 819 eile
949 755 1107 838 judiearet
1118 773 1186 818 rem
1196 774 1286 818 suem
1296 773 1357 817 non
1370 755 1511 818 obstante
1522 756 1671 818 mixtione

31 845 169 906 baudem
183 863 205 904 a
219 845 285 906 suis
299 845 431 908 officinis
451 864 512 906 non
531 845 765 908 abstrahantur.
879 863 1071 926 manereque
1086 844 1217 922 bonam,
1243 849 1298 908 aut
1320 844 1387 906 lieri
1408 844 1587 919 meliorem
1603 863 1672 923 spe·

4 953 11 998 ι
65 934 125 1012 53.
143 933 178 995 Si
193 933 690 997 iraudevelmendaeieinducas
705 939 827 1014 empto·
885 934 1005 994 cialiter
1019 937 1124 994 autam
1139 932 1178 994 de
1202 933 1274 994 vino
1299 952 1383 1012 aque
1405 933 1501 994 mixto
1516 932 1624 996 dieunt
1639 933 1672 995 id

31 1038 92 1081 rem
105 1019 146 1080 ad
161 1021 336 1082 emendum
349 1020 460 1102 mrrjori
480 1021 579 1100 pretio
596 1040 690 1102 quam
705 1027 825 1099 emptu·
882 1021 1025 1084 absolute
1036 1040 1097 1083 non
1112 1022 1217 1098 licere,
1234 1023 1344 1084 'lamb
1367 1021 1481 1102 aliique
1495 1021 1584 1084 multi
1600 1039 1672 1082 cum

31 1125 79 1168 rus
92 1111 187 1184 esset,
204 1107 282 1169 facis
295 1107 441 1188 injuriam
465 1114 497 1171 et
516 1109 633 1170 teneris
647 1109 822 1186 restituere,
881 1111 972 1188 Spor.
990 1129 1020 1170 a.
1038 1111 1088 1186 80,
1106 1109 1181 1189 quia
1189 1109 1297 1170 vinum
1307 1110 1338 1168 in
1348 1127 1382 1170 se
1392 1127 1516 1188 semper
1531 1110 1673 1172 redditur

32 1196 170 1277 quamvis
195 1197 333 1276 pretium
354 1197 438 1278 quod
452 1197 539 1259 dedit
553 1197 658 1260 adhuc
672 1198 766 1260 luerit
779 1198 824 1259 in·
879 1197 1016 1258 deterius
1026 1197 1179 1277 citiusque
1193 1198 1319 1274 acescit,
1331 1201 1362 1259 et
1374 1197 1547 1258 admiscere
1558 1197 1673 1276 poterit

31 1289 76 1345 ua
88 1285 167 1344 lines
172 1283 251 1364 justi
267 1283 375 1363 pretii;
390 1285 435 1346 ita
449 1287 546 1346 Castr.
559 1284 590 1347 d.
602 1289 633 1364 5,
646 1305 678 1366 p.
696 1287 746 1348 35.
763 1288 825 1347 aa·
879 1303 1007 1362 emens,
1031 1285 1056 1344 si
1083 1286 1251 1364 temperari
1278 1284 1423 1363 expediat
1438 1305 1446 1358 3
1480 1285 1586 1365 itaque
1609 1304 1672 1348 non

33 1372 71 1433 tio
84 1375 131 1434 est
145 1372 224 1452 quia
237 1373 305 1451 agis
319 1377 429 1435 contra
439 1372 491 1453 jus
514 1374 599 1453 qued
622 1374 754 1455 quisque
768 1373 825 1434 ha·
879 1391 973 1452 aqua,
988 1372 1044 1433 sed
1059 1373 1167 1434 vinum
1187 1374 1277 1435 vilius
1291 1374 1351 1435 erit
1369 1372 1622 1450 admiscendum,
1638 1377 1673 1436 ut

32 1459 81 1520 bet
95 1463 131 1522 ut
147 1459 261 1522 fraude
276 1461 325 1522 vel
345 1462 509 1523 mendacio
529 1481 591 1524 non
610 1462 779 1524 inducetur
792 1463 824 1523 in
879 1460 919 1521 ad
935 1477 1102 1520 commune
1122 1460 1181 1522 fori
1197 1461 1304 1522 vinum
1319 1461 1448 1522 accedat
1464 1479 1471 1521 :
1488 1459 1548 1522 hoo
1565 1464 1672 1522 temen

33 1547 153 1629 aliquod
168 1549 334 1612 damnum.
346 1551 392 1613 Ob
403 1551 547 1612 eamdem
561 1552 715 1613 rationem
730 1571 763 1612 es
778 1551 826 1612 in·
879 1567 940 1610 non
957 1551 1098 1610 obstante
1109 1548 1201 1610 docet
1211 1569 1248 1610 ex
1261 1551 1384 1611 Rebello
1399 1553 1508 1627 Laym.
1527 1549 1547 1610 l.
1560 1551 1590 1626 3,
1603 1560 1624 1610 t.
1637 1553 1668 1626 ι,

30 1633 128 1713 justus
140 1641 175 1698 et
188 1638 306 1700 teneris
319 1639 482 1701 restituere
492 1640 517 1700 si
528 1641 628 1720 fingas
641 1640 761 1704 litteras
775 1640 823 1701 vel
879 1655 904 1698 e.
915 1640 964 1714 tt,
976 1657 1007 1697 a.
1020 1639 1068 1712 ιδ,
1080 1641 1111 1697 te
1125 1655 1216 1715 posse
1227 1637 1329 1698 fecere
1340 1637 1566 1698 admixtionem
1577 1637 1672 1699 etiam

35 1741 159 1802 spargas
173 1725 290 1787 falsum
303 1745 464 1790 rumorem
484 1729 523 1789 de
547 1729 721 1791 obsidenda
734 1731 823 1806 urbe,
880 1724 1025 1803 aquaead
1048 1724 1167 1800 vinum,
1184 1725 1209 1784 si
1224 1725 1315 1786 aliter
1329 1745 1391 1786 nou
1414 1726 1514 1803 pessis
1531 1725 1671 1786 obtinere

35 1810 69 1870 da
83 1811 217 1873 navibus
231 1813 402 1876 submersis
416 1833 485 1894 quae
501 1816 577 1877 tales
592 1835 713 1879 merces
728 1818 825 1879 adve-
876 1810 996 1893 justum
1011 1811 1156 1889 pretium,
1170 1818 1224 1873 aut
1237 1813 1261 1872 si
1277 1811 1479 1892 magistratus
1492 1812 1607 1893 injuste
1628 1820 1673 1874 tu·

37 1897 156 1976 tetmt,
173 1901 308 1981 aliisque
322 1903 486 1978 similibus,
503 1907 535 1965 et
547 1904 618 1965 ideo
633 1905 736 1966 carius
750 1925 827 1968 ven·
880 1898 962 1959 xarit
980 1898 1061 1960 illius
1085 1899 1231 1977 pretium.
1256 1900 1386 1962 Addunt
1411 1900 1544 1979 pistores
1569 1901 1673 1962 fecere

37 1985 85 2046 das
106 2006 230 2050 marnes
252 1995 341 2064 tuns3
357 1991 401 2052 ita
416 1991 533 2053 Rebell.
560 1998 591 2054 et
615 1994 713 2054 easta,
731 1992 763 2054 si
778 1995 827 2053 ta-
880 2002 972 2063 pesse
989 2005 1086 2065 panes
1101 1987 1229 2048 minoris
1244 1988 1402 2066 ponderis,
1418 1989 1444 2048 si
1459 1989 1597 2070 alioquin
1609 1990 1673 2070 jus·

37 2092 100 2135 meu
114 2077 254 2154 pretium
268 2085 396 2140 auctum
404 2079 471 2160 jam
485 2079 613 2141 sitfalso
624 2098 750 2142 rumore
766 2094 825 2139 nen
880 2079 947 2135 tum
961 2076 1112 2152 pretium,
1129 2076 1301 2137 seeundum
1321 2077 1521 2154 magistratus
1541 2079 1674 2140 taxatio

38 2169 157 2225 caosmo
181 2185 203 2225 a
225 2169 267 2242 te,
289 2167 372 2229 Med,
398 2171 429 2228 et
450 2169 556 2230 Graes,
584 2173 613 2230 te
638 2171 828 2229 excusante
882 2180 955 2222 nam
978 2165 1126 2243 consequi
1150 2184 1212 2227 non
1235 2166 1372 2245 possint;
1399 2167 1454 2228 sed
1479 2171 1562 2228 reete
1586 2172 1674 2230 notat

38 2251 237 2329 restitutione,
258 2252 283 2312 si
302 2252 387 2314 fuisti
406 2253 521 2314 inscius
536 2254 672 2327 fraudis3
691 2272 753 2316 nen
773 2271 828 2312 ex·
882 2250 1022 2330 Cestrop.
1046 2271 1079 2332 p.
1096 2257 1145 2330 ιι,
1166 2274 1196 2315 ιι.
1215 2256 1247 2329 5,
1268 2272 1330 2328 neu
1355 2273 1422 2315 esse
1445 2253 1535 2315 facile
1558 2273 1673 2335 praeeu-

40 2345 140 2401 eusent
153 2344 263 2402 autem
277 2339 302 2402 si
317 2341 400 2404 fuisti
415 2342 567 2405 conscius.
581 2339 827 2423 consequentius
882 2338 1029 2399 mendam
1044 2340 1129 2400 illam
1143 2341 1338 2420 iniquitatem
1362 2342 1601 2420 Magistratuum
1620 2343 1674 2423 qui

39 2432 135 2488 tamen
158 2427 312 2506 dicerent,
338 2429 439 2509 inquit
461 2432 558 2493 Castr.
581 2451 611 2492 n.
636 2435 666 2508 5,
693 2429 777 2510 quod
795 2427 828 2488 in
878 2425 962 2506 juste
984 2429 1092 2490 taxant
1111 2429 1256 2506 pretium,
1274 2434 1368 2508 prout
1383 2431 1599 2493 communitati
1621 2449 1673 2493 ex·

41 2521 164 2598 usuque
188 2520 239 2580 vel
263 2521 373 2580 neutm
388 2536 462 2580 casu
477 2519 651 2596 excuseris,
669 2537 742 2580 nam
756 2536 828 2596 sup·
882 2514 979 2594 pedit,
996 2515 1069 2578 licet
1082 2517 1161 2578 forte
1176 2517 1315 2596 privatus
1334 2537 1391 2597 per
1409 2520 1555 2582 accidens
1573 2520 1675 2599 patia-

41 2605 132 2684 posito
147 2623 256 2667 errore
270 2605 418 2666 venditor
431 2606 531 2684 pretio
548 2607 721 2668 seeundum
742 2605 830 2685 vulgi
883 2606 934 2664 tur
948 2603 1098 2665 damnum
1113 2607 1197 2684 qued
1214 2605 1275 2667 alia
1295 2605 1363 2668 vice
1384 2607 1474 2670 facile
1493 2627 1674 2689 compense-

43 2691 274 2754 astimatiunem
300 2693 489 2767 coustituto;
510 2693 583 2756 hine
607 2694 712 2756 verius
739 2697 831 2773 putet
883 2691 968 2754 bitur
981 2691 1092 2772 majori
1108 2694 1206 2756 lucro.

43 2781 175 2860 Castrep.
197 2797 270 2842 cum
292 2781 399 2843 Rebel.
423 2782 486 2844 Sal.
512 2787 543 2844 et
566 2783 634 2845 aliis
648 2783 680 2843 in
695 2788 828 2862 utroque
926 2779 1032 2853 (incest.
1052 2784 1223 2843 rra-An
1238 2782 1348 2844 lr'eitum
1362 2783 1532 2846 adcendere
1545 2785 1575 2845 in
1589 2785 1674 2866 sruu·
1700 2805 1742 2854 ass

44 2885 109 2928 casu
132 2873 161 2930 ta
187 2869 288 2930 teucri
310 2869 490 2944 restituere;
508 2888 582 2931 num
596 2871 680 2932 idem
693 2871 829 2950 pretium
883 2865 947 2928 dem
969 2866 1147 2928 creditorum
1167 2869 1273 2951 quibus
1293 2889 1326 2932 re
1348 2870 1466 2934 vendite
1485 2891 1543 2933 aon
1564 2874 1676 2954 poteris

45 2953 143 3034 nequit
165 2973 234 3018 ease
254 2955 375 3037 justum
401 2961 433 3017 et
455 2955 605 3036 injustum
618 2961 763 3036 respectu
784 2956 829 3017 di·
882 2954 993 3016 solvere
1013 2956 1092 3037 quod
1109 2956 1215 3019 debes?
1230 2961 1266 3020 R.
1292 2961 1360 3020 Non
1374 2963 1422 3022 est
1439 2959 1569 3038 licitum,
1586 2960 1611 3022 si
1627 2979 1676 3022 re-

46 3060 198 3105 rarsomm
213 3089 223 3121 ,
239 3045 295 3106 sed
310 3048 455 3123 respectu
474 3044 599 3106 illerum
618 3044 671 3125 qui
695 3045 829 3106 rumoris
885 3047 971 3108 tente
993 3065 1027 3106 re
1047 3064 1143 3125 quam
1157 3047 1278 3124 rendiS,
1294 3054 1420 3126 peteres
1433 3049 1560 3126 lucrari,
1577 3054 1632 3111 aut
1644 3054 1675 3111 te

46 3137 110 3194 sunt
122 3137 276 3196 causaest
288 3131 458 3214 injustum:
477 3152 551 3214 ergo
567 3134 662 3196 etiam
682 3137 828 3213 respectu
885 3132 1016 3194 reddare
1036 3137 1195 3212 potentem
1218 3135 1259 3196 ad
1278 3136 1479 3212 solvendum,
1496 3137 1541 3198 uti
1555 3140 1677 3199 constat

48 3219 180 3282 aliorum.
197 3223 237 3284 ut
258 3221 338 3283 ratio
362 3239 382 3282 e
399 3221 496 3300 priori
523 3225 571 3285 est
598 3221 672 3301 quia
694 3222 831 3300 pretium
885 3239 922 3282 ex
938 3221 1028 3282 dietis
1042 3241 1072 3283 n.
1088 3225 1158 3299 428,
1175 3222 1238 3284 imo
1252 3225 1395 3304 quamvis
1403 3223 1622 3287 talisvenditio
1637 3225 1678 3284 sit

48 3309 121 3385 quud
138 3309 225 3370 falsis
248 3314 280 3371 et
298 3309 413 3390 iniquis
432 3310 611 3372 rumoribus
624 3309 832 3372 introducitur
885 3308 990 3369 valida
1008 3309 1033 3369 si
1055 3311 1196 3372 seclusit
1214 3311 1380 3390 nescienti,
1401 3317 1508 3376 tamen
1522 3314 1547 3374 si
1567 3313 1675 3374 scienti

49 3401 170 3459 maest
199 3397 359 3459 voluntate
387 3416 407 3458 e
436 3399 512 3477 Rep.
544 3397 746 3460 constitutum
773 3415 830 3459 nee
885 3397 1031 3472 sitiente,
1048 3397 1181 3460 rescindi
1196 3403 1332 3478 potesta
1346 3401 1567 3478 creditoribus,
1581 3400 1677 3462 etiam

50 3484 247 3560 approbatum
263 3505 270 3546 :
288 3503 364 3564 erge
379 3485 560 3564 simpliciter
574 3489 621 3548 est
634 3485 788 3566 iniquum.
886 3502 948 3547 nen
964 3485 1104 3548 restitute
1119 3487 1230 3568 pretio,
1243 3490 1278 3548 ut
1287 3487 1520 3568 jurastatuunt3
1530 3489 1556 3550 si
1571 3493 1675 3550 tomen

5 3579 32 3632 Ι
82 3571 139 3648 ιι.
155 3572 191 3634 Si
204 3576 327 3633 tentum
347 3571 483 3650 diceres,
500 3571 663 3634 autetiam
683 3573 828 3653 jurares,
886 3588 949 3633 nen
963 3572 1143 3636 rescindant
1165 3573 1248 3635 intra
1261 3592 1394 3652 annum,
1411 3577 1444 3636 P.
1463 3578 1540 3636 Nav.
1556 3577 1629 3638 Mol.
1646 3580 1679 3638 et

52 3675 109 3718 rem
125 3659 180 3720 libi
202 3659 299 3739 pluris
314 3667 473 3738 constare,
489 3664 520 3722 te
535 3660 633 3739 pluris
652 3660 831 3722 vendidisse
886 3663 971 3722 Lesa.
998 3662 1106 3725 dicunt
1127 3667 1283 3725 ementem
1304 3663 1400 3725 etiam
1427 3665 1457 3726 io
1487 3664 1678 3725 conscientia

53 3745 482 3828 aliis,teaonpossevendere
493 3748 633 3826 minoris,
650 3753 709 3810 etc.
723 3766 832 3829 quam·
886 3765 954 3808 esse
970 3750 1084 3826 tutum,
1100 3749 1155 3810 sed
1178 3752 1297 3828 negant
1309 3749 1506 3812 communius
1529 3750 1582 3810 alii
1605 3767 1677 3811 cum

53 3833 92 3894 ris
105 3853 209 3897 emens
222 3836 266 3898 sie
281 3835 449 3899 inducatur
462 3837 502 3898 ad
516 3837 586 3916 plus
601 3836 751 3915 dandum,
770 3855 831 3898 non
887 3837 964 3896 Nav.
983 3843 1013 3895 et
1027 3838 1136 3915 Laym.
1158 3841 1265 3918 estque
1287 3836 1444 3898 sententia
1455 3839 1588 3917 utraque
1607 3856 1677 3917 pro·

54 3927 94 3984 est
105 3923 249 4004 obligatio
263 3925 458 4003 restituendi,
471 3926 544 4006 quia
558 3926 771 4005 licetpeceent
787 3927 832 3988 sic
886 3922 1011 4001 babilis,
1028 3928 1107 3986 teste
1123 3927 1213 4004 Sper.
1230 3944 1261 3986 n.
1278 3929 1327 3988 88.

5 4025 6 4028 ’
54 4013 226 4074 mentientes
240 4013 453 4094 autjurantes,
465 4019 570 4076 tamen
581 4013 656 4075 setis
665 4020 774 4077 notum
786 4018 833 4076 est
928 4010 1035 4084 Qooesr.
1053 4014 1120 4074 175.
1137 4013 1238 4074 -Ao
1253 4011 1678 4095 illequiemitremlppotlre·
1703 4036 1745 4084 nse

55 4099 120 4160 lulis
131 4102 229 4162 solere
244 4101 454 4163 communiter
467 4102 528 4163 dici
543 4101 584 4162 ab
599 4102 670 4179 illis,
688 4103 832 4180 quamvis
886 4106 992 4166 eutem,
1014 4097 1049 4159 id
1067 4108 1108 4160 est
1126 4099 1166 4160 od
1178 4099 1274 4160 debito
1287 4099 1460 4180 oblipotom,
1477 4099 1679 4164 teneaturtee

57 4203 121 4248 reru
134 4207 196 4251 uon
208 4189 284 4256 sint,
300 4187 385 4250 unde
408 4189 468 4251 sibi
481 4189 615 4268 imputet
633 4189 686 4270 qui
706 4190 830 4265 credit;
887 4187 983 4249 debita
1001 4187 1136 4249 solvere?
1150 4190 1242 4267 Resp.
1260 4187 1440 4250 Communis
1457 4190 1613 4252 sententia
1631 4189 1679 4252 al·

6 4341 7 4344 ,
57 4271 95 4335 ila
106 4277 218 4338 [tabell.
236 4283 267 4338 et
281 4279 423 4357 Castrop.
886 4277 1002 4353 firmat,
1019 4276 1156 4354 quiores
1170 4278 1281 4338 transit
1295 4277 1335 4338 ad
1349 4282 1525 4356 emptorem
1534 4297 1606 4340 cum
1620 4297 1677 4339 sue

6 4365 39 4424 Ἰι
69 4363 195 4439 enea
212 4365 385 4426 rra-An
399 4365 835 4447 mereatorlicltepessicmerai
887 4382 983 4425 onere
1006 4365 1094 4441 reali,
1111 4383 1169 4426 nec
1192 4371 1316 4444 emptor
1338 4364 1409 4444 plus
1427 4366 1556 4428 dominii
1576 4371 1679 4446 potest

58 4447 200 4514 tenueere
210 4453 397 4516 mittentium
411 4453 547 4533 ultanum,
560 4473 586 4516 υ.
602 4476 633 4536 9.
643 4455 835 4536 prperijnni-
888 4452 1051 4532 acquirere
1066 4470 1161 4532 quam
1176 4453 1307 4515 haberat
1319 4452 1486 4515 venditor:
1504 4453 1555 4514 hie
1570 4458 1677 4516 eutem

58 4553 141 4618 paea,
154 4559 225 4603 cere
232 4543 355 4624 pr'eem?
369 4544 405 4604 a.
421 4546 537 4620 Potest,
554 4543 724 4605 dummodo
739 4543 834 4605 etiam
888 4558 951 4603 non
966 4540 1102 4602 habebat
1116 4541 1289 4602 dominium
1302 4542 1466 4604 libaruma
1480 4543 1604 4604 debitis.
1617 4545 1679 4604 ιιι-

61 4631 277 4706 proportienate
291 4629 431 4692 remittat
444 4631 483 4692 de
493 4631 605 4710 pretia,
623 4635 654 4693 et
665 4651 752 4692 merx
767 4631 835 4692 ido·
888 4627 963 4706 cipit
976 4629 1064 4707 Lugo
1078 4627 1108 4689 d.
1126 4632 1174 4706 li,
1191 4647 1305 4690 onum.
1321 4632 1372 4706 95,
1389 4629 1446 4690 nisi
1461 4635 1531 4692 tum
1549 4630 1589 4694 sit
1602 4649 1679 4692 ven-

63 4729 113 4775 oea
123 4722 244 4782 maneat
257 4718 297 4780 ed
307 4725 492 4782 consuetum
502 4737 604 4796 usum,
616 4738 674 4781 nec
684 4719 834 4781 reddatur
889 4714 964 4790 dita,
982 4715 1107 4794 quando
1126 4717 1265 4778 vendens
1287 4717 1318 4777 in
1333 4722 1473 4778 extrema
1494 4717 1678 4782 necessitate

63 4799 183 4866 deterior
195 4824 289 4886 quam
303 4807 357 4870 illa
372 4824 442 4886 quae
458 4807 550 4868 simili
572 4807 672 4886 pretio
689 4807 835 4869 venditur
888 4807 1012 4882 peterat
1034 4803 1208 4867 distrahere
1232 4823 1298 4865 ram
1327 4804 1474 4880 alienam,
1500 4807 1592 4868 sicuti
1615 4825 1678 4870 nen

65 4887 97 4950 ab
109 4891 190 4956 aliis:
206 4895 250 4956 ita
273 4894 380 4958 Molin.
403 4897 513 4973 Laym.
535 4895 627 4973 Sper.
653 4893 767 4973 aliique
784 4898 833 4972 m,
888 4893 994 4968 posset
1007 4891 1039 4952 iu
1054 4909 1091 4952 ea
1106 4891 1290 4954 necessitate
1305 4909 1501 4969 consumere,
1519 4893 1562 4954 ita
1576 4898 1680 4973 potest

65 4980 136 5056 apud
148 4983 257 5044 ldendu
272 4982 302 5047 d.
319 4987 348 5060 3,
364 5003 394 5047 n.
412 4987 460 5045 ti.
475 4982 605 5044 Addunt
613 4985 698 5044 beas.
711 4987 744 5044 et
756 4985 832 5061 Lop.
888 4977 975 5039 iilam
988 4979 1125 5040 vendere
1145 4984 1296 5060 tauquam
1317 4978 1448 5041 liberam
1463 4997 1569 5058 onere,
1586 4979 1680 5042 uteie

7 5097 8 5126 2
65 5063 86 5122 si
105 5070 225 5132 materia
242 5071 416 5132 secundum
441 5087 474 5131 se
496 5069 633 5131 deterior
651 5069 695 5130 ita
713 5087 770 5148 per
788 5069 836 5130 in·
889 5066 1017 5145 plenum
1032 5067 1166 5148 accipiet
1180 5067 1261 5130 illius
1277 5067 1423 5146 pretium.

7 5169 8 5234 }
68 5149 198 5217 dustriam
211 5157 433 5234 admisceatur,
444 5161 479 5219 ut
492 5176 542 5219 res
555 5157 667 5218 melius
681 5159 837 5236 tempere·
933 5151 1039 5228 Quasi.
1065 5156 1133 5216 1⁸16.
1147 5158 1247 5217 -An
1270 5155 1355 5216 liceat
1376 5155 1423 5215 uti
1441 5154 1520 5236 salsa
1545 5157 1682 5219 euocata?
1708 5195 1750 5242 9⁰,

7 5289 9 5320 ,
68 5239 118 5314 itt,
132 5245 478 5320 possevendiconsueto
488 5245 588 5325 pretio
599 5265 607 5318 ;
619 5245 838 5308 contradicunt
891 5245 928 5305 n.
945 5241 976 5303 Si
992 5247 1040 5304 eat
1052 5243 1131 5304 falsa
1144 5247 1265 5307 tantum
1280 5243 1461 5321 formaliter,
1478 5244 1577 5323 idest,
1590 5247 1614 5306 si
1625 5264 1683 5326 up-

7 5329 8 5334 ’
68 5327 155 5390 umen
175 5335 257 5394 reete
280 5349 338 5410 pro
359 5332 446 5411 praxi
467 5331 656 5409 cassans,
667 5352 702 5413 p.
723 5335 753 5409 6,
769 5350 801 5393 n.
817 5335 836 5394 5
890 5347 999 5411 pressa
1013 5331 1054 5393 sit
1062 5331 1162 5394 forma
1176 5349 1232 5393 seu
1243 5331 1367 5412 signum
1378 5331 1529 5412 Principis
1538 5333 1605 5394 sine
1619 5334 1683 5396 ulla

7 5393 9 5534 i
69 5419 182 5497 elpes,
198 5440 229 5482 n.
245 5424 276 5498 ι,
293 5419 407 5501 aliique
425 5437 497 5483 cum
513 5421 626 5483 Mende
639 5440 671 5482 n.
692 5423 742 5496 ιι,
763 5420 838 5500 quia
893 5419 1095 5498 auctoritate,
1113 5419 1282 5482 dummodo
1297 5418 1430 5481 materia
1447 5419 1599 5498 situnne,
1614 5420 1683 5484 lici-

7 5545 9 5600 3
71 5499 107 5564 tit
118 5503 236 5572 daretur
249 5506 373 5570 occasio
394 5507 530 5588 injuriis3
547 5507 679 5590 quisque
694 5505 778 5570 enim
793 5506 845 5569 la·
886 5511 955 5570 tom
971 5511 1019 5571 est
1034 5525 1041 5570 :
1056 5505 1199 5588 quamvis
1215 5507 1297 5570 enim
1317 5507 1435 5570 cudens
1458 5505 1611 5587 peccarit,
1635 5509 1683 5570 ta-
