3994 6344
300 559 360 624 252
881 565 997 627 LlBltll
1028 562 1208 638 TERTIUS,
1230 560 1332 623 Peos
1353 555 1391 621 ll.

299 749 390 808 terna
399 744 579 826 juramento
596 749 720 810 firmata
741 750 869 828 obliget,
884 766 957 810 nam
975 747 1092 828 obliga·
1149 765 1187 808 ex
1207 749 1297 825 parte
1319 743 1400 805 illins
1429 741 1482 823 qni
1503 742 1637 804 alterum
1657 738 1717 802 sibi
1740 739 1873 818 obligat.
1899 739 1939 799 ltu

299 834 344 896 tio
367 834 466 896 oritur
488 835 518 896 vi
546 835 705 916 religionis
733 855 772 898 ex
796 838 979 918 juramento
1008 837 1093 916 qnod
1149 833 1240 894 dictis

301 923 396 984 habet
416 941 449 984 se
469 941 525 1003 per
543 925 673 986 modum
691 925 754 988 voti
774 929 838 987 Dec
868 925 939 986 iacti
960 925 1023 986 :de
1043 942 1094 985 ce·
1186 916 1327 999 Sequitur
1351 921 1379 978 l.
1403 917 1435 978 Si
1460 917 1591 978 offeram
1616 914 1673 976 tibi
1705 915 1840 976 domum
1863 913 1939 975 mille
1958 921 1988 968 ev

300 1015 684 1074 terorectenotantOnn.
707 1013 805 1089 (1.19,
841 1033 872 1075 n.
905 1018 955 1090 tl,
979 1010 1091 1092 nequi·
1147 1007 1251 1067 aureis
1266 1006 1408 1068 venalem
1423 1008 1455 1066 et
1468 1008 1502 1065 tn
1516 1008 1662 1083 acceptes
1677 1004 1858 1082 elierasqne
1869 1003 1939 1062 1000

301 1090 373 1151 dem
396 1109 464 1152 esse
485 1091 707 1171 obligationem
730 1093 950 1154 manifestandi
970 1093 1089 1154 nudam
1147 1113 1270 1170 aureos,
1300 1092 1512 1155 venditionem
1535 1110 1597 1152 non
1621 1091 1729 1170 perlici
1755 1089 1885 1170 qnando
1909 1092 1939 1150 tn

298 1177 539 1257 promissionem
554 1197 651 1259 qnam
661 1181 731 1259 quis
745 1181 866 1241 interne
876 1180 1022 1258 concipit,
1035 1180 1090 1240 ha·
1148 1185 1291 1259 acceptas
1306 1185 1337 1242 et
1352 1179 1729 1258 promittileOllanreos,
1745 1177 1805 1238 sed
1821 1176 1938 1257 quando

299 1266 368 1326 buit
378 1266 461 1326 enim
473 1270 595 1328 tantum
606 1267 686 1328 banc
696 1269 943 1330 mentemzvolo
955 1267 1092 1346 obligari
1147 1272 1202 1328 tua
1214 1265 1386 1345 acceptatio
1408 1264 1484 1326 milri
1508 1265 1742 1338 manifestatum
1759 1281 1837 1324 mea
1860 1262 1940 1323 euim

301 1354 326 1414 si
341 1355 541 1432 promissario
556 1357 795 1418 manifestavero
818 1357 899 1417 hanc
918 1373 1022 1416 meam
1036 1373 1094 1417 vo·
1148 1354 1335 1432 acceptatio,
1379 1370 1442 1433 qua
1482 1352 1707 1431 obligationem
1748 1354 1882 1430 accepto
1915 1347 1939 1410 si

300 1442 440 1504 litionem
451 1448 482 1506 et
494 1445 560 1522 ipse
571 1445 791 1524 acceptaverit,
803 1445 856 1507 ubi
868 1463 929 1506 non
940 1443 1095 1522 promittit
1147 1442 1334 1520 consentiae,
1347 1447 1394 1503 est
1407 1440 1462 1502 tibi
1473 1440 1665 1500 sufficienter
1673 1439 1879 1501 manifestate
1890 1455 1939 1515 per

300 1549 334 1592 se
348 1533 620 1596 manifestaturum
633 1537 664 1594 et
679 1534 821 1614 quamvis
836 1533 896 1594 boc
908 1551 970 1594 non
987 1533 1090 1593 inten-
1148 1528 1208 1590 hoc
1226 1528 1311 1609 quod
1333 1529 1462 1590 oliorum
1485 1527 1616 1589 domum
1634 1525 1694 1587 isto
1723 1526 1830 1605 pretio
1853 1540 1939 1586 vena·

303 1619 412 1698 disset,
429 1621 533 1682 adhuc
547 1640 609 1683 non
625 1629 708 1683 esset
721 1623 907 1701 acquisitum
919 1621 972 1702 jus
990 1619 1091 1695 altari,
1146 1615 1228 1677 lem:
1246 1635 1321 1695 crgo
1345 1616 1370 1676 si
1394 1615 1471 1676 mihi
1492 1613 1631 1675 vicissim
1656 1614 1880 1674 manifestetur
1892 1615 1940 1674 tna

302 1707 359 1769 nisi
400 1708 482 1770 hanc
518 1709 619 1788 ipsam
655 1709 860 1771 intentionem
895 1707 1093 1770 manifestam
1147 1704 1332 1784 acceptatio,
1360 1703 1420 1764 hoc
1447 1702 1515 1782 ipso
1544 1701 1724 1782 perficietur
1747 1702 1935 1776 contractus,

300 1801 508 1875 acceptasset;
532 1803 626 1877 atque
645 1798 689 1860 ita
709 1799 824 1860 docent
841 1800 994 1859 Auctores
1009 1813 1093 1857 com·
1148 1809 1249 1872 neque
1264 1809 1342 1870 opus
1361 1791 1421 1852 erit
1440 1790 1496 1851 tibi
1520 1791 1571 1851 vel
1591 1789 1669 1850 mihi
1691 1789 1826 1850 ulterius
1847 1785 1939 1849 mani-

286 1883 438 1946 -mnniter
451 1902 523 1944 cum
536 1886 603 1948 Dic.
621 1885 691 1948 dut.
712 1891 743 1949 'l.
765 1886 861 1948 Addit
874 1889 961 1964 Lngo
981 1883 1009 1946 d.
1038 1886 1090 1961 23,
1147 1879 1252 1941 testari
1267 1879 1361 1941 aliam
1375 1877 1636 1959 acceptationem.
1646 1881 1676 1938 2.
1688 1876 1721 1939 Si
1730 1895 1860 1938 mecum
1873 1891 1938 1937 one

299 1992 330 2032 o.
346 1975 376 2048 2,
392 1971 418 2032 si
433 1971 502 2052 quis
517 1974 613 2036 nollet
631 1974 716 2035 illam
730 1992 820 2036 suam
834 1972 1029 2034 voluntatem
1045 1972 1093 2032 in·
1147 1984 1217 2028 rose
1233 1966 1399 2029 contrahas
1413 1985 1471 2046 per
1484 1969 1734 2045 procuratorem,
1751 1969 1823 2027 tum
1837 1962 1937 2044 perlici

301 2066 423 2122 ternam
450 2060 649 2123 manifestare
673 2067 704 2124 et
730 2067 835 2124 tamen
864 2061 949 2122 illam
977 2063 1094 2139 praeter
1148 2054 1479 2134 contractumquando
1494 2057 1566 2115 tuns
1580 2058 1771 2132 procurator
1785 2054 1934 2131 acceptat,

300 2148 506 2211 intentionem
532 2149 757 2228 manifestaret,
786 2169 849 2212 non
877 2149 1091 2229 obligandum,
1148 2145 1179 2204 et
1193 2160 1251 2221 ego
1267 2142 1299 2203 id
1313 2141 1424 2218 roscio,
1440 2141 1514 2204 licet
1534 2146 1569 2201 tu
1588 2157 1646 2202 neo
1665 2159 1739 2202 eum
1755 2140 1935 2221 acceptaris,

302 2237 377 2317 quia
399 2237 452 2298 illa
473 2238 682 2301 manifestatio
711 2257 774 2300 non
797 2238 906 2300 fnisset
928 2237 1008 2300 actio
1035 2237 1095 2297 hu·
1148 2229 1222 2310 quia
1236 2247 1308 2291 oum
1323 2232 1398 2309 egat
1412 2227 1537 2289 nomine
1552 2232 1605 2290 tuo
1619 2232 1751 2308 ugera
1765 2233 1856 2292 tuam
1868 2246 1936 2308 per·

300 2339 405 2385 mana.
424 2325 525 2396 Onaeri
538 2330 643 2388 autem
658 2328 736 2388 solet
750 2345 789 2389 an
802 2327 869 2388 haec
883 2325 1092 2387 manifestatio
1147 2335 1268 2396 sonam,
1285 2316 1457 2397 acceptatio
1479 2316 1561 2378 illius
1583 2321 1631 2378 est
1646 2317 1813 2380 moraliter
1826 2321 1891 2380 tua.
1905 2317 1931 2378 3.

301 2415 620 2494 externarequiratur
630 2416 748 2497 dejure
759 2419 878 2477 natura
888 2413 1091 2492 velpositivo,
1148 2405 1181 2468 Si
1193 2405 1378 2467 contraham
1388 2423 1518 2466 onerose
1530 2405 1845 2484 tecnmperlitteras,
1861 2403 1937 2465 hunc

300 2500 376 2561 Led.
393 2501 492 2564 Palat.
510 2507 542 2564 et
557 2504 701 2565 Mendoz.
718 2504 827 2565 dicunt
839 2502 957 2582 requiri
971 2504 1093 2563 tantum
1148 2497 1343 2556 contractum
1356 2493 1444 2573 prius
1455 2498 1523 2554 tum
1534 2493 1784 2573 perficiquando
1795 2493 1874 2555 milri
1887 2510 1936 2572 per

301 2586 340 2648 de
360 2587 433 2667 jure
450 2590 598 2669 positivo,
625 2591 678 2653 alii
699 2591 896 2654 communius
923 2593 955 2651 et
981 2587 1093 2650 melius
1148 2600 1333 2660 responsum
1355 2581 1520 2643 innotescit
1546 2585 1602 2644 tna
1628 2583 1821 2662 acceptatio.
1850 2585 1880 2642 t.
1907 2579 1937 2642 Si

301 2689 373 2734 oum
387 2677 474 2756 Lugo
498 2697 528 2738 a.
552 2681 602 2755 29,
621 2679 730 2741 dicunt
753 2678 870 2759 requiri
894 2677 933 2738 de
951 2677 1022 2757 jure
1037 2693 1093 2736 na·
1148 2667 1265 2731 donum
1283 2669 1359 2730 mibi
1379 2669 1496 2746 mittas,
1518 2668 1646 2730 donatio
1667 2671 1850 2751 completur
1868 2667 1935 2730 dnm

299 2763 390 2837 turae,
407 2765 448 2824 ob
465 2765 620 2826 rationem
638 2771 711 2828 ante
734 2767 853 2842 datam,
871 2765 945 2844 quie
967 2764 1092 2826 deesset
1147 2763 1287 2839 accepte,
1302 2757 1423 2822 etiamsi
1434 2757 1512 2819 nihil
1525 2757 1641 2820 resciae
1655 2757 1695 2820 do
1711 2777 1785 2822 mea
1800 2760 1936 2840 accepta·

299 2848 407 2910 volitio
436 2851 643 2932 obligationis.
672 2854 842 2932 speciatim
870 2858 976 2913 autem
1004 2850 1090 2913 circa
1147 2846 1242 2910 tione.

300 2940 548 3017 acceptationem
562 2941 777 3020 promissionis
791 2945 822 3005 ct
840 2938 1028 3018 donationis,
1045 2938 1093 2998 di·
1189 2935 1282 3018 Otjic.
1312 2937 1361 3000 Ad
1391 2937 1615 3003 remittendum
1640 2937 1694 3019 jus
1721 2937 1809 3018 quod
1841 2937 1933 2998 haheo

300 3029 390 3084 cetur
402 3045 422 3086 a
436 3046 522 3089 num.
538 3032 609 3091 165.
1147 3030 1256 3087 contra
1270 3027 1408 3104 Petrum,
1426 3045 1489 3088 non
1508 3025 1678 3107 requiritur
1693 3026 1871 3106 acceptatio
1885 3027 1933 3087 Pe·
1954 3001 1984 3049 ω

232 3131 272 3176 ras
343 3111 437 3194 Otjie.
456 3117 586 3188 Quando
600 3135 638 3178 ex
657 3119 848 3199 praesumpta
862 3117 1022 3178 voluntate
1038 3113 1092 3174 do·
1145 3113 1334 3192 tri;pcssnm
1346 3115 1431 3176 enim
1439 3115 1483 3176 illi
1491 3113 1590 3177 inscio
1599 3113 1780 3176 condonare
1788 3114 1932 3188 debitum,

299 3200 376 3261 mini
399 3222 467 3265 rem
490 3205 621 3285 accipio,
638 3205 767 3285 acquiro
787 3205 961 3267 dominium
982 3203 1012 3263 vi
1036 3220 1092 3264 vc·
1146 3202 1191 3264 uti
1206 3204 1288 3264 Deus
1304 3203 1382 3263 mihi
1399 3203 1496 3265 inscio
1516 3202 1696 3266 condonare
1710 3207 1819 3282 potest
1834 3221 1934 3283 peccas

299 3289 427 3353 luntatis
461 3292 592 3354 internae
631 3311 727 3373 qnam
762 3293 829 3372 ipse
865 3292 985 3367 habet,
1018 3290 1092 3352 licet
1145 3293 1230 3364 tum;
1257 3307 1332 3369 ergo
1355 3291 1397 3352 ad
1421 3290 1649 3372 acquirendum
1666 3289 1720 3371 jus
1748 3295 1864 3354 contra
1885 3293 1932 3352 Pe·

300 3379 435 3442 exterius
460 3399 523 3442 non
550 3381 767 3444 manifestata.
794 3384 831 3443 lt.
857 3383 894 3442 N.
925 3398 986 3441 ass.
1017 3396 1091 3440 uam
1144 3383 1229 3443 trum
1243 3396 1305 3440 non
1321 3379 1491 3458 requiritur
1504 3379 1678 3457 acceptatio
1693 3396 1778 3456 mea,
1796 3378 1854 3440 sed
1870 3376 1930 3438 lieri

300 3468 429 3548 aequiro
448 3488 506 3549 per
523 3471 762 3550 occupationem
776 3471 881 3532 animo
896 3466 1088 3548 possidendi,
1144 3467 1259 3547 poterit
1273 3467 1511 3530 solavclnntate
1531 3469 1626 3529 Petri.
1646 3469 1683 3529 n.
1707 3469 1756 3529 Ad
1778 3467 1933 3530 remitten-

298 3555 405 3618 volitio
416 3563 521 3620 antem
531 3559 661 3621 dominii
672 3560 752 3622 tollit
761 3559 1020 3638 impedimentum
1035 3571 1091 3616 sen
1145 3557 1220 3617 dum
1244 3555 1492 3620 irrevocabiliter
1510 3556 1563 3637 jus
1587 3555 1672 3636 quod
1700 3556 1809 3619 habeo
1832 3562 1932 3618 cenna

298 3647 550 3724 repugnantiam,
561 3665 624 3727 qua
635 3649 759 3710 sublata
769 3647 903 3711 nuncita
917 3662 1036 3724 occupo
1053 3661 1090 3705 ac
1144 3644 1272 3704 Petrum
1284 3661 1345 3704 non
1359 3643 1529 3724 requiritur
1544 3643 1721 3721 acceptatio
1730 3645 1829 3722 Petri,
1845 3645 1881 3705 N.
1896 3642 1931 3704 ad

298 3732 324 3793 si
335 3735 449 3795 nullius
462 3739 554 3812 esset,
570 3740 658 3815 hugo
673 3756 703 3796 n.
720 3739 770 3799 33.
1144 3730 1366 3792 remittendum
1379 3731 1611 3806 revocabiliter,
1621 3733 1655 3793 C.
1673 3735 1739 3792 ant.
1753 3735 1787 3793 et
1799 3734 1836 3792 N.
1852 3749 1929 3792 cons

230 3820 272 3867 ⁶⁵⁶
339 3821 414 3900 §9-
440 3822 489 3883 Ad
517 3826 712 3885 contractum
731 3839 898 3884 onerosum
922 3820 1091 3900 requiritur
1145 3817 1930 3894 Sienimremittamrevccabiliter,Petrusnullum

298 3907 473 3987 acceptatio
499 3914 610 3970 mutua
632 3927 802 3970 consensus
825 3912 857 3970 et
879 3906 1089 3970 manifestatio
1144 3904 1279 3984 acquirit
1288 3905 1340 3986 jus
1355 3910 1465 3968 contra
1478 3925 1541 3983 me,
1557 3906 1599 3968 ad
1614 3907 1674 3968 hoc
1690 3910 1724 3968 nt
1735 3907 1779 3969 sit
1797 3907 1875 3968 liber
1886 3905 1930 3966 de·

299 3996 381 4058 illius
399 4001 516 4059 mutuae
539 3997 775 4075 acceptationis,
801 3997 845 4058 ita
866 3999 952 4074 Lugo
982 3995 1011 4057 d.
1038 3998 1087 4072 23,
1143 3993 1219 4072 bito,
1236 3994 1292 4054 sed
1315 3995 1341 4055 si
1355 3995 1461 4073 velim,
1479 3999 1590 4075 potero
1605 4013 1732 4074 semper
1745 3995 1871 4074 exigere
1884 3993 1930 4054 de-

299 4103 363 4145 cu.
380 4087 435 4158 263
453 4085 519 4146 Dic.
532 4105 563 4147 a.
580 4087 658 4158 r55;
676 4087 755 4148 Onn.
772 4084 802 4146 d.
819 4090 868 4161 29,
878 4083 909 4162 s.
926 4087 945 4144 4
960 4083 1087 4163 aliique.
1143 4079 1255 4157 bitum,
1276 4081 1334 4143 sub
1358 4082 1411 4144 illa
1430 4083 1514 4144 enim
1533 4081 1712 4143 conditione
1733 4083 1860 4144 remitto
1879 4077 1930 4140 nisi

299 4172 473 4247 Probatnr;
499 4190 572 4234 nam
602 4173 717 4252 requiri
746 4172 994 4251 acceptationem
1016 4188 1090 4232 con·
1144 4165 1234 4230 aliter
1243 4168 1383 4246 voluero,
1400 4169 1584 4249 priusquam
1594 4169 1705 4229 Petrus
1715 4185 1822 4229 meam
1831 4165 1928 4229 remis

299 4278 448 4321 sensuum
462 4264 559 4341 patet,
580 4260 719 4341 alioquin
740 4261 811 4324 dure
831 4262 1008 4323 voluntates
1027 4275 1090 4320 non
1144 4255 1264 4318 sionem
1278 4256 1459 4336 acceptarit,
1474 4257 1561 4337 Lugo
1580 4276 1611 4319 a.
1636 4259 1686 4318 51.
1712 4255 1794 4318 Vide
1809 4253 1929 4318 dicenda

299 4350 504 4412 convenirent
518 4349 654 4411 humano
669 4349 764 4411 modo
786 4350 818 4411 in
836 4368 935 4410 unum
952 4369 958 4409 :
976 4347 1089 4409 deinde
1144 4361 1208 4404 an.
1225 4345 1294 4404 118.

299 4453 372 4497 cum
390 4441 522 4516 uterque
542 4437 731 4498 contrahens
745 4438 799 4498 det
813 4436 902 4498 alteri
914 4435 966 4516 jus
981 4439 1090 4497 contra
1183 4431 1257 4492 lost.
1275 4430 1308 4492 Si
1322 4430 1495 4510 acceptatio
1516 4430 1696 4510 requiratur
1709 4430 1751 4492 ad
1769 4428 1924 4511 obligatio·

299 4541 345 4598 se,
361 4530 396 4585 nt
409 4524 461 4586 hic
472 4524 588 4585 haheat
598 4523 651 4604 jus
665 4527 775 4584 contre
789 4523 877 4585 illum
896 4527 927 4585 et
945 4523 995 4584 illa
1016 4540 1090 4584 con·
1145 4517 1293 4596 nem,'vel
1308 4537 1383 4599 ergo
1394 4519 1454 4581 erit
1462 4522 1584 4581 tantum
1599 4518 1749 4596 conditio,
1763 4521 1814 4580 vel
1824 4516 1927 4598 partia·

298 4617 349 4674 tra
376 4614 470 4690 hunc,
496 4613 590 4675 debet
612 4614 644 4673 in
666 4617 799 4693 utroque
823 4630 891 4673 esse
915 4611 1089 4692 acceptatio
1143 4607 1323 4670 litercansa
1337 4606 1546 4686 obligationis.
1568 4609 1605 4670 n.
1627 4609 1715 4670 Less.
1740 4608 1761 4669 l.
1781 4612 1813 4686 2,
1836 4626 1862 4668 r.
1885 4607 1925 4680 lll,

299 4699 381 4762 illins
405 4700 505 4781 juris3
535 4701 603 4763 naec
624 4703 730 4762 antem
758 4699 875 4779 duplex
901 4700 1086 4778 acceptatio,
1144 4715 1175 4758 n.
1191 4698 1241 4773 11,
1258 4695 1335 4756 dicit
1348 4713 1415 4756 esse
1430 4700 1553 4757 tantum
1567 4695 1795 4774 conditionem,
1811 4713 1871 4776 qua
1882 4709 1927 4772 po·

298 4806 372 4851 cum
413 4788 527 4850 debeat
567 4789 754 4851 constituere
800 4791 995 4850 contractum
1033 4788 1089 4848 hu·
1145 4785 1214 4862 sita,
1232 4782 1926 4862 obligatiocauseturavoluntatecontraben-

298 4893 439 4952 manum,
470 4876 564 4938 debet
591 4894 658 4937 esse
686 4876 825 4937 humana
851 4878 883 4937 et
909 4876 1087 4937 sensibilis:
1144 4872 1232 4935 tium.
1249 4875 1336 4951 Lugo
1351 4891 1381 4933 o.
1391 4875 1443 4949 uo,
1458 4871 1535 4933 dicit
1548 4889 1616 4932 esse
1631 4891 1761 4935 causam
1776 4869 1926 4953 partialem

299 4982 375 5042 ergo
397 4967 530 5044 utraque
554 4965 726 5044 acceptatio
750 4964 804 5024 illa
826 4963 921 5027 debet
945 4967 1090 5043 utrinqne
1144 4979 1217 5022 cnm
1231 4961 1271 5023 sit
1283 4979 1357 5039 pars
1368 4960 1449 5040 juris
1464 4979 1526 5042 quo
1537 4979 1618 5022 unus
1627 4960 1707 5040 ligat
1720 4965 1754 5023 et
1767 4980 1848 5024 nnus
1859 4959 1925 5037 liga-

298 5050 718 5125 manifestar13sroutren1m
744 5052 807 5113 duo
835 5068 1004 5113 consensus
1028 5068 1090 5112 non
1143 5053 1207 5124 tur,
1223 5047 1308 5128 qnod
1331 5047 1456 5109 videtur
1474 5065 1542 5108 esee
1565 5047 1774 5128 probabilius,
1791 5063 1862 5110 nam
1880 5044 1925 5104 ila

298 5142 372 5200 sunt
407 5138 536 5200 hnmani
577 5157 635 5200 nec
676 5139 831 5200 inducunt
866 5139 1090 5219 obligationem
1144 5136 1211 5198 sola
1224 5136 1349 5198 sublata
1362 5154 1425 5198 non
1441 5141 1523 5197 esset
1537 5135 1698 5216 obligatio.

299 5228 445 5307 utrinque
466 5225 524 5286 nisi
543 5225 678 5287 invicem
699 5227 946 5304 manifestentur,
968 5226 1012 5288 ita
1033 5243 1090 5288 nec
1187 5223 1294 5298 Qooest.
1307 5227 1373 5285 los.
1390 5256 1431 5271 -
1448 5219 1925 5298 Ouiddieeadumsitinoariisdu·

274 5315 542 5394 ¹completiones.
568 5315 752 5393 Oppositum
768 5320 815 5376 ast
836 5315 867 5375 in
878 5314 1090 5376 contractibus
1144 5313 1198 5374 iiis
1210 5313 1290 5374 eirea
1304 5312 1440 5373 kactenus
1453 5312 1570 5374 alluta?
1593 5315 1629 5374 u.
1653 5315 1810 5376 ductores
1832 5311 1924 5372 nolum
1941 5286 1967 5332 ω’

299 5402 460 5482 gratuitis,
478 5401 552 5480 quia
565 5420 637 5462 cnm
652 5401 873 5480 obligationem
889 5401 1039 5463 inducant
1053 5419 1091 5462 ex
1144 5419 1231 5480 seqq.
1250 5404 1277 5462 1.
1299 5401 1332 5463 si
1351 5401 1423 5461 dolo
1443 5401 1589 5462 inductus
1608 5419 1663 5462 eas
1682 5401 1724 5462 ad
1746 5400 1924 5463 contractum

299 5489 688 5576 unctantumpartc,satis
702 5495 827 5554 estesse
842 5489 1090 5575 acceptationem
1145 5494 1178 5554 et
1192 5488 1316 5554 dubites
1336 5507 1378 5552 an
1401 5488 1492 5554 dolus
1514 5487 1637 5552 dederit
1650 5505 1783 5552 cansam
1801 5488 1923 5552 concae
