3994 6344
283 418 342 480 236
864 421 981 485 LIBER
1000 417 1180 497 TERTIUS,
1203 417 1304 482 PARS
1325 417 1363 481 ll.

216 627 257 673 sno
324 609 385 688 52.
412 609 597 670 Contractus
620 607 700 670 alius
724 613 771 671 est
793 607 973 688 implicitus,
997 605 1076 667 alius
1131 613 1222 692 ratio,
1256 612 1441 694 fidejussio:
1463 611 1541 674 alius
1565 611 1716 689 vestitus,
1733 610 1790 694 qui
1815 613 1927 691 preter

285 695 448 774 explicitus
462 717 469 758 :
485 697 654 776 implicitus
669 700 716 758 est
726 697 844 778 quaeris
859 696 940 758 actio
956 695 1077 756 habens
1130 707 1258 782 paetum
1273 699 1369 762 babet
1382 699 1500 780 aliquid
1521 716 1582 780 quo
1608 701 1753 762 firmatur
1779 701 1841 760 aut
1863 715 1926 777 per-

285 801 440 844 ennexam
460 785 683 864 obligationem
704 783 844 864 justitiae,
870 783 913 844 uti
935 781 1076 861 acceptio
1131 791 1253 863 flattu„
1271 792 1374 868 potest
1392 793 1499 850 autem
1513 791 1691 850 contractus
1705 786 1819 848 vestiri
1834 803 1928 867 quan.

285 870 377 932 officii
393 872 515 949 tutoris,
528 872 654 952 judicis,
671 871 803 948 medici,
824 871 873 932 cui
893 889 1016 930 annexa
1030 873 1077 931 est
1132 879 1235 958 doque
1260 877 1462 959 jurament03
1494 881 1525 937 et
1552 876 1612 938 hoc
1636 875 1722 936 omni
1750 874 1925 936 contractui

286 957 434 1038 obligatio
446 959 576 1022 curandi
588 961 723 1040 negotia,
731 959 893 1042 judicandi
902 958 1077 1020 secundum
1132 966 1296 1040 convenit3
1314 965 1503 1046 quandoque
1519 963 1612 1027 certis
1631 963 1749 1041 verbis,
1765 963 1818 1025 uti
1832 964 1927 1043 stipu-

284 1048 381 1126 loges,
399 1046 570 1109 adhibendi
585 1048 745 1109 securiora
759 1048 1008 1120 medicamenta;
1026 1066 1076 1107 ex·
1130 1055 1274 1131 tationes,
1291 1054 1329 1114 de
1345 1053 1459 1133 quihus
1474 1051 1596 1114 dicetur
1610 1069 1629 1112 a
1644 1069 1731 1112 num,
1743 1053 1820 1128 664,
1834 1069 1927 1130 quan.

285 1134 409 1215 plicitus
424 1139 472 1197 est
490 1155 637 1215 expressa
658 1137 823 1198 conventio
839 1155 877 1196 ex
894 1135 1017 1217 justitio
1031 1135 1078 1195 ia·
1132 1144 1236 1223 doque
1259 1143 1429 1221 scriptura,
1455 1140 1500 1202 uti
1524 1139 1757 1218 emphyteusis,
1785 1138 1926 1215 feudum,

285 1224 386 1286 ciendi
402 1224 450 1285 vel
466 1225 627 1287 omittendi
643 1224 773 1304 aliquid.
1131 1232 1265 1307 libellus,
1291 1229 1487 1308 superficies,
1513 1228 1670 1308 quibunt
1693 1245 1751 1306 per
1775 1227 1928 1306 scriptum

218 1318 257 1363 ⁵⁸¹
324 1315 390 1393 53.
416 1313 504 1376 Alius
527 1317 574 1376 est
597 1332 758 1391 onerosus,
782 1314 861 1374 olins
878 1312 1074 1375 lucrativus:
1131 1319 1373 1381 instrumentum
1383 1331 1491 1377 eoram
1505 1313 1638 1392 notario,
1657 1313 1680 1377 t.
1693 1315 1884 1382 Controcnn,
1895 1313 1925 1375 C.

286 1421 436 1464 onerosus
458 1407 505 1464 est
518 1421 575 1484 por
612 1421 706 1483 quem
731 1403 856 1482 utrique
881 1397 1077 1464 contrahenti
1131 1405 1167 1467 de
1180 1405 1241 1488 fide
1254 1407 1389 1468 instrum.
1403 1405 1593 1485 quandoque
1604 1403 1784 1465 vestiuntur
1799 1404 1871 1483 ipsa
1884 1422 1926 1480 re,

285 1490 458 1569 imponitur
472 1508 561 1568 onus,
578 1490 756 1571 diciturque
768 1491 864 1550 etiam
878 1493 1017 1564 mutuus,
1029 1504 1077 1546 re·
1132 1495 1207 1574 quia
1220 1495 1261 1555 ad
1282 1495 1422 1555 valorem
1441 1492 1487 1554 rei
1509 1491 1558 1554 vel
1583 1491 1858 1570 complementum
1884 1490 1926 1552 sui

287 1579 447 1660 cspronus,
484 1579 689 1658 respecfivus,
727 1577 912 1640 Lucrativus
939 1579 988 1638 est
1020 1591 1079 1656 per
1132 1585 1296 1664 requirunt
1316 1582 1542 1645 traditilionem
1556 1580 1676 1658 rei,·uli
1696 1580 1843 1657 donatio,
1859 1598 1928 1659 pre·

286 1686 381 1748 quem
403 1667 598 1730 solummodo
623 1667 676 1728 uni
701 1667 953 1728 contrahentium
976 1665 1079 1743 impo·
1131 1672 1274 1749 mutatio,
1304 1670 1548 1745 commodatum,
1578 1669 1771 1747 precarium,
1805 1667 1928 1748 deposi-

285 1756 370 1817 nitur
396 1774 486 1833 onus,
516 1755 562 1817 uti
587 1759 635 1818 est
660 1755 787 1816 donatio
809 1757 983 1833 acceptata,
1006 1770 1077 1832 quae
1131 1765 1210 1836 tum,
1225 1758 1350 1838 pignus,
1370 1758 1561 1837 hypotheca.
1579 1755 1721 1836 Denique
1736 1754 1926 1837 quandoque

285 1844 387 1904 solum
412 1842 597 1905 donatorem
625 1843 744 1923 obligat
770 1842 811 1903 ad
835 1840 1075 1918 extrudendum,
1131 1846 1308 1908 vestiuntur
1330 1845 1510 1918 adhaesione
1531 1844 1573 1904 ad
1595 1843 1693 1904 olium
1716 1847 1925 1920 contractum,

286 1929 450 1994 donatario
465 1933 571 1992 autem
590 1930 709 1991 nullum
724 1929 858 2010 imponit
879 1947 969 2007 onus,
986 1929 1078 1990 solet·
1131 1933 1207 2014 quia
1220 1952 1333 2012 nempe
1348 1932 1540 2014 adjiciuntur
1558 1931 1647 1993 elteri
1663 1931 1847 1994 contractui
1862 1949 1927 1992 ves·

286 2039 347 2100 que
362 2018 435 2100 poni
451 2019 578 2081 donatio
593 2035 650 2098 pro
672 2019 782 2097 regule
796 2021 1015 2079 contractuum
1028 2017 1077 2080 lu·
1130 2021 1198 2098 tito,
1221 2026 1252 2083 et
1272 2022 1311 2082 de
1331 2020 1379 2082 his
1403 2019 1549 2081 omnibus
1567 2037 1699 2098 agemus
1722 2023 1849 2098 postea,
1874 2035 1926 2096 po-

285 2109 488 2184 crntivorum,
506 2107 579 2188 quia
593 2107 625 2167 in
646 2106 731 2167 omni
746 2110 908 2168 contractu
923 2105 1076 2167 lucrativo
1130 2112 1253 2189 testque
1269 2110 1364 2172 etiam
1378 2108 1478 2170 videri
1493 2110 1573 2170 Onu.
1589 2105 1620 2168 d.
1637 2111 1667 2185 2,
1683 2115 1750 2170 sect.
1767 2111 1807 2181 5;
1824 2106 1857 2168 in
1871 2106 1925 2168 hoo

286 2201 334 2258 est
360 2196 508 2272 donatio,
538 2195 588 2256 vel
616 2194 704 2276 quasi
733 2195 878 2268 donatio;
916 2213 933 2255 e
967 2198 1078 2255 contra
1132 2200 1236 2259 autem
1251 2197 1407 2277 praecipue
1423 2196 1571 2258 dillernnt
1585 2195 1617 2257 hi
1633 2199 1831 2272 contractus,
1845 2193 1924 2275 quod

286 2283 403 2364 emptio
418 2283 613 2363 poniturpro
635 2283 746 2362 regula
766 2300 983 2360 onerosorum,
1003 2283 1078 2363 quie
1130 2285 1235 2349 vestiti
1257 2286 1382 2364 pariant
1400 2285 1556 2348 actionem
1579 2283 1612 2344 in
1637 2283 1705 2345 foro
1731 2287 1877 2360 externo,
1896 2281 1924 2342 id

285 2373 318 2434 in
345 2372 429 2434 omni
453 2375 615 2434 contractu
644 2388 776 2432 oneroso
800 2375 847 2432 est
871 2371 999 2450 emptio,
1027 2369 1077 2430 vel
1132 2379 1197 2450 est,
1224 2373 1276 2453 jus
1306 2372 1338 2433 in
1360 2371 1480 2454 judicio
1513 2370 1722 2452 persequendi
1748 2370 1813 2432 hoc
1846 2369 1925 2450 quod

286 2462 374 2542 quasi
390 2461 519 2540 emptio,
540 2460 584 2522 uti
608 2464 692 2522 recte
715 2461 836 2521 Onnote
859 2459 889 2522 d.
906 2463 955 2535 et,
971 2479 1002 2520 n.
1023 2461 1073 2534 29,
1132 2461 1191 2523 sibi
1212 2461 1361 2537 debetur,
1384 2459 1484 2522 instit.
1515 2460 1562 2520 tit.
1587 2459 1623 2520 de
1644 2457 1834 2520 actionibus:
1857 2475 1925 2519 oon·

286 2550 335 2612 ott
347 2571 364 2612 α
378 2570 408 2613 n.
426 2551 474 2626 13,
491 2548 559 2609 fuse
573 2547 688 2627 probat
708 2551 888 2610 contractus
906 2547 1077 2608 lucrativos
1132 2553 1249 2612 tractus
1264 2553 1369 2612 autem
1384 2549 1459 2610 nudi
1474 2547 1685 2610 communiter
1698 2547 1846 2626 gaudent
1864 2545 1925 2607 sola
1988 2569 1989 2572 ¹

286 2656 354 2700 esse
382 2637 487 2699 stricte
515 2639 714 2711 contractus,
745 2634 919 2714 quievere
952 2633 1079 2713 pariunt
1132 2638 1314 2717 exceptione
1333 2637 1398 2699 sive
1419 2639 1574 2716 potestate
1597 2654 1631 2697 se
1654 2635 1765 2697 tuendi
1798 2635 1830 2696 in
1859 2651 1924 2712 pos-

286 2727 510 2807 obligationem
540 2723 669 2805 justitie
702 2723 955 2800 commutativae,
993 2721 1078 2802 quod
1132 2726 1269 2788 sessione
1292 2745 1350 2806 per
1375 2728 1547 2801 actionem,
1574 2741 1645 2804 quae
1667 2728 1815 2801 vocatur,
1836 2741 1925 2804 pres-

286 2816 383 2878 etiam
392 2815 484 2876 nudae
497 2810 696 2894 promissioni
709 2811 866 2888 convenit,
878 2830 952 2873 nam
966 2811 1078 2872 saltem
1132 2813 1233 2895 ereptis
1247 2814 1349 2892 undu,
1367 2813 1390 2875 t.
1406 2812 1632 2894 lanipendium,
1649 2812 1668 2891 5
1681 2811 1733 2873 sed
1749 2832 1818 2873 cum
1832 2809 1920 2886 naid,

286 2907 395 2967 causat
408 2901 635 2980 exceptionem,
648 2917 717 2980 quae
729 2902 776 2960 est
786 2899 921 2961 exclusio
933 2896 1075 2975 actionis,
1131 2901 1167 2982 ff.
1183 2902 1219 2963 de
1238 2903 1345 2984 pactis.
1367 2899 1447 2963 Dixi
1460 2900 1680 2977 communiter,
1710 2918 1787 2960 nam
1808 2899 1840 2959 in
1863 2898 1923 2977 qui·

286 2998 318 3053 et
332 2989 420 3072 quasi
436 2989 517 3051 actio
531 2987 564 3048 in
578 2987 645 3048 loro
661 2989 789 3049 externo
808 3004 814 3048 :
832 2986 946 3047 deinde
965 2987 1078 3048 saltem
1131 2989 1254 3052 busdan
1269 2990 1345 3051 locis
1359 2989 1455 3051 etiam
1475 2988 1602 3067 pariunt
1624 3005 1682 3067 pro
1706 2987 1777 3048 foro
1801 2989 1921 3048 externo

286 3079 311 3142 si
327 3079 490 3154 vestiatur,
512 3078 622 3138 causat
638 3092 747 3136 veram
766 3073 933 3152 actionem,
950 3073 995 3136 uti
1014 3079 1079 3135 sta·
1133 3078 1313 3155 notionem,
1345 3077 1390 3138 uti
1425 3093 1498 3137 oum
1533 3075 1603 3136 aliis
1635 3078 1725 3138 notat
1749 3076 1814 3138 llis.
1850 3083 1872 3136 t.
1892 3077 1919 3151 l,

286 3169 344 3231 tim
358 3167 507 3230 dicetur.·
1133 3167 1162 3228 d.
1179 3171 1209 3244 ἓ,
1225 3185 1255 3227 n.
1271 3167 1341 3229 stt.
1362 3166 1530 3244 Potestque
1553 3162 1654 3226 rideri
1673 3163 1771 3227 etiam
1800 3165 1879 3228 Onu.
1904 3180 1922 3224 o

218 3267 260 3312 ses
326 3257 387 3336 §t
405 3255 492 3318 Alius
506 3255 542 3316 stt
562 3253 594 3314 in
613 3251 749 3333 gratiam
768 3251 864 3313 solius
885 3249 1076 3332 recipientis,
1132 3273 1163 3316 n.
1184 3255 1252 3316 tta.

286 3345 331 3406 uti
353 3346 513 3416 mutuum;
530 3340 610 3403 elius
633 3341 665 3402 in
688 3339 823 3421 gratiam
842 3339 938 3402 solius
961 3337 1076 3416 dantis,
1173 3342 1234 3421 57.
1250 3342 1444 3418 Contractus,
1460 3339 1540 3402 alius
1563 3339 1678 3404 dicitur
1695 3359 1809 3421 purus,
1826 3339 1921 3422 quilii
1940 3333 1969 3378 ⁵⁸³

286 3431 332 3494 uti
356 3430 553 3511 depositum3
584 3429 663 3491 elius
691 3428 722 3490 in
750 3427 887 3509 gratiam
914 3427 1078 3508 utriusque
1133 3428 1285 3507 absolute,
1302 3429 1382 3491 alius
1405 3446 1467 3490 non
1482 3447 1591 3508 purus,
1615 3427 1668 3509 qui
1687 3431 1724 3492 tit
1743 3429 1805 3493 sub
1823 3429 1918 3509 aliquo

287 3519 513 3598 contrahentis,
530 3518 575 3580 uti
590 3518 719 3596 emptio.
1133 3515 1245 3594 modo,
1265 3535 1296 3579 v.
1312 3536 1345 3598 g.
1360 3517 1419 3578 sub
1435 3516 1625 3595 conditione,
1643 3517 1687 3580 uti
1707 3517 1919 3600 inquestione

220 3624 261 3668 ses
326 3611 392 3688 §5-
417 3607 505 3669 Alius
525 3606 639 3668 dicitur
652 3606 744 3668 bonoe
764 3605 849 3682 tldei,
877 3605 956 3667 alius
979 3604 1079 3668 stricti
1133 3621 1199 3684 seq.
1216 3603 1432 3684 explicabitur.

284 3697 389 3779 juris:
412 3695 504 3758 bonne
525 3694 598 3756 fidei
618 3697 666 3756 est
687 3693 720 3754 in
741 3711 815 3775 quo,
835 3692 861 3755 si
885 3693 1006 3756 oriatur
1023 3692 1080 3756 du·
1172 3693 1233 3772 58.
1259 3693 1470 3755 Celeberrime
1490 3691 1602 3754 divisio
1630 3697 1814 3758 contractus
1832 3695 1877 3756 est
1891 3691 1918 3753 in
1938 3677 1967 3726 ⁵⁸¹

287 3785 394 3862 bium,
419 3782 580 3866 judicatur
607 3799 669 3843 non
698 3781 873 3843 secundum
902 3782 1000 3844 verbe
1029 3801 1079 3843 ex·
1133 3779 1328 3843 nominatum
1343 3785 1374 3844 et
1393 3780 1634 3843 innominatum.
1667 3784 1854 3846 Nominatus
1878 3783 1918 3842 est

287 3890 406 3952 pressa,
424 3875 508 3933 etex
526 3871 630 3950 rigore
646 3870 786 3951 justitiae,
803 3871 858 3932 sed
880 3890 917 3932 ex
939 3889 1029 3952 aequo
1049 3875 1080 3934 et
1134 3869 1187 3948 qui
1197 3868 1462 3950 habetproprium
1472 3886 1599 3948 nomen,
1616 3870 1662 3932 uti
1673 3871 1827 3950 venditio,
1843 3886 1918 3948 emp

287 3962 370 4022 bono
386 3960 559 4022 secundum
572 3963 795 4038 praesumptam
806 3963 944 4021 mentem
959 3963 1079 4022 contra·
1133 3957 1388 4036 tio,depositum.
1411 3959 1639 4037 innominatus,
1670 3960 1724 4040 qui
1746 3979 1812 4023 non
1834 3958 1918 4022 hehet

288 4045 442 4122 hentium,
459 4045 534 4126 quin
556 4063 669 4124 nempe
693 4047 927 4123 presumuntur
944 4045 1079 4107 voluisse
1133 4045 1295 4125 proprium
1313 4064 1439 4124 nomen,
1464 4048 1521 4109 sed
1537 4047 1623 4110 venit
1636 4048 1765 4110 nomine
1787 4045 1917 4130 generali

288 4137 359 4212 hoo,
383 4135 469 4214 quod
488 4131 631 4193 homines
654 4131 734 4213 aequi
759 4137 791 4194 et
811 4132 886 4194 boni
909 4131 940 4192 in
961 4131 1080 4192 eisdem
1134 4133 1358 4211 conventionis,
1374 4133 1470 4214 pacti,
1491 4135 1758 4212 commutationis,
1776 4143 1835 4200 eto.
1852 4137 1917 4197 Pos-

288 4225 368 4286 velle
391 4223 493 4284 solent
516 4220 691 4282 secundum
715 4221 801 4300 leges
825 4220 930 4284 taliter
953 4225 1079 4282 contra·
1133 4223 1206 4283 sunt
1228 4225 1333 4284 autem
1348 4225 1527 4286 contractus
1541 4223 1728 4285 innominati
1749 4225 1819 4286 lieri
1833 4221 1917 4286 variis

289 4311 449 4383 hentium3
466 4307 544 4369 tales
568 4311 747 4370 contractus
770 4311 843 4370 sunt
863 4307 990 4386 emptio,
1007 4325 1080 4368 ven·
1134 4310 1247 4387 modis,
1264 4311 1327 4373 uti:
1343 4310 1392 4390 do,
1409 4320 1442 4372 ut
1455 4309 1517 4382 des,-
1539 4311 1588 4390 do,
1604 4321 1637 4374 ut
1649 4312 1744 4395 sonos
1759 4332 1770 4374 :
1785 4313 1870 4394 sono,
1888 4317 1916 4371 ut

290 4399 377 4474 ditio,
394 4401 426 4460 et
439 4395 503 4474 alii,
520 4414 599 4477 qnos
613 4402 757 4458 recenset
769 4396 964 4460 iustinianus
978 4396 1077 4459 Instit.
1134 4395 1195 4467 des,-
1217 4399 1306 4479 focio,
1326 4409 1360 4462 ut
1382 4399 1489 4482 saeue:
1511 4400 1533 4464 l.
1554 4401 1724 4470 Naturalis,
1748 4401 1786 4483 ff.
1803 4402 1837 4465 de
1845 4417 1916 4484 pre·

290 4487 336 4548 tit.
359 4484 394 4546 de
411 4483 583 4560 actionibus,
606 4487 636 4546 et
655 4485 695 4545 ad
716 4484 774 4545 hos
798 4483 932 4544 retertur
954 4503 1080 4566 permu·
1133 4487 1232 4570 smpt.
1265 4487 1368 4551 vertis.
1393 4489 1473 4552 Fieri
1503 4490 1598 4553 etiam
1622 4495 1754 4569 possunt
1777 4487 1914 4572 oppositis

290 4574 386 4648 tati03
404 4573 479 4635 item
493 4575 674 4634 contractus
694 4591 713 4632 a
728 4571 873 4651 Principe
887 4569 967 4646 initi,
989 4572 1080 4653 juxta
1134 4577 1257 4638 modis:
1274 4575 1321 4655 do,
1338 4585 1371 4638 ot
1384 4597 1443 4639 noo
1456 4577 1573 4658 facias,-
1587 4577 1746 4660 confacio,
1770 4589 1804 4642 ut
1823 4577 1915 4660 satim

291 4663 390 4725 Gloss.
407 4661 439 4721 in
455 4661 477 4722 l.
487 4660 690 4743 princepali.
713 4659 1079 4742 recensenturque
1133 4662 1221 4745 sono,
1238 4663 1520 4744 utnonfncins,etc.
1537 4664 1578 4726 do
1593 4682 1719 4743 munus,
1736 4670 1772 4728 ut
1788 4684 1847 4729 non
1861 4663 1915 4726 exi·

290 4751 330 4812 de
358 4750 502 4811 omnibus
530 4749 590 4810 illis
618 4749 802 4829 intelligitur
828 4751 949 4828 Regula
975 4749 1078 4827 Juris,
1134 4771 1190 4832 gas
1209 4752 1360 4825 debitum;
1377 4771 1440 4815 non
1462 4753 1553 4832 exigo
1571 4753 1724 4832 debitum,
1741 4758 1778 4817 ut
1795 4755 1847 4817 des
1859 4769 1913 4813 mu·

290 4839 375 4919 quod
396 4839 428 4898 in
446 4836 637 4900 contractibus
655 4837 734 4898 tonte
752 4835 826 4918 fidei
840 4836 881 4898 sit
907 4837 971 4899 tota
990 4837 1081 4898 inter-
1135 4857 1210 4912 nus;
1227 4855 1290 4899 non
1309 4838 1399 4918 exigo
1415 4838 1567 4916 debitum,
1591 4842 1626 4900 ut
1639 4857 1697 4919 pro
1716 4858 1769 4902 me
1792 4841 1911 4909 laborest

286 4927 435 5008 protetio,
466 4927 496 4988 io
523 4925 698 4988 testamentus
726 4924 830 5004 latior,
861 4925 892 4987 in
917 4925 1081 5008 priviteqiis
1133 4925 1254 5003 laboro,
1275 4929 1310 4988 ut
1330 4943 1392 4987 non
1414 4925 1522 5007 exigas
1537 4926 1689 4990 debitum.
1707 4930 1840 4992 Possunt
1851 4942 1913 5009 quo

291 5015 446 5076 tutissima.
1135 5033 1195 5096 que
1210 5016 1389 5076 contractus
1399 5013 1552 5078 nominati
1566 5015 1693 5077 misceri
1707 5035 1782 5078 curn
1796 5011 1914 5078 innomi·

224 5127 265 5174 sm
330 5105 397 5184 §e
424 5101 512 5166 Alius
534 5102 649 5164 dicitur
672 5101 785 5179 nudus,
811 5099 864 5183 qui
888 5099 1029 5164 consistit
1049 5101 1081 5163 in
1133 5103 1188 5164 tis:
1206 5101 1309 5165 dotibi
1324 5103 1409 5164 mille
1424 5106 1456 5165 et
1469 5103 1554 5165 hunc
1569 5123 1721 5184 pannum,
1738 5104 1855 5168 utmihi
1867 5101 1912 5162 des

291 5191 377 5253 nuda
395 5189 602 5253 conventione
625 5209 681 5252 seu
704 5193 808 5270 pacto,
833 5189 879 5251 uti
902 5188 1078 5268 promissio,
1135 5182 1912 5263 illamdomum‚tumquecensetureontrectusno·

291 5279 419 5358 emptio,
443 5278 593 5357 venditio,
615 5296 738 5355 census,
760 5277 929 5353 cambium,
953 5277 1078 5355 locatio,
1135 5270 1271 5330 minatus
1285 5269 1484 5347 venditionis,
1498 5270 1572 5351 quia
1585 5271 1665 5334 ratio
1679 5271 1774 5352 pretii
1788 5269 1907 5350 superat

292 5365 470 5444 conductio,
499 5366 636 5449 sponsio,
659 5365 762 5443 ludus,
787 5365 930 5444 societas,
958 5383 1079 5426 essecu·
1136 5361 1278 5420 econtra
1307 5357 1332 5418 si
1354 5364 1519 5448 superaret
1532 5378 1583 5421 res
1597 5379 1668 5448 quae
1683 5379 1747 5423 non
1767 5357 1911 5428 escstnce
