4032 6340
631 519 749 584 LIBER
768 516 949 595 tuamne,
973 513 1075 579 PARS
1096 515 1122 577 1.
1657 509 1697 570 te

67 711 143 789 Quod
164 711 189 773 si
212 712 372 792 petulum
391 709 548 773 sufficiens
571 725 632 770 non
657 706 845 783 advehatur,
902 701 1035 768 ιιειιείιε
1050 703 1154 763 castra
1171 719 1177 761 :
1194 702 1224 761 l.
1242 697 1321 772 Ouia
1334 697 1480 759 nonsunt
1493 694 1610 772 hostes,
1624 709 1696 756 cum

67 805 171 882 velpar
188 799 333 880 inopiam
348 799 410 861 emi
425 817 485 860 non
499 797 610 878 possit,
633 795 750 876 pabula
769 795 848 855 fiunt
902 810 936 854 se
955 789 1166 866 submiserint,
1193 803 1295 867 neque
1319 784 1409 848 aliter
1431 781 1593 864 promeriti
1622 785 1697 844 sunt

19 883 21 960 ὲ
67 890 240 966 εοιιιιιιιιιιίε,
257 889 305 950 ita
318 885 443 964 Ανειιει,
460 889 611 968 putatque
626 883 848 946 Lessinsetiam
902 883 1046 954 mortem,
1063 877 1108 937 uti
1123 893 1265 954 suppono
1282 893 1290 948 ς
1308 879 1355 935 εει
1369 876 1476 935 ειιιειιι
1494 871 1636 932 illicitum
1650 869 1696 930 in·

19 963 21 990 '
65 981 92 1042 in
110 977 193 1058 gravi
215 977 406 1039 necessitate
429 975 547 1038 licitam
578 993 645 1038 esse
672 970 848 1052 pabulatio-
902 972 1051 1028 nocentes
1065 961 1197 1042 positive
1212 966 1243 1024 et
1254 961 1372 1022 directe
1383 960 1537 1035 occidere,
1548 957 1633 1039 qnod
1643 954 1695 1018 bic

66 1085 136 1145 nem,
160 1064 335 1127 dnmmodo
357 1063 411 1124 uni
435 1081 498 1124 non
520 1065 702 1124 auferantur
730 1057 845 1134 omnia,
902 1054 992 1117 tieret
1014 1051 1145 1132 positive
1170 1049 1314 1129 negando
1347 1048 1497 1110 alimenta
1519 1044 1698 1108 necessaria

66 1153 112 1215 sed
132 1157 275 1214 servetur
296 1151 472 1233 proportio,
499 1155 533 1214 ut
556 1168 665 1212 omnes
686 1147 849 1228 aequaliter
903 1146 935 1202 et
955 1140 1073 1203 directe
1096 1138 1315 1218 impediendo,
1340 1155 1379 1198 ne
1404 1135 1560 1215 accipiant
1581 1149 1693 1212 :ergo

19 1309 20 1312 Ἴ
67 1242 200 1303 damnum
219 1241 410 1320 patiantur:
427 1243 500 1302 sunt
516 1243 622 1302 tamen
642 1235 756 1318 (inquit
776 1239 848 1296 Ars-
903 1232 933 1289 2.
952 1229 1007 1289 Est
1021 1227 1161 1288 illicitum
1176 1227 1259 1287 lame
1274 1242 1405 1286 enecare
1421 1223 1538 1284 amicos
1557 1222 1698 1284 obsesso-

19 1375 20 1378 *
67 1329 361 1410 deksupraq.'l),qni
372 1328 596 1390 existimantes
607 1322 766 1387 communi
776 1341 848 1384 oon·
903 1335 986 1386 rum,
1003 1316 1029 1376 si
1044 1315 1076 1375 hi
1091 1315 1160 1376 illos
1174 1314 1206 1375 in
1221 1314 1332 1375 urbem
1350 1312 1489 1391 recipere
1509 1328 1572 1372 non
1587 1308 1694 1386 velint,

67 1413 214 1479 suetudine
228 1416 429 1478 licitamesse
439 1415 684 1495 pabulationem,
696 1417 848 1494 tanquam
903 1403 944 1465 ad
958 1403 1044 1484 quod
1058 1420 1120 1463 non
1134 1407 1292 1478 tenentur,
1315 1401 1341 1462 si
1361 1400 1504 1462 laborent
1517 1397 1623 1477 inopia
1642 1414 1697 1460 an·

68 1523 134 1568 onus
144 1521 316 1565 commune
330 1503 534 1583 praediorum,
551 1502 677 1582 quando
693 1517 750 1582 pro
767 1499 848 1560 utili-
903 1509 993 1553 nonae
1010 1512 1017 1554 :
1035 1509 1109 1570 ergo
1125 1491 1267 1552 similiter
1277 1490 1309 1551 in
1323 1493 1429 1551 nostro
1440 1505 1525 1564 casu,
1536 1486 1602 1547 sive
1612 1483 1697 1547 enim

67 1597 120 1656 tata
140 1591 315 1654 Prorinciae
339 1591 456 1652 bellum
479 1591 618 1670 geritur3
644 1607 746 1669 neque
774 1605 848 1648 con·
902 1577 989 1658 prius
1013 1578 1175 1638 fuerintin
1191 1580 1283 1654 urbe,
1306 1577 1372 1638 sive
1396 1575 1522 1637 aliunde
1542 1574 1696 1653 cogantur

67 1678 231 1742 damnanda
245 1681 307 1756 est,
325 1679 428 1759 inquit
440 1677 565 1756 Loesius,
591 1677 745 1738 sententia
763 1693 849 1736 esse-
902 1666 943 1727 ad
957 1665 1209 1745 ingrediendum,
1223 1663 1438 1743 estparratio.
1455 1666 1486 1723 3.
1503 1662 1535 1726 Si
1551 1659 1694 1726 obsiden-

68 1787 127 1829 rens
140 1767 251 1830 divites
264 1766 845 1848 meritoposseserregravioraonera,
901 1756 949 1814 iet
970 1753 1170 1814 innocentem
1191 1751 1290 1812 filium
1313 1751 1415 1828 illius,
1438 1749 1491 1831 (1ὓὶ
1517 1753 1697 1830 Psilllussffli

67 1857 128 1939 quja
140 1875 158 1918 a
171 1855 302 1935 praedijs
324 1854 390 1917 suis
412 1858 484 1934 post
504 1854 621 1916 bellum
636 1853 758 1934 majora
773 1869 848 1932 quo.
901 1840 1024 1918 urbem,
1041 1841 1157 1902 vellent
1171 1838 1375 1918 suspendere,
1397 1838 1456 1900 nisi
1480 1843 1569 1916 pater
1582 1837 1696 1917 guber-

67 1963 117 2026 que
129 1943 296 2006 cmmoda
310 1943 439 2004 habent,
901 1935 992 1992 nator
1006 1929 1112 1990 statim
1127 1928 1237 1990 urbem
1251 1927 1401 2002 traderet,
1413 1931 1545 2006 agerent
1560 1923 1693 2004 injuste:

98 2033 151 2114 §t
166 2032 339 2111 Religioni,
362 2035 417 2093 aut
440 2031 492 2093 alii
513 2031 641 2108 Clerici,
665 2029 718 2111 qui
742 2028 847 2110 quoad
902 2036 978 2097 ergo
993 2017 1136 2080 similiter
1156 2016 1182 2076 si
1203 2015 1285 2077 fame
1306 2016 1451 2078 occidant
1464 2015 1523 2076 hos
1536 2013 1692 2093 expulsos.

68 2121 222 2202 spiritualia
236 2119 382 2183 serviunt
395 2119 556 2198 militibus,
573 2124 705 2199 possunt
719 2117 799 2179 sicut
814 2116 846 2178 hi
901 2109 951 2170 ΑΗ
974 2109 1081 2168 aulem
1109 2104 1203 2167 liceat
1229 2102 1384 2183 ssjUSOEOdl‘
1411 2119 1554 2181 08188505
1580 2101 1696 2164 iiffllm

68 2211 243 2290 arriperent
254 2207 393 2269 retinere
403 2208 503 2288 spolia
519 2207 667 2284 hostium,
687 2206 762 2286 quia
774 2205 848 2268 sunt
901 2195 1089 2273 compellere
1103 2194 1136 2254 in
1151 2192 1273 2268 urbem,
1290 2190 1355 2253 vide
1368 2189 1447 2252 dieto
1466 2209 1547 2252 nam.
1563 2189 1633 2252 833.
1650 2191 1696 2252 Dc

67 2316 128 2378 pm
148 2295 317 2374 exercitus,
343 2315 381 2358 3.ss
403 2297 565 2376 patiuntur
587 2297 727 2376 pericula
749 2301 781 2359 gt
801 2295 847 2357 in.
896 2281 990 2364 justis
1002 2280 1104 2344 OEUSiS
1119 2279 1195 2344 belli
1210 2279 1282 2342 Vide
1298 2277 1451 2344 Giroiium
1466 2277 1487 2341 I.
1504 2280 1535 2355 2,
1551 2295 1577 2340 0.
1594 2280 1624 2340 Ξ.

68 2385 215 2450 commode
238 2403 315 2446 cum
338 2384 407 2446 aliis
433 2405 440 2446 :
463 2403 538 2464 ergo
560 2403 686 2465 aequum
713 2390 780 2462 εει,
811 2390 847 2446 ιιι

69 2477 147 2538 etam
167 2473 359 2554 participent
377 2471 553 2551 commode,
570 2473 643 2538 Mol.
667 2477 777 2553 baym.
794 2471 844 2536 Di·

69 2564 261 2661 carasco.
364 2646 371 2659 ,
701 2649 707 2664 ,
781 2650 843 2664 ..
1188 2579 1399 2642 atrurn.

99 2649 152 2730 §s
168 2651 199 2713 St
214 2649 294 2710 urbs
308 2651 445 2727 exposta
459 2664 554 2710 censa
572 2647 664 2710 detur
677 2648 845 2730 direptioni
1324 2704 1332 2722 ,

69 2735 176 2798 etierro
191 2735 262 2816 (per
285 2753 319 2796 se
341 2735 498 2814 loquendo
523 2740 554 2796 et
578 2734 721 2817 directe),
745 2737 845 2800 occidi

69 2843 120 2888 non
127 2829 254 2906 possunt
263 2825 460 2901 innocentes,
473 2824 547 2903 quia
557 2825 600 2885 nil
609 2825 843 2904 commiserunt,

70 2913 102 2974 ob
113 2912 189 2996 quod
209 2913 275 2974 sint
298 2911 364 2973 rita
381 2911 538 2990 privandi,
556 2933 657 2995 neque
672 2919 745 2978 sunt
759 2921 842 2994 actu,
1407 2969 1412 2981 .

69 3001 256 3080 relproximc
280 3015 497 3078 aggressores,
518 3000 588 3062 Fill.
613 3011 635 3062 t.
656 3007 705 3079 29,
722 3022 752 3064 n.
770 3006 843 3077 1913
1152 2969 1220 3034 N⁰²²
1233 2968 1434 3032 Moeckabem·

70 3091 133 3151 lton.
147 3087 181 3150 de
193 3095 264 3150 rest.
283 3086 314 3149 d.
329 3091 360 3163 2,
369 3107 399 3168 q.
412 3085 470 3148 ult.
483 3106 564 3149 num.
578 3093 626 3167 l'l,
638 3090 753 3170 aliique
763 3109 845 3152 com·
1120 3065 1188 3129 ΝΜ
1201 3068 1392 3149 mammii»
1408 3075 1461 3128 9ῖο·

71 3179 197 3240 muter.
213 3179 255 3240 nt
275 3175 420 3256 quamvis
434 3173 536 3237 timeri
555 3177 663 3256 possit,
685 3197 724 3240 ne
743 3177 844 3257 pueri,

71 3265 287 3333 siadnlescant,
312 3265 418 3326 hostes
431 3264 519 3342 fiant,
543 3283 605 3327 non
627 3266 697 3328 ideo
716 3271 848 3346 possunt
946 3259 1221 3341 «conjungebat
1240 3261 1302 3322 duo
1323 3266 1501 3341 praecepta,
1520 3262 1595 3346 quia
1609 3265 1693 3325 utro·
1722 3304 1764 3354 m

68 3353 122 3433 jam
143 3353 252 3431 occidi,
275 3353 353 3433 quia
374 3371 466 3413 nemo
488 3353 617 3432 ponitur
635 3356 676 3417 ob
698 3355 847 3417 delictum
902 3367 963 3432 que
978 3349 1062 3409 idem
1077 3349 1231 3426 explicite,
1248 3350 1299 3410 rel
1319 3350 1468 3429 implicite
1487 3351 1690 3430 prohibetur;

71 3441 201 3518 lustrum,
224 3441 366 3502 maxime
385 3441 430 3503 ita
452 3441 617 3520 incertum,
634 3443 707 3506 Mol.
729 3443 759 3505 d.
776 3447 844 3505 titt.
902 3437 1019 3498 scilicet
1042 3441 1173 3514 peccata
1194 3436 1398 3516 impudicitiae
1421 3444 1452 3500 et
1475 3440 1618 3503 luxuriae.
1639 3443 1695 3503 nst

72 3531 289 3610 tomeqnenter
305 3527 429 3589 ieminae
450 3533 482 3590 et
495 3530 652 3609 peregrini
667 3549 724 3610 per
736 3531 847 3592 transi·
902 3529 1008 3585 autem
1021 3521 1146 3583 luxuria
1159 3523 1356 3585 inordinatus
1371 3527 1537 3606 appetitus,
1554 3529 1604 3588 vel
1619 3545 1693 3590 ιιειιε

72 3621 125 3679 ιιιιι
135 3621 377 3694 commorantes,
394 3617 420 3678 si
439 3618 479 3678 ab
496 3618 619 3680 actione
633 3619 736 3682 hostili
753 3619 849 3681 absti-
902 3609 1130 3686 delectationis,
1147 3629 1202 3672 seu
1216 3629 1326 3673 sensus
1346 3615 1488 3692 venerei,
1505 3615 1558 3695 qui
1572 3616 1608 3678 lit
1621 3633 1693 3678 cnm

72 3705 191 3784 suerint,
218 3703 323 3768 occidi
347 3721 409 3766 non
437 3709 577 3784 possunt.
605 3705 700 3789 Coth.
736 3707 845 3770 Victor.
902 3698 1113 3761 commotione
1144 3698 1310 3777 spirituum
1336 3702 1532 3779 generationi
1556 3703 1694 3765 servien-

72 3791 132 3856 set.
145 3801 170 3856 et
185 3793 246 3854 atii
259 3790 481 3854 communiter.
498 3791 585 3854 ldem
603 3799 650 3856 est
668 3794 707 3855 de
721 3795 847 3856 Clericis
901 3787 991 3863 tium,
1008 3786 1093 3846 circa
1110 3793 1215 3866 partes
1234 3790 1373 3868 corporis
1396 3809 1566 3867 venereas;
1593 3793 1636 3855 ita
1659 3798 1696 3854 ut

72 3879 276 3959 stlteligiosis,
295 3879 370 3959 quia
391 3896 453 3939 non
476 3883 663 3958 reputantur
686 3899 753 3943 esse
774 3899 847 3960 pars
902 3874 1069 3954 appetitus,
1085 3877 1135 3936 rel
1154 3876 1377 3941 delectationes
1392 3879 1470 3948 aliae,
1488 3881 1583 3942 etiam
1598 3881 1694 3943 sensi·

72 3967 243 4047 lteipnblicae
260 3965 416 4028 hostiliter
429 3968 561 4046 agentis,
579 3986 651 4028 eum
672 3968 741 4048 ipsa
758 3987 848 4030 arma
901 3964 984 4039 tivae,
1001 3969 1056 4024 ant
1070 3964 1301 4042 sensitivorum,
1321 3968 1347 4027 si
1366 3973 1473 4030 tamen
1488 3987 1550 4031 non
1565 3969 1627 4032 sint
1640 3988 1695 4031 re·

73 4071 122 4116 non
134 4059 244 4136 gerant
259 4074 267 4115 :
284 4053 374 4133 pueri
392 4057 498 4114 tamen
518 4059 550 4115 ει
563 4055 687 4116 feminee
704 4057 848 4137 quamvis
902 4068 1017 4128 nerone,
1034 4058 1089 4112 aut
1103 4071 1320 4132 venerearum,
1345 4075 1403 4118 nec
1427 4058 1467 4118 ad
1491 4075 1529 4119 ea
1551 4059 1696 4120 ordinen-

73 4141 324 4219 sintinnocentes,
349 4145 479 4220 possunt
502 4143 534 4204 in
557 4143 771 4224 captivitatem
794 4145 847 4206 ab·
901 4143 963 4216 tur,
981 4157 1042 4200 non
1058 4141 1254 4218 spectentad
1277 4143 1444 4206 luxuriam.
1470 4148 1567 4208 Porro
1592 4151 1692 4222 actus,

73 4227 142 4310 duci,
156 4235 186 4293 et
198 4231 225 4292 si
239 4229 304 4292 sint
316 4229 468 4306 infideles,
481 4231 622 4294 servituti
638 4231 760 4313 subjici,
774 4233 848 4314 quia
901 4245 956 4289 seu
972 4232 1101 4307 peccate
1122 4229 1264 4307 luxuriae,
1285 4229 1521 4311 distinguuntur
1541 4234 1573 4294 in
1588 4234 1695 4316 imper·

74 4323 133 4381 sont
142 4337 213 4398 pars
227 4318 432 4398 Reipublicae,
445 4320 494 4380 vel
505 4319 591 4381 urbis
605 4321 742 4384 subactae
760 4341 766 4384 :
781 4328 848 4384 tota
901 4317 1001 4398 ferlot,
1018 4317 1050 4376 in
1064 4317 1177 4395 quibus
1192 4337 1255 4379 non
1269 4319 1437 4384 intervenit
1446 4322 1574 4384 ultimus
1587 4322 1694 4386 termi-

75 4407 163 4468 aotem
174 4404 365 4486 Respublica
379 4405 500 4468 hostilis
514 4413 660 4470 censetur
674 4427 742 4470 esse
756 4410 849 4488 puni·
902 4423 960 4466 nus
975 4421 1193 4482 venereorum,
1214 4424 1284 4487 quse
1299 4411 1346 4469 est
1359 4408 1475 4472 decisio
1494 4411 1638 4486 seminis3
1660 4415 1695 4474 ut

75 4490 132 4554 bilis
143 4494 173 4554 in
185 4493 277 4556 bonis
290 4495 436 4572 fortunas,
453 4513 587 4574 quorum
602 4497 777 4559 dominium
791 4499 849 4559 ha·
902 4495 975 4554 sunt
988 4498 1076 4553 actus
1090 4491 1204 4555 interni
1220 4494 1447 4558 desideriorum
1458 4503 1489 4560 et
1499 4499 1694 4562 oblationum

74 4576 218 4656 hatinies
241 4598 312 4660 quaa
333 4579 428 4642 etiam
451 4586 635 4644 numeratur
656 4583 795 4662 libertas,
817 4589 848 4644 et
901 4597 1108 4657 morosarom‚
1125 4581 1179 4662 qui
1192 4583 1335 4661 speciem
1349 4587 1691 4669 snmnntabobjectis:

76 4665 208 4730 ibetiem
229 4673 361 4748 possunt
377 4671 523 4746 parentes
536 4670 640 4748 puniri
655 4671 686 4731 in
708 4673 847 4752 prolibus
902 4671 934 4731 ει
946 4669 978 4729 in
988 4667 1133 4750 perfectos
1155 4687 1193 4730 ac
1210 4679 1431 4750 comemmotos,
1449 4675 1502 4755 qui
1523 4677 1694 4738 terminum

77 4755 484 4837 etmoribussois,iscitque
499 4757 847 4837 etiamtaliscaptivitas
898 4757 966 4837 jam
989 4756 1108 4817 dictum
1131 4757 1249 4820 habent
1275 4757 1470 4841 adjunctum.
1500 4762 1558 4835 Qui
1585 4781 1695 4825 rursus

77 4839 312 4938 pdmnntstem
326 4843 528 4922 capientium,
538 4847 708 4908 attollatur
717 4848 847 4908 facultas
901 4848 975 4906 sunt
989 4843 1148 4922 duplices:
1171 4845 1223 4906 alii
1248 4848 1331 4908 enim
1353 4852 1426 4910 aunt
1443 4849 1615 4930 naturales,
1641 4852 1694 4933 qui

77 4925 174 5008 niorto
186 4931 321 4992 nocendi
338 4950 346 4992 ε
362 4931 407 4993 ita
420 4932 537 4994 Victor.
555 4933 627 4995 ltlol.
645 4933 675 4994 d.
688 4937 763 5007 1203
776 4935 844 4996 Fill.
902 4935 1021 4994 naturae
1036 4951 1098 4993 non
1109 4938 1297 5013 repugnant,
1315 4953 1373 4998 nec
1385 4937 1489 5018 specie
1504 4939 1653 5002 differunt
1661 4939 1694 5002 in

78 5017 174 5114 ².²⁰.¹·
189 5018 319 5091 Quodsi
334 5018 469 5096 feminae,
494 5020 610 5101 aliique
630 5023 778 5100 gerendis
798 5039 848 5084 ar·
901 5020 1021 5082 ratione
1044 5021 1174 5082 luxuria
1190 5023 1258 5102 (etsi
1272 5041 1330 5102 per
1344 5024 1574 5088 deformitatem
1598 5045 1696 5108 snper

78 5105 238 5184 mmepti,
254 5105 319 5166 sint
333 5106 450 5184 expulsi
461 5126 499 5168 ex
513 5109 591 5169 urbe
606 5108 847 5172 obsessaobde-
901 5108 1042 5169 additam
1069 5109 1237 5189 aliquando
1266 5111 1369 5190 speeie
1398 5113 1567 5194 differant),
1598 5133 1629 5177 v.
1658 5132 1691 5194 g.

80 5181 177 5290 iccium
194 5210 347 5270 annonae,
368 5212 427 5255 nee
449 5213 520 5274 spes
543 5196 592 5272 sit,
609 5200 644 5258 ut
657 5196 698 5258 ab
713 5197 847 5260 obsessis
901 5194 1100 5272 adulterium,
1117 5195 1263 5273 incestus,
1281 5201 1340 5260 etc.
1357 5198 1418 5262 slii
1432 5199 1613 5262 innaturales
1622 5204 1696 5262 sunt

81 5280 350 5370 rospmturstiat
364 5280 413 5342 his
426 5283 560 5360 expulsis
570 5284 691 5345 nullum
701 5284 847 5348 obsiden—
900 5300 956 5345 seu
977 5291 1080 5346 contro
1093 5293 1242 5360 notorem,
1268 5285 1300 5346 in
1324 5286 1436 5366 quibus
1458 5287 1653 5350 conditiones
1673 5305 1695 5349 a

82 5355 320 5458 hboeimmineat
333 5367 515 5445 periculum,
541 5389 603 5431 non
625 5375 755 5450 possunt
769 5373 845 5435 deti-
900 5375 1012 5431 nature
1034 5371 1192 5446 instituta,
1218 5391 1248 5433 v.
1273 5391 1305 5451 g.
1331 5373 1477 5436 identitas
1495 5374 1622 5454 speciei,
1638 5389 1694 5436 ves

83 5457 145 5524 ten,
158 5455 190 5512 ut
210 5451 294 5514 lame
319 5459 457 5532 pereant,
482 5455 536 5519 sed
555 5456 754 5540 permittendi
774 5463 846 5524 sunt
900 5456 1050 5536 debitum,
1068 5463 1127 5522 etc.
1145 5478 1207 5521 non
1226 5468 1400 5525 serrantur.
1427 5463 1465 5525 lit
1488 5461 1520 5526 bi
1544 5463 1638 5530 ctiam
1661 5461 1693 5528 in

1050 2795 1087 2840 DE
1108 2793 1196 2840 SEXTO
1217 2794 1252 2839 El
1273 2792 1348 2838 noto
1369 2790 1535 2838 enAEctrro.
