4166 6346
313 544 374 607 438
968 540 1085 609 uleus
1106 541 1303 618 QUARTUS.

313 727 627 814 quenquenniumodte
638 727 851 810 Profectiones:
865 728 1108 792 adeoinhaeren-
1163 731 1283 793 ratione
1297 749 1352 793 seu
1367 730 1465 809 fumo,
1486 734 1521 794 ut
1534 729 1632 810 aiunt,
1649 747 1818 795 caussmm
1832 731 1958 796 restitu-
2069 781 2070 788 ι

313 819 389 881 dum
412 816 591 899 hujusmodi
614 816 783 878 sanctionis
811 817 923 879 litterae
951 819 1109 880 duxerunt
1163 818 1256 880 lionis
1265 821 1297 880 in
1307 820 1475 900 integrum,
1488 837 1527 882 ea
1540 821 1580 882 ab
1595 821 1775 900 Apostolice
1789 822 1871 884 Sede
1886 841 1957 884 con·

313 907 448 988 Majores
458 905 572 982 Nostri,
589 911 623 965 ut
632 905 690 966 sub
702 904 760 983 pise
771 923 864 966 mem.
874 906 1109 970 praedecessore
1164 909 1346 986 cedebatur,
1364 908 1512 970 nimirum
1525 908 1658 972 facultas
1673 910 1897 990 indulgebatur
1910 929 1956 972 re-
2069 893 2070 962 j

315 998 427 1070 Nostro
448 997 541 1074 Greg.
563 996 648 1073 Papo
668 995 737 1056 Xlll
756 993 919 1057 decretum
943 995 1049 1072 fuerit,
1073 1012 1110 1056 ao
1165 995 1371 1056 clamantibus
1393 995 1544 1057 adversus
1573 996 1803 1058 Prolessionem
1826 1002 1863 1060 ut
1886 998 1959 1059 lieet

314 1084 410 1146 veluti
420 1101 477 1163 pro
487 1083 597 1162 regula
610 1086 760 1144 statutum
769 1083 883 1144 nullius
891 1101 997 1145 oausae
1013 1083 1110 1144 intro·
1165 1083 1306 1161 elapsum
1320 1087 1403 1144 esset
1424 1083 1684 1164 quinquennium,
1701 1083 1906 1146 nibilominus
1919 1085 1958 1146 da

315 1173 495 1234 ductionem
509 1189 605 1250 super
618 1171 759 1232 nullitate
774 1171 990 1249 Prolessionie,
1004 1171 1110 1249 elapso
1164 1170 1246 1232 illius
1261 1171 1402 1233 nullitate
1416 1189 1523 1232 eoram
1532 1171 1695 1234 iudicibus
1707 1173 1959 1252 competentibus

315 1259 541 1342 quinquennio,
558 1257 787 1320 admittendam
801 1277 880 1337 esse,
898 1259 1020 1321 etiamsi
1035 1261 1112 1322 Pro·
1165 1258 1665 1339 acdonampromoverepossent3
1678 1261 1835 1342 precujus
1846 1261 1958 1344 judicii

315 1349 408 1410 fessio
422 1348 550 1426 pervim
558 1350 717 1410 etinctum
730 1347 813 1410 iacta
828 1348 999 1426 diceretur,
1014 1353 1111 1428 etque
1165 1346 1368 1409 instructione
1382 1346 1530 1428 deinceps
1545 1365 1564 1409 a
1579 1349 1749 1428 superiore
1765 1348 1915 1432 Regulari
1929 1352 1960 1412 et

316 1437 443 1518 probari
463 1437 558 1498 vellet
570 1435 751 1516 hujusmodi
766 1435 830 1497 vim
849 1441 880 1498 et
901 1440 1021 1499 metum
1042 1440 1108 1498 toto
1167 1435 1207 1496 ab
1219 1435 1465 1498 Ordinarioboci
1477 1435 1873 1515 leg'timuseontlciebatur
1885 1439 1960 1500 Pro·

316 1525 521 1608 quinquennii
535 1531 677 1602 tempora
691 1523 911 1602 permansisse.
928 1525 1034 1589 Verba
1048 1526 1110 1585 De·
1165 1543 1282 1601 cessus,
1306 1529 1402 1605 atque
1424 1525 1579 1588 sententia
1603 1543 1698 1605 super
1720 1525 1884 1589 validitate
1904 1527 1961 1588 aut

317 1614 392 1676 oreti
409 1614 489 1675 diet
505 1611 607 1676 Martii
617 1629 668 1672 en.
685 1613 762 1673 l598
772 1611 858 1688 editi,
875 1611 1112 1692 quaebabentur
1166 1613 1306 1674 nullitate
1317 1613 1486 1675 ferebatur.
1499 1614 1575 1686 Oura
1586 1631 1663 1674 sane
1675 1613 1842 1677 methodus
1857 1614 1885 1676 si
1899 1613 1959 1675 hoe

317 1703 430 1766 liceret.
449 1700 557 1782 Conpr.
571 1698 763 1776 Conc.,Tone.
775 1702 805 1775 9,
816 1699 874 1780 soi.
888 1701 1110 1777 55,toersunt:
1166 1699 1261 1761 etism
1289 1705 1429 1780 tempore
1450 1701 1482 1762 in
1506 1719 1564 1762 usu
1590 1707 1691 1780 esset,
1713 1707 1876 1781 oporteret
1899 1705 1961 1766 Nos

320 1790 443 1873 Gregor.
459 1787 543 1852 XII!
558 1807 596 1850 ee
609 1787 762 1851 Sententia
785 1787 893 1870 Conpr.
917 1788 1051 1852 Concitet
1062 1787 1113 1850 de·
1167 1805 1277 1849 eorum
1291 1790 1447 1869 praecipue
1462 1807 1532 1869 quae
1557 1790 1599 1853 ed
1614 1789 1794 1870 hujusmodi
1805 1790 1961 1871 judicium

317 1879 449 1941 claravit
460 1897 506 1940 eos
517 1877 572 1959 qui
581 1895 636 1958 per
653 1895 711 1938 orm
724 1884 751 1938 et
766 1886 873 1938 metum
886 1897 915 1939 se
927 1878 1112 1960 Religionem
1167 1878 1391 1956 consequentia
1404 1882 1478 1939 sunt
1490 1880 1644 1941 rationem
1658 1879 1792 1954 bebere;
1807 1897 1845 1941 ac
1858 1879 1961 1960 provi·

317 1967 459 2050 professos
477 1965 703 2048 praetenderent,
719 1966 780 2026 nisi
792 1965 872 2027 intre
884 1966 1114 2049 quinquennium
1168 1963 1242 2025 dere
1266 1983 1306 2026 ne
1321 1965 1413 2027 unius
1433 1970 1554 2028 tautum
1578 1967 1741 2030 sententia
1758 1968 1868 2048 vigore
1887 1970 1964 2030 Pro-

319 2055 556 2132 rectemnuerint,
571 2053 721 2136 metopon,
740 2072 868 2116 noneste
885 2053 1053 2123 audiendos,
1066 2063 1114 2116 ta·
1168 2053 1320 2115 lessiones
1335 2055 1505 2135 Regulares
1526 2055 1782 2117 dissolverentur.
1805 2056 1869 2120 Sed
1883 2055 1962 2117 alius
1997 2093 2000 2100 -
2069 2087 2070 2114 ι

318 2145 404 2207 metti
411 2145 572 2226 allegarent
584 2143 643 2206 uim
656 2152 686 2204 et
698 2151 806 2204 metum
817 2162 930 2225 semper
943 2143 1070 2206 durans.
1168 2141 1319 2204 hodierno
1340 2147 1482 2222 tempore
1506 2148 1554 2205 est
1581 2143 1658 2205 ordo
1687 2143 1795 2224 quiin
1822 2145 1961 2224 praetatis
2069 2183 2070 2196 ι

359 2253 374 2290 e
396 2235 438 2293 st
458 2247 533 2293 vero
560 2230 805 2309 procedentibus
827 2231 1032 2310 temporibus,
1049 2247 1112 2292 non
1168 2232 1321 2310 congreg.
1345 2249 1400 2292 seu
1414 2230 1635 2293 'tribunalibus
1657 2231 1762 2309 Urbis,
1778 2250 1837 2311 pro
1851 2249 1961 2293 oenoe
2069 2265 2070 2306 ι

320 2320 388 2382 sine
404 2318 499 2400 justis
522 2319 734 2398 gravibusque
749 2321 862 2397 causis,
878 2324 913 2381 ut
929 2320 1021 2399 plane
1044 2337 1113 2398 per·
1168 2317 1272 2379 denda
1284 2319 1479 2381 restitutione
1493 2319 1526 2380 in
1544 2319 1703 2398 integrum
1723 2320 1878 2382 adversus
1892 2319 1961 2400 lap·
2068 2333 2070 2358 l

321 2425 453 2470 suasum
473 2408 636 2483 habemus,
654 2407 816 2469 inductum
829 2407 898 2485 luit,
919 2415 954 2470 ut
967 2408 1114 2470 admitte-

321 2501 430 2558 rentur
452 2495 607 2559 instantiae
626 2513 684 2575 pro
702 2497 887 2559 restitutione
909 2497 941 2558 in
965 2500 1112 2579 integrum

320 2586 455 2647 muman
473 2585 588 2667 tapsum
605 2585 811 2668 quinquennii.

369 2697 384 2733 u
413 2676 457 2734 lie
486 2673 599 2753 quibus
626 2677 730 2734 umen
755 2673 909 2753 judicium
936 2674 1041 2736 lacere
1071 2673 1112 2735 ad

321 2761 533 2840 apostolicam
554 2760 668 2822 Sedem
691 2778 816 2839 semper
837 2761 991 2840 privative
1015 2762 1113 2841 perti·
1167 2757 1274 2834 misso,
1295 2757 1480 2837 proponitur
1498 2758 1627 2820 dubium
1647 2775 1742 2838 super
1760 2761 1962 2824 concessione

1168 2425 1237 2468 sum
1274 2407 1478 2488 quinquennii
1511 2409 1706 2470 observatur.
1743 2411 1824 2472 llam
1858 2409 1962 2490 prius-
2069 2439 2070 2488 l

1168 2512 1263 2574 quam
1287 2513 1382 2574 super
1402 2512 1439 2556 eo
1460 2494 1633 2575 quidquem
1654 2494 1853 2574 decernatur,
1877 2513 1963 2560 eom-
2068 2497 2070 2552 l

1167 2583 1302 2646 mittitur
1315 2582 1480 2645 Ordinario
1494 2583 1567 2645 Loci
1583 2586 1615 2644 et
1628 2583 1790 2661 Superiori
1814 2585 1961 2665 Regulari
2069 2591 2070 2624 l

1168 2674 1203 2731 ut
1215 2672 1397 2731 Processum
1412 2671 1594 2743 conficiant3
1610 2687 1711 2750 eoque
1722 2671 1850 2734 demum
1860 2681 1963 2736 trans·
2069 2667 2070 2748 Q

322 2850 400 2926 nuit,
415 2847 481 2910 sive
496 2865 532 2908 ex
546 2853 635 2926 parte
649 2847 794 2924 Prolessi,
810 2847 874 2908 sive
894 2867 932 2909 ex
950 2854 1039 2927 parte
1055 2851 1113 2910 lte·

322 2937 458 3018 ligionis,
481 2934 834 3015 instentiae‘hujusmodi
850 2940 1111 3016 proponerentur,

252 3029 256 3038 '
323 3045 360 3087 ao
373 3026 446 3086 licet
457 3024 525 3103 ipsa
539 3023 719 3084 reclamatio
730 3023 770 3084 ob
784 3023 1044 3102 impedimentum
1056 3042 1114 3104 per

322 3117 423 3177 totum
434 3111 680 3192 quinquennium
690 3129 894 3190 perseverans
909 3112 1005 3173 dilata
1018 3112 1114 3174 luisse

323 3201 490 3264 diceretur.
507 3201 572 3260 lloc
587 3199 670 3258 enim
680 3198 853 3260 remedium
864 3199 1067 3261 restitutionis
1082 3198 1114 3261 iu

324 3289 481 3369 integrum
504 3285 784 3348 extraordinarium
807 3287 837 3348 in
865 3286 938 3368 jure
964 3292 1111 3365 vocatur,

324 3375 414 3457 cujus
434 3373 624 3436 concedendi
639 3374 771 3436 facultas
784 3374 946 3438 iudicibus
960 3375 1116 3438 inferiori-

324 3465 383 3527 bus
402 3466 579 3542 competere
594 3462 712 3542 nequit,
734 3481 794 3523 non
818 3463 960 3525 obstante
976 3483 1116 3546 quacun·

324 3571 385 3633 que
404 3550 561 3612 contraria
573 3549 809 3628 consuetudine,
835 3550 931 3612 etiam
951 3551 1116 3614 immemo-

324 3637 425 3717 rabili,
437 3636 640 3717 autquolibet
656 3642 773 3699 asserto
788 3638 969 3718 privilegio;
986 3645 1021 3700 ut
1030 3645 1117 3720 petet

324 3743 362 3787 ex
376 3725 588 3806 compluribus
600 3725 631 3786 iu
646 3726 791 3786 eamdem
801 3727 988 3788 sententiam
1002 3730 1118 3789 Decre-

323 3814 363 3876 tis
386 3813 526 3894 ejusdem
549 3816 661 3893 Congr.
686 3813 771 3875 Trid.
791 3816 885 3877 Gouo.
910 3815 1114 3896 interpretis,

326 3922 395 3983 quse
410 3903 564 3964 recensita
581 3902 707 3964 luerunt
720 3903 751 3962 in
765 3903 898 3964 Decreta
914 3904 997 3966 edito
1012 3905 1062 3966 die
1077 3908 1115 3966 it

326 3993 412 4071 Sept.
440 3991 514 4051 anni
538 3994 634 4068 riso,
659 3991 691 4052 in
714 4009 810 4052 causa
834 4010 841 4050 ε
864 3991 965 4054 Siculo
987 3993 1117 4055 Restitu-

326 4080 413 4140 tr'onis
445 4078 476 4138 in
499 4077 675 4159 lntepnrm,
710 4080 793 4158 quod
831 4096 850 4140 a
880 4080 1116 4161 Nobismetipsis

328 4169 378 4228 die
401 4170 442 4229 28
473 4166 614 4246 ejusdem
638 4167 754 4228 mensis
781 4170 814 4228 et
839 4167 932 4244 anni,
958 4170 1116 4248 approba-

326 4263 393 4317 tum
420 4259 451 4317 et
478 4256 695 4316 confirmatum
723 4255 801 4332 fuit,
827 4255 974 4336 quodque
1000 4255 1116 4319 iterum

318 4342 527 4426 ,presentium
542 4345 649 4403 tenore
670 4343 883 4422 approbamus
906 4347 938 4404 et
951 4345 1118 4406 confirma-

327 4451 412 4504 mus;
428 4435 585 4492 reservato
596 4431 690 4492 Nobis
705 4438 737 4492 et
748 4432 987 4494 successoribus
997 4433 1117 4494 Nostris

329 4521 477 4584 Romanis
500 4518 700 4581 Pontificibus
717 4520 788 4601 jure
810 4519 1002 4582 concedendi
1026 4521 1118 4583 Ordi-

328 4607 423 4670 nariis
437 4611 469 4670 et
492 4605 709 4685 Superioribus
732 4607 907 4683 Looalibus,
931 4606 962 4667 in
988 4607 1119 4687 quibus-

328 4694 402 4756 dam
416 4693 624 4772 peculiaribus
643 4693 781 4771 casibus,
802 4695 984 4756 facultatem
1001 4695 1119 4757 exami-

329 4783 423 4843 nandi
438 4781 531 4843 etiam
550 4799 660 4842 cassas
674 4781 877 4843 restitutionis
892 4781 923 4842 in
939 4781 1116 4862 integrum,

329 4887 366 4931 ec
380 4887 475 4948 super
486 4869 560 4948 ipsis
574 4869 800 4948 pronunciandi
811 4873 980 4950 antequem
994 4870 1034 4930 ad
1049 4889 1120 4932 sen·

328 4957 460 5020 tentiam
468 4957 629 5018 ferendam
638 4971 733 5034 super
744 4957 948 5018 Prolessionie
958 4958 1119 5021 validitate

330 5048 385 5107 eut
395 5045 533 5106 nullitate
549 5043 725 5120 devenient,
737 5049 772 5105 ut
785 5060 846 5104 non
858 5043 953 5105 semel
969 5062 1007 5105 ex
1020 5049 1121 5124 Apos-

330 5133 431 5195 tolicae
453 5131 542 5194 Sedis
561 5131 790 5211 dispensatione
807 5133 924 5193 lectum
942 5131 1036 5194 fuisse
1057 5151 1120 5194 non

330 5221 521 5300 ignoremus.

369 5329 386 5364 u
414 5305 514 5386 Hujus
541 5309 646 5367 autem
670 5304 779 5386 judieii
807 5305 973 5368 methodus
996 5306 1121 5368 diversa

332 5393 490 5476 quondam
505 5393 563 5455 luit
577 5392 617 5453 ab
631 5410 669 5454 ea
684 5411 754 5472 quse
767 5392 798 5452 in
813 5393 959 5470 praesenti
974 5393 1122 5455 observe-

331 5487 392 5558 tur.
409 5481 555 5573 Antiquis
567 5481 651 5543 enim
666 5481 868 5568 temporibus,
885 5482 953 5544 visa
965 5481 1121 5566 probabili

1168 2844 1372 2907 restitutionis
1392 2847 1424 2906 in
1447 2846 1624 2926 integrum,
1649 2845 1744 2926 idque
1768 2865 1831 2908 non
1859 2850 1963 2912 minus
2069 2839 2070 2848 ³

1168 2937 1313 2994 accurate
1334 2950 1372 2993 ac
1385 2949 1493 2994 severe
1508 2932 1705 2994 examinatur
1725 2951 1763 2994 eo
1786 2935 1814 2996 si
1828 2934 1959 2998 dubium

1168 3020 1363 3100 propositum
1375 3025 1457 3082 esset
1466 3039 1561 3100 super
1570 3023 1640 3100 ipss
1649 3020 1810 3084 validitate
1825 3029 1883 3087 aut
1896 3024 1962 3086 uul-

1168 3110 1255 3171 litate
1279 3108 1493 3172 Prolessionis.
1518 3109 1551 3172 Si
1575 3114 1680 3172 autem
1703 3111 1803 3190 petita
1826 3111 1859 3173 in
1885 3114 1964 3176 iute-

1168 3217 1261 3278 grum
1275 3197 1429 3260 restitutio
1444 3199 1646 3275 concedatur,
1662 3203 1738 3261 tunc
1752 3199 1919 3264 ordinario
1933 3203 1965 3264 et

1170 3285 1329 3365 Superiori
1358 3285 1464 3347 Locali
1491 3286 1700 3348 committitur
1721 3291 1755 3350 ut
1777 3290 1963 3351 sententiam

1169 3375 1432 3456 proferantsuper
1444 3375 1659 3436 controversia
1671 3377 1878 3440 Prolessionie
1891 3377 1964 3438 vall-

1170 3462 1278 3524 ditate.
1305 3461 1367 3523 Sed
1392 3461 1535 3543 quumvis
1561 3463 1594 3522 in
1617 3461 1798 3542 hujusmodi
1822 3463 1965 3526 commis·

1170 3549 1310 3611 sionibus
1325 3551 1419 3629 plene
1439 3549 1498 3629 ipsi
1517 3549 1714 3629 relinquatur
1735 3550 1870 3613 facultas
1883 3551 1964 3632 judi·
2068 3577 2070 3634 ἑ

1171 3637 1262 3698 candi
1291 3639 1356 3700 sive
1375 3657 1432 3717 pro
1455 3637 1627 3712 validitate,
1653 3637 1719 3698 sive
1740 3655 1799 3717 pro
1823 3640 1965 3702 nullitate
2068 3637 2070 3712 Ἴ

1171 3725 1386 3802 Prolessionie,
1404 3728 1497 3806 prout
1512 3725 1587 3805 ipsis
1597 3723 1717 3806 justum
1732 3726 1835 3788 visum
1858 3727 1960 3805 luerit,

1171 3831 1229 3874 usu
1243 3815 1348 3875 temen
1364 3819 1560 3892 compertum
1575 3815 1623 3874 est
1644 3812 1731 3893 quod
1744 3831 1844 3896 quum
1868 3815 1961 3876 iidem
2068 3839 2070 3904 l

1171 3901 1246 3964 satis
1263 3900 1408 3963 noverint
1421 3918 1516 3981 quam
1532 3899 1672 3980 diligenti
1692 3905 1724 3963 et
1736 3902 1827 3981 graui
1844 3902 1963 3984 jndicio
2068 3935 2070 3968 ι

1171 3989 1255 4068 apud
1286 3988 1401 4050 Sedem
1428 3988 1641 4066 apostolicam
1673 3989 1822 4052 discussas
1850 3989 1964 4051 luerint
1995 3992 2002 4010 '
2066 4045 2070 4088 .-

1171 4094 1266 4139 causa
1279 4079 1495 4156 propterquas
1508 4075 1664 4139 restitutio
1678 4077 1711 4138 in
1722 4077 1882 4157 integrum
1892 4095 1963 4139 con·
2067 4089 2070 4110 ¹

1170 4182 1260 4225 cessa
1279 4163 1347 4239 luit,
1373 4163 1439 4225 viso
1462 4163 1614 4225 duntaxat
1634 4163 1814 4245 hujusmodi
1838 4183 1961 4228 conces·
2066 4155 2070 4200 ²

1170 4252 1267 4314 sionis
1276 4251 1427 4330 rescripto
1438 4269 1496 4312 nee
1510 4252 1649 4314 ulteriori
1664 4253 1806 4314 instituto
1820 4253 1962 4316 examine
2067 4243 2070 4262 ⁴

1171 4341 1212 4402 ad
1231 4339 1394 4410 ferendam
1421 4357 1477 4418 pro
1498 4340 1643 4412 nullitate
1666 4341 1872 4404 Prolessionie
1896 4359 1966 4404 sen·
2069 4381 2070 4384 κ

1171 4429 1302 4492 tentiam
1329 4432 1364 4491 ut
1390 4428 1560 4509 plurimum
1583 4428 1650 4490 sine
1673 4429 1871 4493 dubitatione
1894 4447 1964 4512 pro·

1173 4518 1300 4581 cedunt.

1211 4629 1225 4664 a
1244 4608 1438 4668 Aecuratum
1453 4603 1634 4686 hujusmodi
1649 4621 1779 4666 examen
1796 4623 1961 4669 nummum

1173 4694 1375 4758 restitutionis
1389 4693 1420 4753 in
1435 4693 1592 4772 integrum
1603 4693 1687 4772 apud
1701 4697 1852 4756 ltomanae
1866 4695 1963 4758 Curia

1172 4783 1299 4846 ludices
1318 4782 1350 4841 in
1371 4799 1458 4842 more
1479 4781 1616 4861 positum
1636 4797 1698 4842 non
1717 4781 1813 4843 modo
1830 4801 1894 4844 non
1909 4784 1965 4845 im·

1173 4872 1294 4930 matare
1318 4867 1525 4945 intendimus,
1553 4883 1664 4928 verum
1688 4867 1783 4929 etiam
1807 4873 1964 4950 approba·

1172 4957 1257 5019 tione
1281 4959 1393 5017 Nostra
1411 4955 1554 5034 singulis,
1570 4954 1612 5016 ad
1635 4972 1714 5036 quos
1728 4955 1876 5036 pertinet,
1899 4977 1963 5020 ms·

1173 5063 1311 5124 gnopera
1326 5043 1589 5122 commendatum,
1607 5044 1647 5105 ab
1662 5042 1737 5123 ipsis
1758 5044 1962 5126 inposterum

1174 5131 1333 5194 observari
1359 5132 1501 5192 volumus
1525 5149 1562 5191 ac
1583 5129 1748 5211 jubemus;
1775 5131 1837 5194 boo
1861 5137 1962 5196 tamen

1174 5219 1280 5280 addito
1299 5223 1334 5280 ut
1351 5219 1383 5279 in
1397 5219 1684 5296 Commissionibus,
1702 5237 1771 5300 quse
1786 5219 1964 5302 diriguntur
2069 5261 2070 5264 =

1175 5307 1394 5386 Superioribus
1409 5307 1615 5390 Regulan'bus
1629 5313 1661 5369 et
1674 5307 1848 5371 Ordinariis
1870 5313 1962 5372 loeo·

1174 5395 1245 5456 rein
1259 5413 1315 5475 pro
1335 5396 1535 5458 conficiendis
1549 5397 1761 5474 processibus,
1778 5397 1891 5460 iisdem
1906 5397 1961 5460 sub

1174 5499 1269 5568 poena
1283 5483 1433 5548 nullitatis
1443 5488 1569 5550 actuum
1583 5483 1766 5568 injungatur
1779 5489 1814 5550 ut
1823 5483 1855 5549 in
1866 5485 1961 5548 omni·
