4166 6346
722 599 774 671 ΒΕ
795 604 925 672 statu
945 605 1164 672 lllllrlGlOSO.
1702 607 1764 678 tat

125 785 274 851 muana
299 785 339 848 de
357 785 426 868 ipsa
448 785 609 870 Religicne
632 789 722 872 cnjus
740 789 909 872 aliquando
967 792 1131 872 Regulnris
1146 792 1178 854 in
1192 810 1267 856 casn
1288 795 1320 856 et
1339 793 1381 856 ad
1403 795 1548 857 ellectum
1562 795 1679 876 da‘quc
1697 795 1766 876 agi'·'

0 877 1 962 ᾗ
123 873 393 956 interestalicujus
410 876 537 940 Alumni
558 877 606 938 sui
628 878 855 941 Professionem
870 879 910 940 ir·
967 883 1030 956 tur,
1046 884 1151 942 utrtun
1165 881 1464 942 scilicetProvinciaa
1485 884 1651 944 lleototan
1666 887 1762 946 Oene-

0 969 1 994 ³
124 964 211 1026 ritum
238 964 405 1041 declarari,
436 968 471 1026 ut
497 965 522 1026 si
551 965 631 1045 quis,
648 967 781 1046 exempli
803 984 909 1045 causa,
965 967 1039 1029 talis
1057 968 1174 1030 ordinis
1197 968 1385 1031 ltloderator.
1411 971 1528 1049 Congt.
1556 973 1663 1033 aulem
1678 971 1763 1050 ejus·

123 1049 332 1128 comperiatur
345 1051 502 1114 occultum
512 1051 638 1130 aliquod
653 1052 913 1132 impedimentum
967 1055 1039 1116 dem
1054 1058 1147 1120 Cone.
1160 1059 1316 1136 interpres
1326 1057 1468 1119 definivit
1479 1077 1546 1119 esse
1558 1059 1760 1137 Superiorem

126 1153 184 1199 nou
197 1138 357 1200 revelasse
371 1138 411 1200 de
425 1157 488 1218 qun
506 1139 717 1218 interrogatus
730 1141 842 1218 fuerat,
859 1140 913 1203 ad·
966 1144 1113 1222 localem,
1130 1144 1277 1206 nimirum
1300 1145 1455 1207 Abbatem
1481 1148 1529 1208 vel
1549 1145 1764 1209 Ouardianum

119 1225 200 1306 jecta
212 1225 426 1288 declaratione
449 1226 545 1307 quod,
562 1245 599 1289 eo
622 1229 727 1290 lorsau
748 1228 911 1305 existente,
968 1231 1033 1293 sive
1062 1232 1223 1308 Priorem,
1250 1237 1306 1295 aut
1327 1233 1387 1295 alio
1414 1253 1602 1315 quocunque
1636 1235 1762 1296 nomine

123 1317 152 1374 et
172 1332 232 1374 non
249 1313 420 1392 patefacto,
445 1315 542 1394 ipsius
557 1315 706 1378 admissio
720 1336 739 1377 a
754 1315 914 1396 Religicne
970 1325 1188 1400 nuncupatum
1202 1321 1408 1401 Ptaepositum
1429 1343 1484 1384 seu
1499 1325 1664 1386 Rectorem
1680 1321 1762 1383 illius

122 1402 246 1463 minime
268 1407 340 1466 ratu
364 1401 510 1464 habenda
533 1403 710 1482 inret,l1inc
734 1405 913 1468 dubitatum
969 1407 1150 1470 Monasterii
1177 1413 1232 1471 aut
1258 1411 1398 1472 Ooenohii
1433 1410 1465 1472 in
1498 1428 1560 1492 qun
1588 1412 1761 1473 reclamans

122 1489 226 1552 luitan
239 1489 272 1550 in
289 1490 471 1572 huiusmodi
485 1509 560 1554 casn
581 1493 665 1554 solus
681 1493 831 1574 Superior
855 1495 913 1554 lle-
968 1496 1197 1558 Pteleasionem
1216 1498 1336 1570 emisit;
1359 1517 1430 1560 eum
1449 1516 1561 1578 nempe
1581 1498 1633 1581 qui
1653 1497 1763 1578 hujus·

122 1579 235 1656 gularis
258 1578 327 1640 sine
351 1579 516 1642 Ordinatio
537 1582 708 1660 procedere
732 1585 848 1663 posset,
873 1600 914 1642 an
968 1585 1054 1646 modi
1078 1586 1256 1649 Monasterii
1276 1591 1331 1649 aut
1351 1587 1491 1650 Omnohii
1512 1587 1653 1666 regimen
1676 1605 1762 1648 exet·

122 1685 192 1729 vero
215 1667 314 1730 etiam
343 1667 375 1730 in
403 1669 462 1730 hac
488 1669 561 1730 iacti
589 1671 692 1749 specie
719 1671 916 1733 discutienda
970 1676 1029 1747 cet,
1052 1691 1114 1752 quo
1135 1681 1277 1753 tempore
1296 1693 1392 1737 causa
1416 1693 1511 1755 super
1531 1677 1671 1737 nullitate
1686 1677 1763 1737 Pro·

122 1759 200 1818 esset
217 1774 315 1818 eausa
334 1773 441 1818 coram
463 1757 610 1836 Regulari
631 1759 798 1838 Superiore
822 1759 914 1821 simul
970 1758 1111 1824 fessionis
1138 1762 1170 1823 in
1196 1763 1351 1844 judicium
1379 1763 1557 1826 deducitur.
1590 1764 1762 1836 Quaesitum

123 1848 152 1905 et
164 1843 331 1906 Ordinario
345 1844 430 1907 Loci.
448 1847 549 1924 Super
564 1863 625 1924 quo
640 1848 754 1926 Congr.
772 1848 804 1910 S.
822 1849 859 1908 ll.
876 1849 912 1908 u.
970 1847 1045 1910 itam
1061 1849 1121 1912 luit
1143 1853 1287 1931 quisnam
1308 1851 1490 1930 lllonialium
1504 1854 1650 1932 proprius
1665 1855 1762 1931 Supe-

0 2015 1 2018 ,
123 1931 296 1994 Oardin.ad
311 1932 408 2012 ipsius
422 1934 515 1996 [lonc.
529 1933 667 1996 Trident.
685 1935 914 2013 interpretatio·
970 1937 1037 1998 rior
1051 1937 1203 2000 dicendus
1225 1940 1265 2001 sit
1284 1940 1325 2000 ad
1348 1941 1493 2001 ellectum
1516 1939 1679 2020 judicandi
1699 1957 1762 2001 una

1 2049 2 2060 ι
122 2035 190 2082 nem
213 2021 255 2082 ab
278 2021 462 2100 Apostolica
485 2021 567 2084 Sede
583 2020 809 2101 deputatorum
828 2040 916 2084 cona·
971 2043 1043 2086 oum
1068 2027 1235 2090 Ordinatio
1259 2028 1298 2088 de
1327 2046 1435 2090 earum
1455 2029 1658 2092 Proiessionis
1673 2027 1762 2090 nulli·

0 2157 1 2172 ι
122 2112 223 2172 tenter
236 2109 380 2173 decrevit
393 2125 504 2172 causas
518 2107 701 2188 hujusmodi
716 2129 811 2190 super
824 2109 916 2172 nulli·
969 2116 1045 2175 tate.
1063 2115 1259 2194 Responsum
1276 2115 1335 2177 fuit
1359 2116 1443 2194 quod
1470 2116 1495 2178 si
1518 2121 1631 2196 agatur
1645 2115 1684 2177 de
1698 2116 1762 2178 Mo·

122 2201 181 2258 tete
208 2196 428 2274 Prolessionis,
455 2202 521 2260 tam
548 2213 568 2256 a
595 2197 744 2277 Regulnri
773 2198 915 2262 Prolesso
971 2202 1104 2264 nialibns
1118 2204 1283 2266 Ordinario
1306 2204 1378 2266 Loci
1401 2202 1581 2266 immediate
1600 2203 1759 2281 subjectis,

0 2295 1 2328 ³
123 2303 214 2364 quam
228 2303 249 2346 a
264 2285 442 2364 Religione,
458 2287 542 2347 intra
556 2285 807 2368 quinquennium
822 2286 854 2347 in
864 2285 916 2366 ju·
969 2293 1055 2366 tunc,
1073 2308 1170 2369 quum
1185 2292 1303 2354 nullum
1318 2292 1359 2352 sit
1372 2309 1481 2352 earum
1492 2291 1643 2371 Superior
1656 2294 1762 2370 Degu-

0 2379 1 2384 ’
122 2374 235 2436 dicium
251 2373 416 2452 deductas,
444 2379 476 2436 et
498 2393 518 2437 a
540 2375 708 2454 Superiore
723 2375 869 2455 Regulati
885 2378 917 2438 et
968 2375 1054 2454 laris,
1071 2377 1351 2441 solusOrdinarius
1362 2377 1484 2459 judicat
1504 2379 1545 2442 de
1566 2379 1760 2442 Prolessicnc

122 2461 160 2534 ab
181 2462 351 2524 Ordinatio
374 2463 448 2524 Loci
467 2462 561 2526 simul
585 2463 819 2544 cognoscendas
833 2481 912 2526 esse.
970 2465 1208 2529 reclamantium
1229 2466 1314 2527 intra
1336 2467 1594 2547 quinquennium.
1624 2469 1657 2530 Si
1684 2481 1760 2530 veto

158 2572 172 2610 n
192 2551 299 2623 Ouum
312 2551 388 2613 item
403 2549 652 2633 quinquennium
667 2551 750 2614 intra
763 2551 847 2632 quod
860 2551 915 2612 ad·
969 2552 1121 2614 Monialas
1144 2555 1345 2634 Regularium
1368 2555 1512 2633 regimini
1534 2555 1665 2632 subsint,
1685 2559 1761 2618 tunc

121 2639 252 2702 mittitur
282 2638 463 2702 reclamatio
491 2639 642 2702 adversus
668 2639 912 2717 Pteleasionem,
969 2639 1149 2721 hujusmodi
1169 2659 1271 2702 causae
1282 2641 1460 2723 judicandae
1479 2645 1552 2704 sunt
1569 2641 1761 2705 ab'Ordine-

124 2727 400 2806 sanctasynodus
419 2729 666 2808 computandum
689 2727 916 2791 volueritndie
970 2726 1016 2789 rio
1040 2728 1101 2790 loci
1123 2729 1215 2791 simul
1238 2735 1269 2792 et
1289 2729 1456 2809 Superiore
1483 2731 1628 2811 llegnlmi
1642 2748 1650 2804 3
1666 2731 1708 2792 ab
1722 2747 1769 2792 eo·

125 2815 330 2896 resedeat,
346 2833 480 2896 cumque
496 2817 599 2896 potior
612 2821 706 2896 atque
721 2815 916 2878 communior
970 2817 1118 2877 nimirum
1136 2816 1187 2878 eui
1209 2817 1424 2879 concreditum
1439 2821 1486 2880 est
1499 2819 1681 2881 universum
1694 2817 1762 2880 llio·

123 2923 226 2983 musa,
244 2920 317 2986 qnae
338 2923 395 2985 pro
419 2905 561 2968 nullitate
576 2905 779 2968 Proiessionis
800 2901 915 2965 adduci
970 2903 1098 2966 nasterii
1122 2904 1275 2984 regimen,
1304 2924 1367 2967 non
1390 2910 1496 2967 autem
1523 2925 1544 2968 a
1565 2903 1760 2968 Conlessario

1 2998 5 3053 l
122 2994 208 3071 solet,
223 2995 257 3056 in
273 2999 360 3057 metu
378 2994 548 3072 consistet,
563 3001 667 3058 metus
680 2999 787 3056 autem
800 3011 857 3073 per
870 2994 916 3053 tc·
970 2992 1117 3073 Regulari
1152 2993 1347 3056 Monialium.
1383 2994 1565 3057 Dubitatum
1592 2997 1640 3057 est
1665 2992 1761 3056 etiam

2 3139 6 3167 ι
122 3084 186 3144 term
207 3081 459 3162 quinquennium
482 3087 576 3164 atque
598 3083 692 3146 ctiam
712 3082 840 3146 ulterius
862 3079 915 3140 ali·
970 3085 1076 3143 utrum
1098 3082 1247 3161 Superior
1271 3083 1434 3162 Regularis
1457 3083 1510 3164 jus
1537 3100 1629 3144 suum
1648 3081 1761 3144 cedere

124 3171 249 3252 qnando
265 3174 464 3250 perseveret;
482 3171 648 3251 quaesitum
666 3171 725 3233 fuit
738 3189 790 3247 an,
807 3169 860 3230 ubi
875 3168 915 3229 de
970 3170 1069 3249 possit
1088 3169 1252 3232 Ordinatio
1271 3172 1356 3247 Loci,
1373 3171 1464 3250 cique
1485 3171 1666 3250 permittere
1681 3168 1760 3232 utin

1 3260 6 3316 ἰ
122 3263 204 3320 metu
233 3257 351 3339 agitur,
369 3258 491 3320 initium
520 3259 723 3340 quinquennii
751 3259 917 3320 desumen·
970 3257 1150 3338 hujusmodi
1174 3257 1276 3320 causis
1298 3259 1382 3320 solus
1405 3259 1556 3338 procedat
1572 3263 1603 3319 et
1617 3255 1758 3337 judicet;

1 3402 7 3413 .
124 3345 196 3410 dum
211 3347 255 3410 sit
278 3346 319 3408 ab
348 3347 415 3426 ipso
438 3347 489 3410 die
512 3349 714 3411 Proiessionis
728 3347 859 3425 emissae,
875 3364 915 3406 an
971 3345 1003 3407 id
1016 3350 1122 3408 autam
1137 3345 1289 3424 predicta
1302 3350 1417 3426 congr.
1434 3346 1500 3407 fleri
1515 3363 1606 3424 posse
1620 3344 1758 3425 negavit.

122 3453 196 3498 uero
213 3454 234 3498 a
256 3435 309 3498 die
325 3453 387 3515 qno
401 3436 563 3499 Professus
576 3438 708 3499 liberam
723 3433 916 3498 reclamandi
971 3432 1115 3494 Permisit
1127 3437 1232 3495 tamen
1248 3433 1407 3512 Superiori
1424 3433 1569 3512 ltegulari
1587 3436 1623 3493 ut
1634 3431 1660 3494 sl
1675 3431 1762 3512 judi·

0 3536 1 3563 ι
123 3521 303 3586 faculatem
318 3521 435 3586 habere
452 3524 558 3604 coepit.
576 3524 694 3586 Eadem
708 3543 784 3586 vero
798 3527 913 3603 Gongr.
971 3521 1055 3582 cium
1077 3537 1236 3584 assumere
1263 3522 1420 3584 uolitant
1446 3518 1761 3599 nonpossit,elium

123 3609 294 3674 declararit
310 3609 343 3672 in
363 3617 495 3692 utroque
510 3612 630 3691 pariter
641 3631 716 3674 casu
732 3629 915 3674 eoncessum
971 3609 1142 3688 subrogare
1169 3611 1272 3671 valeat
1293 3611 1343 3671 rel
1367 3610 1572 3689 Regularem,
1592 3610 1642 3671 vel
1665 3608 1761 3670 etiam

124 3697 327 3780 quinquennii
349 3704 472 3778 tempus
497 3718 517 3761 a
536 3699 587 3760 die
613 3699 734 3762 emissa
748 3699 916 3761 Pmlessic·
970 3697 1224 3760 Ecclesiasticum
1238 3697 1420 3760 secularem
1439 3698 1524 3760 luris
1542 3696 1689 3760 Oanoniei
1708 3707 1761 3776 pe·

124 3785 168 3848 uis
182 3803 252 3848 esse
267 3785 523 3866 compntandum.
972 3785 1078 3864 xitum,
1095 3785 1147 3865 qni
1163 3803 1226 3847 una
1250 3803 1323 3848 eum
1345 3785 1509 3848 Ordinario
1523 3785 1643 3848 Jndiois
1657 3788 1762 3863 partes

160 3873 245 3938 »Ad
265 3873 351 3936 idem
371 3873 489 3953 pariter
513 3873 761 3956 quinquennium
782 3873 919 3953 pertinet
972 3880 1126 3937 exerceat.
1143 3874 1284 3956 Denique
1297 3874 1463 3954 quesitum
1480 3872 1538 3936 luit
1560 3872 1587 3934 si
1611 3872 1690 3935 forte
1704 3874 1763 3934 Or·

124 3963 183 4026 alia
196 3960 317 4043 agitata
331 3961 473 4042 quaestio,
485 3981 526 4025 an
540 3963 660 4025 scilieet
674 3962 816 4042 predicti
828 3962 920 4026 Ordi·
972 3962 1084 4024 dinarii
1106 3967 1137 4024 et
1160 3963 1335 4042 Superioris
1358 3961 1519 4042 Regulatr's
1539 3959 1658 4041 judicia
1680 3958 1763 4024 inter

124 4051 227 4114 narius
240 4055 276 4114 et
289 4052 439 4132 Superior
453 4051 617 4132 Regularis
636 4069 825 4132 cognoscere
844 4067 918 4131 pos·
972 4069 1005 4113 se
1019 4051 1229 4130 discrepantia
1248 4051 1431 4128 exstiterint,
1448 4049 1608 4132 quodnam
1625 4067 1662 4109 ex
1686 4048 1762 4127 ipsis

123 4139 185 4202 sint
205 4157 320 4202 causae
341 4137 491 4202 nullitatis
515 4137 721 4202 Pteleasionis
734 4139 829 4200 etiam
847 4145 919 4219 post
971 4141 1061 4203 alteri
1075 4141 1246 4219 praevalere
1260 4141 1385 4202 debent.
1410 4145 1451 4202 nt
1474 4140 1505 4200 in
1534 4139 1594 4200 hoc
1608 4155 1682 4200 casn
1695 4155 1763 4198 res·

123 4225 224 4306 ipsum
247 4227 508 4308 quinquennium,
537 4227 591 4290 ubl
614 4243 728 4305 nempe
756 4225 918 4290 Professus
972 4246 1106 4308 pensum
1132 4229 1191 4290 luit
1225 4245 1354 4290 eausam
1380 4229 1481 4308 ipsam
1508 4227 1549 4290 ad
1576 4226 1762 4306 Apostolicae

123 4313 204 4378 intra
225 4315 308 4378 illius
331 4315 499 4376 decursum
512 4314 740 4390 reclamaverit,
757 4314 812 4375 sed
832 4313 918 4395 jndi-
972 4317 1065 4380 Sedis
1075 4316 1230 4398 judicium
1244 4317 1423 4380 devolutam
1436 4315 1567 4378 censeri.

124 4403 203 4465 mum
218 4402 368 4484 prosequi
385 4402 499 4464 deinde
515 4402 688 4483 neglexerit
701 4406 756 4465 aut
770 4402 918 4482 nequire·
1011 4429 1025 4464 n
1045 4408 1147 4479 Ouum
1164 4424 1240 4467 reto
1262 4405 1343 4468 inter
1361 4405 1464 4485 capita
1478 4403 1627 4467 nullitntis
1640 4402 1763 4466 Profer·

124 4491 173 4554 rit.
188 4493 356 4554 Decretum
370 4497 418 4552 est
432 4496 537 4553 autem
551 4492 592 4554 ab
607 4491 718 4553 eadem
736 4492 849 4572 Congr.
866 4509 916 4553 cu·
971 4495 1092 4558 sionem
1109 4496 1299 4575 ltegnlarem
1313 4495 1477 4573 irritanlia,
1488 4511 1586 4556 unum
1600 4493 1695 4555 etiam
1709 4491 1764 4554 ad·

124 4595 191 4642 mm
204 4577 343 4660 prefatis
353 4577 513 4661 jndicibus
536 4597 556 4640 a
576 4579 712 4641 Concilio
736 4578 919 4640 memoratis
973 4589 1180 4660 numeretur,
1205 4585 1231 4644 si
1257 4601 1370 4662 nempe
1398 4583 1510 4664 aliquis
1536 4580 1763 4644 Pteleasionem

125 4667 279 4747 agendam
307 4685 375 4729 esse
402 4685 530 4729 causam
558 4667 653 4730 etiam
681 4671 752 4748 post
776 4667 917 4746 elapsum
973 4671 1375 4734 emiseritinCoencbioad
1391 4667 1765 4733 Novitiornminstitutic·

126 4763 382 4846 quinquennium,
407 4763 578 4826 dnmmodo
600 4763 676 4827 satis
699 4767 821 4826 constet
847 4781 917 4826 eam
974 4779 1047 4823 nem
1062 4760 1191 4822 minime
1206 4761 1370 4839 destinato,
1387 4761 1418 4821 in
1441 4759 1479 4822 iis
1499 4764 1606 4820 tamen
1631 4757 1707 4820 locis
1730 4756 1763 4819 in

125 4850 207 4914 intra
225 4852 446 4932 praescriptum
460 4856 584 4934 tempus
598 4871 618 4914 a
632 4853 821 4915 reclamante
835 4852 916 4914 serio
972 4849 1086 4932 quibus
1108 4867 1172 4910 rec.
1198 4867 1295 4911 mem.
1312 4848 1528 4912 Ptredeoessor
1541 4849 1652 4909 Noster
1664 4844 1761 4908 Olem.

126 4938 276 5004 intentam
290 4939 396 5004 luisse.
972 4941 1057 5017 Papa
1071 4939 1139 4999 Vlll
1153 4939 1288 4999 Decreta
1301 4937 1341 4998 da
1357 4936 1565 5016 Regrlatihus
1587 4952 1606 4995 a
1625 4952 1660 4994 se
1680 4933 1765 4995 edita

162 5031 241 5092 sDe
262 5029 339 5109 ipsis
364 5033 468 5092 antem
497 5027 661 5094 iudicibus
682 5047 740 5110 pro
763 5029 916 5111 ejusmodi
972 5027 1035 5087 vim
1054 5025 1171 5086 habere
1189 5023 1369 5097 mendavit3
1397 5024 1422 5086 ai
1445 5024 1513 5104 quis
1533 5041 1569 5083 ax
1586 5023 1646 5084 hoc
1661 5022 1764 5100 capite

126 5133 290 5180 musarum
316 5116 494 5198 cognitione
517 5136 537 5178 a
561 5119 676 5182 Sancta
691 5115 818 5196 Synodo
837 5116 917 5178 desi·
972 5113 1201 5179 Prolessionem
1224 5131 1245 5175 a
1272 5130 1306 5174 sc
1329 5113 1445 5174 factam
1459 5114 1543 5174 intra
1564 5110 1648 5174 idem
1673 5109 1766 5189 quir..

1 5240 2 5247 ι
126 5203 226 5282 gualia
243 5221 302 5283 per
323 5221 362 5267 ea
384 5205 482 5266 verba
498 5225 505 5267 ι
524 5204 632 5267 Coram
645 5201 801 5286 Supen'cre
818 5223 869 5266 ruo
890 5213 918 5266 el
972 5201 1142 5284 quennium
1168 5202 1353 5282 impugnare
1375 5199 1520 5272 voluerit,
1544 5203 1599 5261 aut
1623 5197 1718 5261 etiam
1733 5195 1761 5257 si

129 5289 317 5360 Ordinatio,-
350 5290 530 5370 complures
555 5291 697 5354 similiter
723 5296 816 5354 molae
844 5297 917 5354 suut
971 5289 1096 5370 Religio
1110 5289 1194 5351 intra
1207 5290 1290 5352 idem
1301 5289 1549 5370 quinquennium
1562 5286 1769 5367 postulaverit

127 5380 324 5458 questiones,
341 5397 410 5460 qua
425 5379 537 5461 majori
552 5380 916 5443 eorumdemverlrorum
971 5378 1102 5459 alicujus
1123 5378 1352 5441 Pteleasionem
1388 5395 1426 5438 ex
1456 5376 1642 5458 hujusmodi·
1663 5373 1765 5454 capite

128 5465 325 5530 elucidationi
340 5483 468 5530 causam
482 5468 647 5532 dederunt.
663 5471 702 5532 llt
714 5468 815 5548 primo
831 5487 916 5550 quae·
970 5467 1089 5535 irritam
1113 5466 1285 5541 declarari;
1301 5469 1466 5530 Decretum
1480 5469 1581 5527 exstat
1605 5483 1625 5526 a
1645 5461 1697 5526 iel.
1715 5479 1764 5525 re·

127 5551 216 5618 situm
237 5555 297 5620 init
316 5556 460 5650 quisnam
474 5557 649 5621 censendus
667 5562 749 5622 esset
766 5556 916 5638 Superior
972 5553 1059 5618 cord.
1076 5553 1203 5616 Urbano
1220 5557 1305 5635 Papa
1318 5555 1404 5631 vul,
1420 5552 1517 5615 altero
1532 5551 1764 5616 Ptredeeesscte
