4144 6336
675 344 790 407 LlBER
810 341 974 404 TERTIUS
1004 341 1103 406 PARS
1124 349 1139 406 1
1662 344 1698 404 l'i

41 579 43 594 ,
129 511 264 574 1111111111
281 512 324 574 ita
343 513 438 576 11111111
459 512 617 576 attendere
635 510 675 573 ad
688 511 823 587 Missam,
845 515 882 570 ut
927 508 1056 587 justitie
1080 511 1288 589 Christianae,
1320 532 1394 575 nam
1427 513 1475 575 uti
1509 513 1701 576 demonstrat

41 597 42 612 *
130 606 216 666 dicere
228 607 332 684 possit,
342 625 502 688 quousque
515 606 681 668 Celebrans
694 602 880 685 pervenerit.
933 601 1076 684 Oropepc,
1102 605 1227 667 evidens
1247 611 1292 668 cst
1305 607 1560 669 attentionemad
1574 605 1701 668 Missam

131 697 205 772 Quod
225 697 250 758 si
266 697 424 760 Confessio
443 699 581 778 alioquin
599 703 678 760 essct
698 695 880 771 omittenda,
931 713 1019 774 posse
1033 701 1113 758 stare
1136 717 1208 760 cum
1225 698 1281 759 tali
1294 699 1513 761 distractione:
1535 716 1701 780 possumus

131 789 170 851 nti
188 808 262 870 sepe
292 791 382 852 fieret
399 792 518 854 ancillis
544 797 576 853 et
602 789 736 866 famulis,
761 787 882 849 suaderi
931 787 1015 848 enim
1036 790 1075 850 ad
1098 790 1189 870 plura
1206 783 1299 852 simul
1322 793 1496 854 attenderes
1513 792 1561 852 uti
1584 791 1701 871 experi-

133 887 226 962 polest,
238 888 273 943 ut
284 883 341 944 fiat
353 884 412 944 suh
427 885 532 960 Missa,
543 884 617 964 quia
628 883 773 944 voluntas
781 879 884 941 111111-
930 881 1015 941 entia
1033 880 1131 959 docet,
1150 883 1291 962 quamvis
1310 885 1415 946 minus
1439 889 1556 946 attento
1573 884 1614 944 ad
1636 884 1702 945 sin·

134 975 176 1035 sie
194 977 389 1054 presumitur
410 995 475 1038 esse
492 977 606 1057 potius,
625 981 662 1037 ut
675 976 718 1037 sic
738 974 883 1038 audiatur
930 972 1004 1050 gula
1018 993 1025 1033 ε
1040 991 1104 1036 esse
1115 977 1322 1038 autemtalem
1331 976 1564 1039 distractionem
1577 981 1701 1038 tantum

133 1067 209 1127 Missa
231 1073 261 1128 et
287 1068 446 1130 Confessio
466 1069 532 1145 fiat,
560 1087 656 1148 quam
680 1073 717 1128 ut
736 1065 884 1128 attentius
931 1065 1096 1140 venialem,
1130 1069 1305 1130 communis
1334 1075 1380 1130 est
1411 1087 1518 1132 sensus
1546 1069 1700 1147 omnium,

133 1159 259 1220 sudatur
285 1160 380 1221 Missa
407 1167 439 1222 et
466 1160 622 1222 Confessio
652 1178 717 1220 non
743 1159 806 1232 fiat·
837 1158 884 1219 uti
931 1157 1015 1218 uude
1026 1157 1105 1219 liber
1120 1159 1170 1220 ille
1184 1162 1338 1242 Anonymi
1349 1167 1476 1242 propter
1488 1161 1699 1235 insolentiam,

133 1258 212 1326 recte,
230 1252 308 1314 less.
326 1253 357 1312 io
372 1251 459 1314 Aust.
477 1271 504 1315 o.
527 1253 621 1314 Misso
635 1271 693 1315 cas.
709 1254 741 1326 3,
761 1251 884 1313 sienim
933 1267 995 1325 qua
1010 1251 1243 1332 archiepiscopo
1256 1254 1299 1315 illi
1315 1255 1453 1324 insultat,
1465 1255 1643 1317 combustus
1657 1259 1703 1315 est

133 1343 267 1404 damnum
278 1344 449 1424 temporale
465 1347 562 1425 possit
577 1363 722 1407 excusare
740 1343 779 1406 ab
795 1344 883 1430 audi·
933 1344 1155 1406 Ruraemundae
1160 1347 1250 1424 jussu
1265 1349 1402 1427 supremi
1411 1349 1542 1411 Senatus
1559 1346 1698 1410 Celdriei.

133 1437 203 1498 lione
216 1437 321 1506 Missae,
338 1438 437 1517 magis
453 1437 612 1499 excusabit
625 1439 776 1500 damnum
794 1437 883 1518 spiri·
973 1435 991 1514 5
1005 1439 1053 1497 10.
1069 1437 1397 1510 Quamviscommuuis
1407 1441 1446 1502 sit
1461 1441 1623 1518 sententis,
1640 1459 1703 1520 qua
1725 1450 1786 1512 659

130 1529 203 1590 tuale
214 1529 246 1590 in
259 1530 426 1592 omissione
445 1530 572 1610 majoris
585 1531 781 1606 attentionis3
796 1529 885 1591 deni·
933 1534 1115 1607 supponunt
1126 1531 1199 1591 Con.
1216 1535 1247 1590 et
1258 1532 1347 1610 Lugo
1362 1529 1397 1592 de
1412 1531 1510 1595 Euri.
1525 1531 1635 1613 capot.
1649 1535 1700 1595 22.

131 1623 225 1701 quasi
248 1621 317 1702 quis
339 1622 397 1684 sub
413 1623 530 1684 musico
553 1623 603 1684 vel
625 1623 770 1685 cantabili
790 1623 884 1685 Sacro
932 1625 1000 1680 scat.
1023 1622 1053 1681 6.
1073 1641 1102 1682 a.
1125 1624 1174 1683 36.
1202 1623 1285 1702 quod
1310 1623 1466 1686 distractio
1494 1625 1704 1688 involuntaria

131 1714 324 1790 confiteatur,
353 1734 418 1776 non
445 1721 493 1776 est
518 1721 603 1777 tanta
629 1715 801 1791 difficultas,
827 1715 887 1776 nisi
935 1729 999 1772 non
1017 1713 1175 1794 impediat,
1197 1733 1260 1795 quo
1281 1715 1387 1778 minus
1405 1717 1517 1798 aliquis
1540 1718 1705 1782 satisfaciat
1759 1785 1761 1797 Ι

130 1806 264 1867 confessio
298 1813 378 1868 esset
410 1808 500 1869 valde
538 1807 643 1888 longa,
675 1808 764 1868 facile
800 1809 885 1869 enim
934 1812 1088 1886 precepto
1106 1807 1218 1884 Missas,
1238 1808 1312 1889 quia
1330 1811 1539 1873 communiter
1560 1830 1625 1873 non
1642 1813 1703 1873 im-

131 1899 264 1974 adrertet,
279 1917 441 1979 quousque
452 1900 617 1962 Celebrans
630 1900 817 1982 pervenerit,
832 1905 887 1962 aut
934 1896 1029 1976 pedit,
1049 1899 1126 1978 quin
1145 1899 1188 1960 ita
1204 1901 1354 1978 attendas,
1373 1909 1410 1964 ut
1423 1904 1520 1983 possis
1537 1923 1602 1967 esse
1619 1906 1705 1968 testis

41 1997 43 2060 l
130 1991 312 2053 confitebitur
325 1992 683 2073 subaliquaparte,quae
692 2011 748 2073 per
761 1998 887 2055 cantum
937 1988 1085 2051 Sacrificii
1113 1993 1239 2072 peracti,
1264 1999 1318 2054 aut
1336 1994 1464 2058 reddere
1488 1996 1641 2059 rationem
1665 1999 1705 2060 de

41 2069 43 2130 ⁵
131 2083 238 2162 longius
246 2084 380 2146 trahitur
387 2085 438 2146 vel
446 2085 501 2146 uhi
515 2085 679 2147 Celebrans
690 2086 778 2147 sistit.
935 2081 983 2157 iis,
997 2101 1067 2162 quae
1079 2090 1231 2164 geruntur
1245 2086 1286 2146 ad
1302 2103 1388 2147 aram
1404 2106 1411 2148 :
1428 2087 1454 2149 si
1473 2093 1577 2152 tamen
1598 2109 1706 2171 evaga-

76 2189 117 2250 aaa
161 2176 218 2254 §h
235 2178 322 2256 Pasq.
346 2194 442 2257 supra
466 2178 606 2239 absolute
635 2178 710 2239 dicit
721 2196 806 2254 eum,
832 2177 888 2256 qui
936 2175 979 2235 tio
999 2181 1078 2238 esset
1102 2177 1184 2254 tahs.
1206 2183 1242 2238 nt
1261 2178 1403 2240 redderet
1429 2181 1589 2244 hominem
1608 2184 1704 2246 veluti

131 2269 446 2344 thulessionemaudit,
457 2289 522 2331 non
530 2288 619 2350 posse
631 2271 739 2332 audire
749 2271 885 2343 Missam,
937 2266 1101 2348 abreptum
1135 2275 1166 2330 et
1197 2271 1284 2332 nullo
1312 2273 1405 2333 modo
1437 2275 1648 2338 attendentem
1667 2277 1705 2338 ad

130 2363 268 2440 quianon
276 2363 391 2424 assistit
405 2362 500 2424 veluti
514 2382 597 2424 unus
611 2363 819 2440 offerentium,
834 2362 887 2423 sed
939 2359 1141 2435 Sacrificium,
1171 2363 1335 2444 impediret
1368 2365 1559 2428 arrditionem
1593 2367 1702 2444 Missae,

129 2455 204 2516 salut
214 2455 325 2528 Judex,
342 2455 431 2533 eujus
440 2455 521 2516 actio
530 2475 596 2516 nou
608 2460 725 2535 spectat
738 2455 778 2516 ad
788 2455 887 2516 Sacri·
936 2451 1001 2515 sive
1018 2459 1095 2514 esset
1122 2454 1306 2531 voluntaria,
1329 2455 1393 2518 sive
1415 2455 1635 2535 involuntaria,
1662 2461 1707 2522 ita

74 2613 78 2620 ,
132 2547 230 2607 licium.
270 2549 457 2628 Oppositum
490 2548 666 2608 communis
698 2549 811 2608 docent
834 2548 887 2608 alii
936 2545 1027 2626 Pasq.
1043 2564 1137 2625 supra
1150 2552 1181 2608 et
1194 2547 1328 2627 Castrop.
1343 2555 1381 2609 tr.
1396 2549 1446 2608 61.
1459 2568 1495 2628 p.
1514 2553 1562 2611 19.
1579 2555 1703 2615 11111116.

131 2641 886 2720 1111116111.11666111111111611111111111111611
937 2637 1029 2698 Ratio
1079 2643 1149 2714 est,
1195 2657 1269 2700 nam
1313 2657 1441 2701 somnus
1478 2641 1706 2706 involuntarius

131 2733 160 2792 in
180 2733 397 2809 confessionali,
423 2751 488 2793 non
518 2732 660 2812 impedit.
688 2751 751 2812 quo
780 2733 885 2794 minus
935 2729 1006 2790 ideo
1020 2730 1161 2810 impedit,
1173 2732 1245 2810 quia
1260 2731 1341 2792 tollit
1349 2732 1703 2810 moralem,humanam,

131 2825 341 2886 etiamsitunus
351 2825 487 2900 illorum,
497 2825 551 2904 qui
560 2823 760 2886 circumstant
773 2832 803 2885 et
814 2843 886 2886 cum
936 2825 967 2882 et
976 2821 1152 2901 religiosam
1175 2823 1390 2895 assistentiam,
1415 2825 1501 2904 atqui
1514 2826 1600 2889 illam
1616 2846 1706 2909 aeque

131 2917 283 2978 Sacerdote
297 2917 490 2978 Sacrificium
504 2917 650 2993 offerunt,
666 2923 787 2978 certum
806 2936 884 2996 quo·
935 2913 1015 2975 tollit
1022 2913 1094 2974 satis
1102 2916 1346 2976 extraordinaria
1353 2917 1493 2994 evagatio
1500 2919 1607 2980 animi:
1618 2939 1701 2999 ergo.

131 3027 186 3088 quc
196 3011 322 3078 ridetur,
339 3009 424 3088 quod
439 3009 648 3070 confessarius
660 3009 757 3088 possit
768 3009 887 3070 facilius
975 3006 1004 3084 ἕ.
1022 3008 1070 3066 11.
1088 3007 1239 3067 Pueriaut
1252 3008 1305 3068 alii
1314 3007 1454 3069 rudiores
1465 3009 1496 3068 io
1506 3019 1573 3072 actu
1584 3011 1705 3076 sedanda
1731 3015 1789 3075 666
1879 2977 1883 2985 ¹

41 3091 43 3200 i
130 3102 213 3162 simM
223 3103 379 3164 attendere
400 3100 440 3161 ad
458 3102 593 3179 Missam,
609 3119 703 3181 quam
717 3101 884 3163 Confitens.
936 3117 1000 3159 non
1033 3103 1179 3160 tenentur
1206 3100 1246 3160 ad
1274 3105 1393 3161 tautam
1422 3105 1635 3172 attentionem,
1666 3106 1706 3166 ad

64 3196 109 3254 661
163 3194 229 3272 §a
257 3195 374 3274 Sporer
401 3191 671 3254 teponniacum.
700 3193 770 3254 578.
798 3199 887 3273 putat
936 3197 1086 3270 quautam
1099 3191 1162 3264 alii,
1186 3192 1340 3270 quietalis
1354 3194 1484 3254 attentio
1505 3197 1623 3257 estilhs
1636 3216 1704 3258 mo·

130 3287 332 3348 Calabrantem
351 3303 415 3347 non
434 3303 521 3364 posse
533 3286 641 3347 audire
655 3287 793 3363 Missam,
817 3305 888 3366 qua
936 3280 1262 3361 raliterimpossihilis.

129 3378 162 3438 ab
174 3379 229 3440 alio
242 3380 356 3458 legitur
368 3397 405 3439 eo
416 3384 568 3458 tempore,
585 3396 646 3458 quo
660 3379 725 3457 ipse
739 3379 886 3456 celebrat,
976 3373 1052 3451 §12
1073 3373 1132 3433 Pro
1146 3372 1287 3434 habenda
1306 3375 1474 3438 attentione
1498 3383 1528 3438 ei
1541 3377 1705 3440 devotione
1730 3388 1786 3449 661

129 3471 245 3551 ideoque
259 3490 326 3532 non
339 3470 566 3532 satisfacturum
580 3470 694 3544 dehita,
720 3471 743 3531 si
771 3472 888 3550 promi·
937 3465 971 3526 in
998 3464 1163 3541 audienda,
1192 3470 1247 3525 aut
1274 3466 1367 3526 etiam
1393 3468 1575 3531 celebranda
1602 3470 1704 3545 Missa,

130 3563 205 3626 sisset
221 3583 317 3626 unam
336 3563 462 3624 Missam
480 3563 587 3624 audire
603 3570 634 3624 ct
653 3581 749 3624 unam
772 3563 884 3640 dicere,
933 3557 1055 3636 juvabit
1066 3556 1146 3618 hanc
1159 3557 1353 3619 considerare
1366 3565 1517 3639 tauquam
1526 3563 1706 3624 memoriale

131 3657 268 3737 1111111111
296 3674 368 3718 eam
394 3655 495 3716 facere
512 3657 622 3717 eodem
648 3661 811 3734 tempora:
833 3657 885 3717 sed
937 3648 1089 3710 Passionis
1107 3649 1229 3724 Christi,
1250 3651 1442 3730 respiciendo
1465 3654 1601 3733 singulas
1614 3656 1708 3716 actio-

136 3750 307 3826 prohabihus
325 3753 372 3810 est
392 3747 608 3808 Celebrantern
630 3765 720 3827 posse
732 3747 886 3809 sufficien·
936 3759 992 3802 nes
1008 3741 1111 3802 Missa
1129 3741 1226 3804 veluti
1256 3745 1521 3822 repraesentativas
1546 3747 1707 3825 cujusdam

41 3853 43 3856 ’
133 3841 487 3904 irretiendereadsuam
502 3845 533 3900 et
546 3839 681 3901 alienam
702 3840 840 3916 Missam,
861 3840 886 3900 si
937 3833 1078 3915 mysterii
1095 3852 1101 3894 :
1118 3839 1149 3894 et
1167 3852 1224 3913 pro
1239 3834 1459 3914 imaginatione
1472 3837 1512 3897 ad
1532 3837 1708 3918 hoedispo·

111 3934 221 3996 ’1111111
234 3953 300 3995 non
309 3931 474 3994 satisfaciat
486 3931 535 3992 isti
550 3933 712 4011 promisso,
728 3931 797 3992 ideo
817 3931 885 4006 erit,
937 3927 1051 4004 nenda,
1080 3931 1180 4006 potest
1217 3927 1365 3988 Sacerdos
1394 3929 1582 3991 considerari
1610 3929 1707 3992 veluti

128 4026 193 4104 qnia
215 4027 268 4106 qui
289 4024 444 4104 promittit
466 4023 589 4084 Missam
614 4041 710 4084 uuam
729 4023 836 4084 audire
858 4027 890 4084 et
937 4019 1091 4080 sustinens
1118 4035 1283 4098 personam
1311 4019 1421 4080 Christi
1448 4021 1603 4100 patientis,
1633 4039 1709 4084 nam

127 4119 247 4180 alteram
277 4119 393 4194 dicere,
427 4121 569 4178 censetur
594 4116 774 4196 promittere
803 4120 889 4178 actus
939 4110 1048 4185 velum,
1062 4111 1146 4192 quod
1160 4110 1278 4190 imponi
1292 4113 1387 4191 capiti
1396 4113 1445 4172 vel
1456 4113 1605 4191 humeris,
1617 4114 1709 4193 signi·

127 4212 315 4284 successivos,
340 4226 406 4270 non
424 4208 512 4269 aliter
530 4227 566 4269 ac
578 4207 640 4282 ille,
667 4207 721 4287 qui
737 4208 890 4288 promittit
938 4203 1009 4266 ficet
1023 4205 1139 4278 velum,
1154 4222 1216 4282 quo
1232 4208 1313 4265 tecta
1328 4212 1375 4264 est
1395 4206 1462 4283 ejus
1476 4206 1569 4268 facies
1582 4206 1622 4266 ah
1636 4207 1709 4267 illu·

126 4303 198 4366 61111
219 4303 332 4364 Missas
359 4300 477 4372 cudha,
512 4300 573 4360 nisi
601 4300 685 4361 enim
716 4299 810 4359 fucrit
829 4299 890 4360 alia
939 4297 1079 4371 scribus;
1101 4293 1190 4369 Albe,
1215 4301 1331 4357 vestem
1345 4295 1386 4367 ah
1405 4297 1528 4358 Herode
1542 4299 1706 4376 injectam

129 4394 253 4456 intentio
289 4391 500 4474 promittentis
533 4396 675 4456 censetur
713 4391 889 4469 promisisse
942 4386 1115 4470 Ciapclom,
1140 4385 1237 4463 Stolo,
1256 4387 1443 4468 Maaipclcs,
1456 4389 1557 4462 funes,
1571 4390 1708 4466 vincula,

125 4486 197 4548 duas
206 4487 329 4548 diverso
342 4491 493 4564 tempore.
942 4487 973 4542 et
999 4487 1122 4542 catenas
1148 4479 1262 4558 quihus
1288 4479 1402 4558 ligatus
1427 4486 1473 4541 cst
1495 4486 1526 4543 et
1551 4487 1707 4564 raptatum

62 4581 106 4644 iit
159 4581 212 4660 §a
230 4580 289 4654 Qui
302 4577 479 4639 voluntarie
492 4579 557 4636 toto
566 4581 707 4654 tempore
716 4573 810 4635 habet
825 4575 888 4636 dis·
943 4571 1076 4638 Toaarrc
1098 4571 1203 4652 capitis
1229 4570 1429 4651 sacerdotalis,
1450 4573 1591 4653 spineam
1616 4592 1708 4637 coro·

123 4675 296 4748 trachones,
313 4675 345 4732 et
370 4667 465 4729 simul
485 4667 616 4728 attendit
638 4666 680 4726 ad
701 4684 748 4744 ca,
772 4684 843 4745 quae
856 4667 890 4728 in
939 4673 1013 4727 nam
1025 4664 1155 4739 Christi;
1173 4662 1293 4740 Casula,
1305 4665 1448 4742 Crucem,
1463 4672 1520 4735 etc,

123 4770 349 4842 uagarentur,
371 4760 458 4822 audit
473 4758 609 4833 Missam,
633 4757 891 4837 quamvispeccet

123 4857 278 4918 venialiter
291 4854 413 4916 ratione
426 4850 647 4925 irreverentiae,
663 4849 689 4908 si
702 4849 797 4910 simul
810 4856 887 4928 oret,
1531 4921 1537 4935 ⁸

123 4954 164 5008 ast
183 4945 359 5010 communis
381 4961 453 5005 cum
473 4942 564 5004 Suar.
585 4942 680 5002 Castr.
696 4942 779 5000 Bass.
800 4941 888 5020 Pasq.
1042 4917 1181 4982 36111403
1460 4919 1605 4983 Cimini·

123 5059 151 5120 p.
164 5044 234 5104 1361
243 5038 439 5101 sobnam.
450 5035 616 5108 insalsa,
630 5051 688 5094 nec
701 5051 891 5112 quamquam
940 5025 1115 5104 Ingreditur
1137 5022 1177 5083 ad
1194 5041 1292 5084 aram.
1352 5023 1399 5085 hd
1423 5022 1551 5086 hortum
1581 5025 1706 5087 6111111-

124 5151 244 5196 111111111
260 5128 453 5209 dehet,quod
466 5127 582 5188 Auctor
594 5125 767 5205 Anonymos
783 5129 891 5184 eontra
940 5117 1069 5178 Inchoat
1082 5115 1216 5178 Missam.
1392 5116 1489 5176 mani.

124 5227 392 5306 lahepiscopum
416 5217 671 5280 Mechliniensem
690 5233 773 5276 anno
799 5218 888 5278 1691.
939 5209 1039 5270 Dicit:
1066 5205 1218 5281 Confiteor,
1232 5211 1290 5266 ete.
1352 5207 1472 5267 Oratin
1485 5208 1587 5268 horto.

124 5317 220 5380 editus
228 5318 311 5379 dicat
322 5313 502 5395 opinionem
515 5310 602 5370 illam
621 5327 686 5369 non
700 5326 765 5370 esse
781 5309 888 5369 admo-
938 5301 1114 5364 Ascendcns
1136 5298 1294 5359 osculatur
1353 5298 1475 5360 Stratus
1514 5299 1605 5360 sudat
1636 5315 1707 5359 sau-

124 5409 197 5470 dum
213 5409 407 5472 conformem
430 5402 575 5484 genuinis
591 5399 708 5480 regulis
726 5399 891 5479 pietatiset
978 5394 1084 5455 altare.
1391 5389 1496 5468 gruna.

277 5517 354 5580 Tou.
378 5516 420 5575 ll.
1523 5498 1543 5556 2

1031 4789 1121 4853 Misso
1135 4789 1309 4852 Memorioie
1317 4791 1468 4854 Passionis
1484 4792 1613 4856 Christi.
