4166 6346
290 563 350 626 476
949 568 1064 632 elaea
1087 566 1284 641 QUARTUS.

288 747 942 849 prelatoneganteconsensumcensendus
954 755 1080 816 estesse
1140 757 1235 816 netur
1249 757 1356 834 petere
1370 753 1486 816 iterum
1498 752 1617 832 recipi;
1633 756 1733 832 Lesa,
1754 762 1867 837 quoest.
1892 756 1940 816 49.
2060 759 2062 842 t

288 839 463 939 imputatam
494 837 594 917 6646,
618 838 699 916 ror,
726 842 831 917 Suae,
852 843 951 917 Lesa,
969 842 1083 923 aliique
1139 843 1205 904 lmo
1220 842 1245 906 si
1260 846 1370 924 postea
1385 843 1504 904 exscla
1518 840 1941 923 animilevitateegreditur,
2060 889 2061 894 .

288 925 379 986 multi
389 944 435 988 sic
445 925 657 1006 distinguunt:
675 927 1084 1010 siparentestemporepro·
1139 930 1253 994 docent
1267 931 1346 1011 Caj.,
1365 932 1470 1007 Suam,
1487 933 1611 1010 Laym,
1628 933 1743 1009 Casta,
1759 941 1782 992 t.
1803 934 1856 1007 46,
1870 928 1939 1010 dl,

289 1013 433 1115 fessionis
447 1014 563 1076 fuerint
577 1015 608 1076 46
627 1016 824 1092 necessitate,
854 1023 980 1081 tenetur
999 1020 1084 1080 exire
1133 1038 1165 1100 p.
1177 1023 1207 1094 4,
1224 1039 1254 1079 n.
1270 1022 1301 1096 5,
1318 1038 1380 1080 non
1395 1019 1582 1081 satisfecisse
1598 1021 1683 1096 6646,
1700 1019 1854 1100 quamvis
1868 1037 1942 1082 con·

289 1105 385 1164 etiam
399 1107 510 1166 contra
523 1104 716 1166 voluntatem
731 1106 856 1168 Praelati
871 1106 911 1169 ob
930 1108 1085 1169 rationem
1139 1107 1297 1169 tradicant
1320 1110 1413 1184 666,
1437 1111 1544 1184 naor,
1570 1109 1664 1184 Bon„
1689 1107 1802 1188 Bnrg.,
1816 1113 1894 1170 rent.
1910 1111 1939 1184 4,

290 1190 580 1291 primeesententiae,
590 1197 621 1254 et
631 1193 860 1273 quieceusetur
874 1213 907 1257 se
918 1195 1083 1258 tradidisse
1138 1213 1197 1257 cca.
1211 1200 1260 1271 94,
1278 1200 1426 1276 66466466
1440 1195 1629 1258 satisfecisse
1645 1195 1671 1258 si
1686 1194 1796 1259 animo
1812 1196 1943 1258 sincero

290 1279 444 1360 Religioni
458 1281 517 1342 sub
530 1300 569 1343 66
583 1281 779 1360 conditione,
796 1282 821 1344 si
836 1282 927 1346 aliter
940 1285 1085 1346 subreni-
1138 1284 1179 1346 sit
1193 1285 1379 1348 novitiatum
1394 1285 1567 1365 ingressus.

289 1372 376 1468 retur
390 1369 588 1467 parentibus;
605 1370 630 1432 si
653 1374 759 1432 antem
773 1376 844 1452 6664
857 1372 1085 1451 professionem
1179 1375 1197 1454 6
1219 1377 1248 1435 3.
1271 1373 1303 1436 Si
1326 1372 1486 1452 66466664
1508 1373 1644 1453 primam
1668 1372 1857 1436 instantiam
1881 1391 1943 1435 non
1965 1388 1999 1434 ιιι

289 1475 322 1517 in
336 1460 555 1518 necessitatem
569 1458 747 1535 inciderint,
764 1479 827 1521 non
843 1464 956 1540 potest,
967 1461 992 1522 si
1003 1463 1085 1522 Prae·
1140 1463 1322 1524 admittatur
1337 1461 1377 1522 ad
1392 1460 1587 1540 Religionem
1603 1479 1698 1542 quam
1713 1461 1813 1539 vovit,
1832 1478 1875 1522 an
1900 1465 1943 1522 te·

288 1545 472 1646 4646666444,
489 1547 529 1608 ob
557 1547 712 1608 rationem
728 1549 875 1610 secundae
902 1551 1083 1624 sententiae;
1140 1557 1253 1614 neatur
1265 1550 1369 1611 facere
1384 1551 1490 1629 plures
1509 1549 1674 1612 instantias
1695 1551 1865 1612 autetiam
1885 1551 1944 1610 Re-

289 1652 315 1694 sr
336 1636 442 1695 tamen
469 1639 625 1734 'parentes
660 1642 747 1698 certo
788 1635 951 1715 indigeant
980 1639 1085 1717 gravi·
1138 1641 1287 1722 ligionem
1302 1639 1435 1719 ingredi,
1452 1638 1809 1718 pendetabiutentione
1825 1655 1943 1700 66666-

290 1726 348 1800 tar,
372 1721 531 1784 tenebitur
551 1727 704 1803 quantum
725 1729 829 1803 potest
852 1729 973 1788 retento
1001 1729 1085 1788 statu
1139 1733 1190 1808 tis,
1206 1732 1399 1809 possuntque
1421 1728 1521 1790 videri
1536 1729 1642 1805 Suan,
1660 1736 1683 1790 t.
1699 1729 1730 1803 3,
1749 1724 1803 1788 444.
1820 1730 1854 1802 4,
1871 1745 1895 1788 c.
1912 1730 1940 1802 4,

289 1811 405 1874 lucrari
430 1813 462 1873 et
481 1810 592 1872 labore
618 1829 675 1891 pro
702 1811 763 1872 illis
790 1812 889 1890 petita
916 1817 948 1874 et
975 1831 1088 1893 quam*
1140 1822 1172 1880 et
1195 1816 1324 1891 Sancb,
1341 1815 1371 1874 in
1386 1813 1470 1890 Oea,
1486 1813 1537 1875 444.
1556 1817 1586 1890 4,
1602 1832 1668 1895 rap.
1691 1816 1740 1890 46,
1755 1832 1775 1873 u
1788 1831 1875 1872 num.
1890 1814 1938 1873 et.

289 1899 341 1962 6464
351 1917 413 1962 666
429 1899 557 1961 obtenta
570 1898 698 1961 44666446
708 1919 807 1980 quam
830 1902 981 1964 Praelatus
1006 1901 1086 1963 irra-
1140 1907 1230 1978 Quod
1242 1903 1267 1965 si
1283 1903 1391 1964 eredat
1413 1919 1446 1962 se
1465 1901 1696 1964 admittendum
1718 1901 1744 1962 si
1758 1899 1942 1962 manifestet

289 1987 481 2088 4404444444
495 1987 638 2087 negabit,
655 1990 810 2086 castrop,
826 1985 894 2070 §162
911 2008 941 2050 ²²·
963 1993 994 2050 9·
1020 1989 1085 2050 Etsi
1140 2015 1174 2058 so
1195 1993 1334 2066 vovisse,
1351 1993 1429 2054 Bon.
1454 1990 1573 2071 obligat
1594 1991 1635 2052 ad
1649 1988 1939 2064 manifestandum,

290 2074 976 2155 66666666666646166666666446Ιί64666,
998 2080 1087 2140 4666-
1141 2085 1215 2166 quia
1242 2081 1426 2160 promittens
1455 2079 1574 2159 aliquid
1595 2085 1748 2140 censetur
1775 2078 1875 2140 etiam
1903 2093 1940 2136 ea

289 2166 499 2237 turmauere3
515 2164 540 2224 si
556 2167 661 2225 tamen
676 2163 804 2226 dimisso
821 2163 931 2227 habitu
953 2166 1086 2228 deberet
1140 2171 1323 2254 promittere
1334 2188 1404 2250 666
1419 2169 1460 2230 ad
1481 2168 1558 2230 illud
1577 2168 1697 2230 ducunt
1711 2185 1769 2247 per
1782 2186 1816 2228 se
1833 2183 1872 2227 ac
1890 2182 1942 2226 ne·

290 2271 403 2314 vacare
418 2252 594 2330 servilibus,
610 2251 772 2316 decentius
787 2255 822 2314 ut
835 2253 954 2327 exiret,
972 2254 1086 2316 Mando
1142 2259 1278 2324 cessaria
1291 2265 1381 2332 sunt3
1398 2277 1415 2318 e
1430 2261 1541 2319 contra
1555 2259 1646 2319 Suar.
1664 2275 1762 2336 supra
1776 2259 1808 2316 64
1822 2254 1879 2317 alii
1895 2252 1940 2315 di-

290 2360 390 2423 844444·
639 2405 641 2412 ,
748 2427 754 2440 .
1142 2353 1217 2412 cunt
1232 2365 1294 2408 non
1309 2345 1424 2422 teneri,
1443 2345 1517 2426 quia
1531 2363 1570 2404 ex
1582 2344 1614 2404 ri
1636 2343 1700 2407 6644
1715 2341 1941 2406 tenerisadea

224 2444 262 2494 ¹⁸¹
290 2495 294 2502 .
333 2429 442 2530 Ottoetf·
459 2431 508 2490 27·
524 2463 565 2474 -
581 2427 722 2504 Quanam
742 2427 902 2510 tht-’tlt'ant
924 2429 1086 2512 inpressum
1142 2440 1265 2500 tantum
1287 2433 1392 2494 media
1408 2451 1478 2512 quae
1493 2450 1550 2510 per
1568 2449 1601 2491 sa
1622 2429 1940 2494 suntneeessariaet

217 2546 221 2564 ³
291 2520 323 2580 iu
355 2519 531 2581 Swtetatem
565 2517 657 2580 lesa?
691 2519 785 2596 Resp·
832 2517 938 2579 villeri
984 2523 1087 2598 potest
1143 2525 1317 2601 ordinaria,
1334 2523 1410 2584 alias
1434 2521 1586 2585 tenereris
1609 2519 1875 2583 etiamadbibera
1895 2517 1941 2578 iu-

290 2607 428 2691 Epitome
453 2607 597 2684 instituti,
629 2625 700 2688 par.
741 2610 770 2672 l.
809 2625 872 2688 rap.
909 2611 940 2676 4,
970 2616 1037 2669 rect.
1068 2611 1087 2669 4
1142 2617 1343 2676 ter-cessores.

291 2708 319 2762 et
338 2700 367 2759 3.
393 2696 524 2777 Singula
543 2699 649 2757 autern
674 2695 900 2774 impedimenta
927 2697 1088 2776 explicant
1182 2703 1249 2780 §t
1277 2701 1336 2774 064
1358 2699 1445 2761 66644
1470 2715 1674 2779 perseverare
1702 2697 1735 2758 in
1762 2695 1993 2778 Religionem

293 2788 399 2862 Suae,
414 2785 450 2846 de
462 2785 550 2866 4466,
566 2784 615 2846 lib.
632 2788 663 2860 4,
680 2792 768 2844 tract.
785 2788 835 2861 lO,
853 2784 907 2846 444.
924 2788 954 2862 4,
970 2805 1035 2867 cop.
1055 2788 1085 2861 4,
1142 2789 1313 2852 secundum
1344 2805 1544 2851 communem
1571 2785 1760 2848 sententiam
1792 2789 1936 2861 tenetur,

293 2878 325 2937 et
338 2877 493 2952 Castrop.,
510 2881 595 2934 tract.
620 2875 669 2949 46,
686 2871 716 2933 d.
736 2875 764 2950 4,
776 2890 810 2952 6.
826 2876 856 2949 8,
873 2873 892 2951 5
906 2876 920 2935 4
938 2877 1004 2946 644ς
1017 2891 1089 2954 spe·
1143 2875 1286 2957 quamvis
1301 2875 1384 2938 Ordo
1400 2875 1440 2936 sit
1453 2874 1481 2936 ei
1495 2874 1587 2936 valde
1603 2874 1753 2952 difficilis,
1771 2873 1848 2954 quia
1870 2872 1938 2951 plus

293 2961 400 3025 ciatim
413 2962 451 3022 de
466 2961 634 3024 homicidio
650 2965 753 3040 potest
767 2960 867 3022 videri
883 2961 979 3024 etiam
992 2965 1086 3042 Lug,
1143 2966 1288 3026 censetur
1301 2962 1436 3025 voluisse
1451 2979 1547 3042 quam
1558 2961 1583 3022 si
1593 2960 1742 3023 dixisset:
1757 2961 1868 3020 Voveo
1881 2959 1938 3018 Re·
1988 3007 1994 3028 ,

293 3052 326 3113 in
341 3049 426 3132 Resp.
441 3049 536 3126 4466,
551 3049 604 3111 lid.
619 3052 668 3126 44,
680 3048 711 3111 d.
724 3051 773 3127 46,
797 3052 832 3110 44
848 3057 876 3112 ct
889 3053 939 3112 47.
957 3053 1034 3112 ltem
1049 3051 1089 3112 de
1142 3053 1308 3132 ligionem3
1327 3051 1442 3115 Sauch.
1461 3053 1493 3112 et
1506 3050 1570 3127 alii,
1583 3049 1728 3129 quamvis
1744 3051 1859 3124 (46646,
1871 3050 1934 3121 nti,

292 3139 467 3220 gestatione
481 3136 607 3200 babitus
621 3137 749 3200 alterius
760 3136 885 3200 Ordinis
894 3138 991 3200 habet
1001 3137 1086 3208 idid..
1143 3146 1281 3222 exparte
1291 3139 1497 3214 contradicat,
1510 3156 1546 3199 eo
1557 3138 1641 3219 quod
1653 3138 1685 3198 in
1698 3136 1780 3198 66446
1795 3135 1938 3196 videatur

293 3225 323 3290 d.
341 3231 390 3291 t5.
1144 3231 1250 3294 stricta
1265 3228 1480 3310 interpretatio
1496 3227 1651 3302 facienda,
1669 3232 1701 3288 et
1714 3224 1857 3286 salvetur
1869 3239 1937 3285 sen·

226 3353 267 3403 „2
336 3317 444 3394 (46664.
461 3319 510 3379 48.
526 3349 567 3362 -
590 3313 673 3389 Ouid
693 3325 839 3397 praterea
865 3316 1027 3379 notandum
1050 3317 1091 3380 sit
1144 3339 1197 3383 sus
1210 3321 1276 3383 voti
1289 3319 1316 3381 si
1329 3318 1453 3381 dicatur
1467 3335 1500 3377 sa
1514 3316 1649 3378 voluisse
1660 3314 1801 3394 obligare
1812 3312 1855 3373 ad
1869 3328 1937 3391 per·
2060 3371 2061 3376 ,

292 3405 448 3470 circaeam
462 3404 516 3485 qui
526 3403 602 3466 uouit
612 3403 730 3485 ingredi
737 3404 939 3487 Religionem?
953 3409 990 3468 It.
1006 3409 1091 3469 4466-
1144 3409 1353 3480 severendum
1367 3407 1393 3469 si
1407 3407 1491 3468 bona
1511 3405 1573 3466 fide
1591 3405 1726 3483 probata
1746 3400 1936 3464 inveniretur

292 3503 341 3558 ter
355 3495 439 3558 dicta
453 3493 503 3555 lid.
529 3497 558 3570 3,
581 3502 663 3574 part.
681 3497 710 3571 4,
735 3511 798 3555 an.
814 3497 884 3570 666,
902 3494 984 3555 adde
998 3512 1086 3574 seqq.
1143 3496 1243 3560 facitis
1258 3499 1289 3558 et
1303 3497 1525 3556 consentanea.

291 3584 311 3664 §
325 3586 354 3646 4.
371 3583 404 3646 Si
418 3601 497 3662 puer
510 3581 608 3661 possit
622 3581 802 3644 discernere
817 3583 898 3644 inter
913 3601 950 3643 66
961 3601 1031 3664 666
1041 3601 1089 3644 sa·
1184 3576 1233 3639 Ad
1248 3575 1324 3658 quid
1347 3576 1492 3637 tencatur
1511 3572 1563 3633 ille
1588 3571 1641 3651 qui
1660 3573 1792 3634 voverat
1815 3566 1935 3651 ingredi

288 3672 351 3752 ¹luti
365 3674 542 3750 congruunt
554 3671 605 3730 664
618 3675 808 3750 repugnant,
826 3671 985 3752 etiamque
1000 3670 1089 3732 intel·
1144 3665 1339 3746 Religionem
1358 3666 1389 3724 et
1403 3666 1512 3740 postea
1527 3658 1642 3722 invitus
1660 3657 1784 3740 ejicitur
1807 3677 1846 3720 ex
1866 3656 1934 3733 illa,

294 3761 373 3841 ligat
384 3759 579 3839 Religionem
602 3777 670 3819 esse
693 3775 760 3819 rem
784 3757 954 3820 salutarem
980 3762 1011 3819 64
1024 3761 1089 3820 Deo
1145 3755 1311 3818 diceturn.
1329 3755 1396 3814 499.

293 3854 428 3929 gratam,
444 3851 552 3908 votum
567 3846 634 3926 ejus
649 3844 688 3907 de
703 3845 864 3925 Religione
875 3849 924 3908 est
937 3845 1087 3919 validum3
1186 3843 1295 3918 Ouoest.
1311 3843 1360 3902 49.
1372 3874 1413 3885 -
1423 3838 1501 3915 Ouid
1512 3835 1677 3902 addendam
1694 3835 1735 3898 sit
1749 3837 1834 3898 circa
1851 3833 1935 3897 illum
1957 3836 1988 3883 44

294 3935 434 4018 quandiu
447 3939 553 3996 466666
567 3933 711 4014 impubes
726 3937 784 4010 664,
801 3933 917 3994 irritari
943 3937 1047 4012 potest
1070 3951 1090 3994 a
1143 3933 1198 4016 qui
1210 3932 1292 4014 cupit
1305 3929 1432 3991 transire
1455 3927 1496 3990 ad
1516 3927 1726 3990 Monnsterr'um
1749 3924 1878 4007 6666666
1895 3921 1938 3985 uel

294 4027 387 4088 Patre
400 4022 450 4085 664
461 4026 575 4100 464666,
592 4022 767 4085 secundum
782 4021 867 4084 dicta
882 4021 932 4083 lib.
949 4025 994 4092 3.,
1006 4043 1040 4103 6.
1059 4026 1087 4097 4,
1143 4019 1255 4082 diuersi
1269 4018 1414 4082 Ordinis?
1428 4020 1522 4097 Resp.
1539 4034 1628 4096 seqq.

294 4133 361 4176 an.
386 4114 455 4174 488.
482 4114 650 4191 Potestque
674 4110 879 4190 probabiliter
901 4110 996 4172 etiam
1020 4113 1091 4190 post
1184 4111 1244 4190 64.
1262 4107 1392 4181 Quando
1404 4105 1517 4168 dicitur
1531 4103 1721 4184 Religiosum
1731 4121 1824 4183 possa
1837 4105 1935 4165 trans·

218 4259 219 4266 ,
295 4205 493 4285 pubertatem
507 4200 623 4263 irritari
639 4219 659 4262 a
673 4202 778 4277 Patre,
795 4199 820 4260 si
836 4199 936 4278 pubes
951 4217 1014 4260 nou
1038 4217 1090 4259 ra·
1143 4199 1189 4259 ire
1203 4198 1244 4259 ad
1258 4195 1447 4258 strictiorem
1462 4192 1622 4269 Ordinem,
1635 4191 1853 4254 dubitaturan
1874 4205 1933 4251 om·

293 4291 434 4364 44966646
451 4292 542 4366 Ν66.,
559 4287 639 4370 Caj.,
655 4291 733 4367 Lop.
750 4287 846 4350 etalii
861 4308 868 4362 ;
898 4305 961 4348 666
981 4290 1089 4348 tamen
1144 4286 1192 4347 nis
1207 4286 1301 4360 Ordo,
1320 4283 1379 4346 hoc
1403 4283 1470 4361 ipso
1486 4282 1571 4362 quod
1585 4280 1625 4344 sit
1639 4280 1819 4360 perfectior,
1844 4277 1933 4341 etiam

295 4381 321 4444 si
344 4381 377 4442 in
396 4379 561 4459 pubertate
585 4377 724 4439 emiserit
746 4382 800 4440 aut
822 4374 998 4448 ratificarit3
1023 4380 1090 4438 tum
1144 4373 1184 4435 sit
1207 4371 1343 4434 strictior
1364 4371 1430 4432 sive
1454 4369 1609 4440 severior;
1627 4371 1744 4446 negant
1766 4385 1840 4428 cum
1854 4381 1933 4427 com·

295 4470 380 4532 anim
408 4472 554 4531 censetur
574 4467 613 4528 da
639 4485 720 4528 novo
745 4465 908 4539 emittere;
930 4468 1030 4543 Lesa,
1057 4465 1092 4527 de
1144 4460 1232 4522 muni
1247 4459 1376 4534 Sanch.,
1392 4460 1516 4536 Laym.,
1533 4460 1632 4531 Lesa,
1656 4453 1731 4534 quia
1743 4453 1893 4533 perfectio
1906 4451 1934 4510 64

294 4567 372 4621 statu
384 4558 454 4620 uitoe
466 4555 609 4639 elipando.
625 4563 727 4636 quoest.
744 4557 775 4616 3.
1145 4549 1295 4611 severitas
1305 4547 1496 4609 oriunturex
1506 4544 1637 4606 diversis
1648 4544 1815 4623 capitibus;
1828 4555 1932 4618 nempe

227 4688 269 4735 η,
335 4647 396 4726 64.
413 4645 472 4722 064
487 4645 572 4707 66644
588 4643 785 4724 Religionem
807 4646 931 4704 tenetur
956 4642 1090 4721 experiri
1145 4635 1294 4717 perfectio
1305 4653 1342 4695 ex
1355 4633 1533 4713 perfectiori
1542 4633 1603 4692 tine
1613 4634 1646 4693 64
1656 4630 1779 4708 mediis,
1789 4628 1933 4692 severitas

295 4733 485 4815 tyrocinium
499 4737 530 4795 et
543 4736 652 4813 postca
666 4730 810 4810 profiteri
820 4731 845 4790 si
866 4729 989 4809 judicet
1009 4729 1092 4791 Reli·
1146 4729 1251 4786 autem
1266 4742 1304 4784 ex
1317 4723 1485 4803 asperitate
1499 4720 1687 4796 mediorum,
1705 4723 1736 4780 64
1749 4718 1794 4780 446
1808 4717 1933 4780 Ordines

295 4825 423 4905 gionem
437 4840 508 4884 eam
522 4821 580 4883 sibi
595 4820 783 4895 conducere,
800 4817 844 4880 uti
860 4819 980 4880 dictum
996 4816 1045 4879 lid.
1057 4823 1089 4896 3,
1144 4815 1359 4878 Mendicantes
1373 4816 1446 4874 sunt
1464 4810 1666 4890 perfectiores
1679 4806 1931 4876 Monacbalibus,

292 4936 325 4996 p.
343 4917 372 4986 l,
387 4931 419 4974 6.
432 4914 489 4973 393
502 4931 510 4982 ς
524 4909 595 4972 talis
605 4909 689 4970 enim
700 4912 844 4970 censetur
854 4926 922 4969 esse
936 4926 1025 4968 mens
1036 4926 1092 4970 66-
1145 4923 1176 4964 6.
1192 4923 1238 4984 g.,
1254 4899 1476 4975 carthusiano,
1493 4917 1565 4960 cum
1579 4916 1638 4978 pro
1649 4899 1711 4958 fine
1734 4895 1873 4958 habeant
1891 4909 1932 4952 sa·

295 5001 407 5078 ventis,
424 5003 455 5062 et
468 5003 567 5061 status
581 4996 750 5077 Religionis
765 5015 860 5077 quem
876 4996 961 5058 66644
975 4996 1092 5076 impor-
1144 4993 1240 5053 lutem
1257 5007 1345 5050 suam
1361 4995 1392 5048 et
1403 4985 1548 5066 proximi,
1562 5005 1599 5046 ex
1610 5004 1672 5065 quo
1681 4983 1784 5066 major
1794 4983 1827 5044 in
1842 4985 1932 5046 Deum

294 5095 341 5154 tat
356 5093 428 5151 vota
441 5085 671 5149 substantialia.
690 5085 723 5147 Si
739 5088 845 5146 autem
859 5103 893 5145 sa
907 5085 1092 5164 malegerat
1144 5079 1245 5160 gloria
1267 5077 1439 5152 redundat,
1466 5078 1497 5136 64
1520 5080 1627 5136 tamen
1646 5071 1873 5136 carthusianus
1892 5067 1933 5130 est

295 5199 333 5242 66
347 5181 409 5240 fine
425 5180 459 5239 ut
473 5195 490 5238 6
504 5174 659 5255 tyrocinio
675 5173 862 5250 dimittatur,
874 5191 937 5236 666
949 5178 996 5235 est
1006 5177 1091 5236 tutus
1145 5167 1297 5238 strietior;
1314 5165 1516 5227 nihilominus
1526 5162 1713 5226 contradicit
1721 5164 1837 5239 Casta,
1849 5169 1872 5222 t.
1888 5159 1930 5230 46,

295 5269 328 5330 46
342 5265 545 5342 conscientia,
562 5264 638 5344 quia
652 5262 705 5342 qui
729 5265 824 5323 vovet
845 5263 909 5323 Deo
934 5260 1029 5323 etiam
1057 5279 1091 5322 se
1144 5256 1175 5318 d.
1191 5261 1221 5334 4,
1236 5275 1267 5336 p.
1284 5257 1334 5330 46,
1350 5253 1368 5332 §
1382 5256 1410 5329 l,
1427 5252 1576 5333 quiahoc
1591 5251 1658 5330 ipso
1674 5248 1931 5331 quodsitperfec

296 5355 415 5435 obligat
428 5353 471 5413 ad
487 5371 549 5414 666
564 5349 778 5431 praestandum
794 5352 905 5429 sponte
919 5367 979 5410 sua
993 5347 1090 5428 impe·
1145 5347 1206 5408 tior
1219 5343 1315 5405 babet
1328 5343 1410 5403 iuter
1423 5341 1528 5402 media
1542 5339 1744 5421 perfectiores
1756 5337 1931 5410 virtutisae·

296 5443 471 5504 dimcntum
498 5437 690 5502 exsecutioni
713 5436 789 5515 voti,
813 5437 952 5518 alioquin
981 5439 1091 5500 votum
1144 5439 1213 5511 tus,
1238 5433 1338 5494 virtus
1364 5434 1470 5491 autem
1494 5429 1664 5510 perfectior
1686 5432 1735 5489 est
1758 5424 1928 5488 diffieilior:

297 5535 380 5595 essct
391 5527 584 5604 illusorium
611 5525 697 5610 quod
718 5527 744 5588 si
758 5525 802 5588 ita
816 5525 963 5600 dimissus
977 5523 1028 5603 sit,
1045 5527 1090 5587 te·
1144 5539 1231 5603 ergo.
1248 5519 1378 5596 Deinde,
1396 5518 1470 5605 quia
1486 5537 1547 5600 quo
1561 5516 1682 5598 Religio
1697 5519 1745 5577 est
1759 5513 1928 5594 perfectior,
