3992 6336
616 485 621 498 ·
702 453 754 516 DE
777 449 1075 516 uusmuslortu.
1654 448 1713 512 130

80 643 224 710 dicundo:
249 661 292 706 an
308 644 416 708 antem
436 643 469 705 id
485 641 570 723 juste
589 657 647 723 per
666 641 797 705 modum
810 640 867 702 tri-
920 639 960 701 de
993 636 1064 720 jure
1101 638 1222 700 natura
1263 635 1383 699 restitui
1420 634 1572 698 deberent
1611 634 1713 696 domi-

17 773 19 810 ,
79 733 203 811 1011,οη
227 749 309 794 vero
330 733 393 794 tole
413 731 566 794 tributum
589 731 630 792 sit
651 730 811 812 injustum,
828 746 866 790 eo
920 727 979 804 nis,
1001 726 1072 808 jure
1095 729 1201 788 tamen
1234 726 1375 788 Gaesareo
1411 723 1452 786 ad
1474 723 1618 786 vitandas
1643 723 1713 784 lites

17 815 18 818 ’
79 820 155 902 0001
167 839 240 900 spes
255 819 415 901 ejusmodi
429 817 689 880 inveniendorum
704 816 793 898 parvi
809 835 867 878 00-
919 817 999 877 flunt
1012 815 1215 894 capientium,
1229 814 1256 875 si
1275 814 1380 876 hostes
1395 831 1433 874 ea
1454 813 1658 892 deportarent
1670 810 1713 873 ad

76 911 205 988 timetur,
232 911 265 970 et
289 909 336 970 ita
358 911 513 970 statuatur
534 923 592 987 pro
612 905 708 986 priori
731 907 771 968 ad
792 906 864 981 boc,
919 902 1076 985 presidia,
1092 904 1142 965 vel
1156 903 1226 964 loca
1239 905 1317 980 tuta,
1334 902 1407 964 Mol.
1421 900 1592 964 Gonninob.
1609 902 1711 962 Tann.

17 1055 18 1070 ,
77 999 154 1080 qnod
166 997 229 1074 bio,
247 998 302 1059 vel
316 997 368 1058 ille
382 997 515 1059 fundum
532 995 715 1074 possideat:
732 1011 795 1074 000
810 1011 867 1055 au·
919 992 1038 1073 Burgh.
1056 996 1250 1069 00010001.
1267 994 1298 1053 6.
1315 991 1405 1054 Volet
1423 995 1529 1052 tamen
1543 988 1597 1074 ille
1609 987 1713 1068 dispo·

17 1083 18 1126 ἒ
76 1094 133 1149 tem
150 1086 253 1167 pretio
269 1087 334 1147 emi
357 1085 455 1166 possit
477 1084 604 1161 fundus,
631 1084 663 1144 in
688 1083 867 1163 quescitur
919 1081 989 1142 sitio
1013 1084 1135 1143 tentum
1157 1097 1214 1159 pro
1238 1076 1370 1140 subditis
1389 1077 1514 1153 Cesari,
1539 1077 1714 1138 attentum

76 1194 136 1238 esse
149 1175 330 1252 thesaurus,
347 1178 401 1236 eut
416 1173 569 1254 ejusmodi
593 1189 674 1234 vena
695 1172 862 1248 metallica,
919 1169 1003 1230 circa
1016 1168 1100 1230 bona
1113 1168 1245 1230 fortunae
1256 1167 1445 1246 pertinentia
1459 1165 1500 1226 ad
1514 1164 1621 1240 laicos,
1638 1162 1714 1243 0010

76 1261 235 1344 dequibus
249 1265 359 1324 tamen
375 1261 522 1322 dominus
535 1259 624 1322 fundi
640 1259 717 1322 nihil
732 1257 801 1336 scit,
817 1257 866 1320 di·
919 1257 958 1318 de
973 1255 1033 1317 illis
1046 1255 1120 1317 solis
1139 1254 1306 1332 disponere
1320 1253 1422 1332 potuit
1436 1252 1488 1333 jus
1510 1254 1686 1314 Ceasareum
1702 1269 1710 1324 ;

76 1357 155 1412 cetur
167 1353 283 1429 postea
296 1367 329 1410 u.
344 1352 416 1412 011.
918 1344 944 1406 si
959 1347 1064 1407 autem
1079 1341 1184 1404 hostes
1205 1341 1346 1404 nondum
1361 1340 1567 1420 deportarunt
1579 1339 1621 1400 ad
1634 1356 1712 1418 prae·

17 1459 56 1510 00
111 1434 865 1513 0000110-Οαί101110101100011001010-
918 1433 1008 1510 sidia,
1024 1433 1075 1494 vel
1089 1433 1159 1494 loca
1171 1434 1250 1506 tute,
1267 1433 1322 1492 aut
1335 1428 1360 1490 si
1376 1429 1497 1490 domiui
1511 1427 1615 1490 adhuc
1629 1427 1714 1489 inse·

75 1524 178 1602 cendio,
194 1523 244 1586 oet
257 1522 424 1605 ocusrcqio
437 1529 569 1605 erepte?
583 1526 676 1602 Resp.
693 1523 792 1585 Priori
808 1523 865 1584 do·
918 1522 1106 1603 quebantur,
1120 1520 1215 1582 etiam
1229 1515 1352 1597 dejure
1367 1517 1509 1578 cesaree
1523 1515 1645 1578 restitui
1660 1514 1714 1576 de·

75 1616 162 1691 mino,
177 1615 225 1676 nti
238 1616 329 1675 reete
343 1614 460 1675 Bonae.
471 1599 619 1673 delicuit.
631 1611 662 1674 d.
676 1615 705 1689 1,
718 1619 818 1693 quest.
831 1612 861 1686 3,
917 1611 994 1673 bant
1017 1607 1175 1690 prioribus
1199 1605 1344 1681 dominis,
1361 1604 1435 1668 Mol.
1461 1605 1577 1668 Dicast.
1594 1622 1625 1664 o.
1640 1605 1710 1663 111.

72 1723 101 1786 p.
125 1705 172 1781 10,
188 1721 221 1764 n.
245 1705 283 1779 6,
311 1701 386 1782 quia
399 1701 477 1763 tales
499 1719 550 1762 res
569 1706 699 1762 manent
722 1699 861 1775 domini,

75 1795 102 1854 ct
114 1789 250 1870 alioquin
266 1789 368 1850 cuivis
377 1788 486 1851 liceret
499 1806 611 1867 rapere
626 1788 779 1869 quidquid
793 1805 864 1867 pos-

75 1882 126 1955 set,
142 1897 158 1938 e
172 1878 272 1939 domo
294 1875 434 1954 incense,
453 1877 485 1937 et
498 1876 641 1957 quamvis
654 1877 717 1954 ille,
735 1876 787 1957 qui
803 1875 864 1937 eri-
1172 1879 1174 1881 ’

74 1967 143 2046 puit,
158 1964 318 2044 potuisset
330 1964 397 2025 sine
411 1962 527 2044 injuria
541 1964 721 2043 permittere
736 1963 863 2026 combu-
1144 1922 1213 2000 1111
1231 1921 1288 1998 ΒῙ
1304 1921 1379 1998 UM
1428 1920 1491 1996 VI·

76 2055 108 2131 ri,
121 2055 170 2116 vel
182 2053 301 2133 mergi,
314 2055 420 2115 tumen
435 2050 495 2113 lroc
508 2053 588 2132 ipso,
601 2054 686 2132 quod
701 2051 860 2132 eripuerit,

76 2159 119 2203 res
139 2141 278 2204 obtinuit
297 2141 460 2202 meliorem
483 2143 610 2218 statum,
627 2141 680 2222 qui
701 2144 800 2204 status
822 2139 864 2201 ad
1048 2147 1085 2194 ns
1105 2146 1193 2193 mnus
1214 2142 1279 2198 (211AE
1299 2141 1411 2191 uacuus
1433 2142 1577 2190 listlttl·

75 2249 134 2292 rem
147 2230 249 2310 ipsam
264 2229 413 2310 pertinet,
429 2227 564 2310 ideoque
576 2228 617 2290 ad
628 2227 789 2291 dominum
803 2227 860 2306 rei,

75 2319 204 2380 0110010.
227 2317 424 2382 1000101001
439 2320 487 2378 est
502 2336 510 2378 :
527 2317 612 2397 quod
625 2318 761 2378 maxime
778 2317 864 2379 velet

77 2406 225 2483 derebus,
242 2421 325 2485 quas
339 2403 485 2466 domiuus
500 2403 532 2464 in
551 2404 691 2483 periculo
706 2403 862 2484 naufragii

76 2495 161 2576 ejicit,
177 2493 224 2556 uti
248 2497 338 2555 recte
361 2495 464 2555 Heun.
489 2500 577 2554 tract.
600 2497 631 2570 5,
655 2495 860 2570 00000151,

77 2601 141 2644 nam
150 2599 212 2644 non
226 2581 304 2643 ideo
319 2579 414 2662 ejicit,
426 2581 511 2661 quod
522 2581 640 2643 hahere
654 2582 742 2660 nolit,
759 2582 815 2644 sed
828 2585 864 2644 ut
918 2565 996 2644 Qutd
1009 2564 1109 2629 debeat
1122 2565 1239 2629 restitut
1251 2563 1287 2627 00
1301 2563 1443 2646 inserente
1457 2560 1599 2645 injurtam
1617 2571 1712 2625 1111110·

1136 2368 1432 2432 ARTIGULUS
1465 2368 1489 2431 1.

77 2667 180 2730 eradat
202 2668 344 2748 velitque
367 2668 529 2746 recipere,
556 2668 582 2730 si
605 2669 719 2748 possit,
745 2675 778 2731 et
799 2687 862 2731 nou
956 2650 1673 2752 1101001001010,8ίυθαροδδθοθνθ1000111811

77 2757 183 2820 suntin
199 2757 364 2834 derelicto,
381 2756 482 2818 sedin
498 2755 672 2836 deperdito,
688 2759 770 2839 518,
786 2757 859 2820 lust.

17 2887 18 2930 3
76 2843 179 2907 derer.
202 2843 591 2924 0010111110.οε
610 2865 675 2927 orq.
700 2846 748 2908 cet
764 2845 860 2908 amitt.
962 2871 976 2908 u
991 2854 1084 2930 Resp.
1102 2849 1160 2923 Qui
1178 2848 1338 2912 bonafide
1360 2848 1512 2910 damnum
1526 2847 1641 2926 intulit,
1657 2852 1713 2911 aut
1737 2843 1778 2891 ¹¹*

76 2933 274 3014 0000011100
297 2930 350 3012 qui
369 2949 423 2992 cas
443 2949 494 2992 res
516 2932 631 3011 rapuit,
656 2938 687 2996 et
707 2931 862 3012 repetenti
916 2939 1056 3020 possidet
1070 2937 1188 3018 aliquid
1202 2938 1241 2999 de
1256 2956 1317 3018 quo
1333 2941 1443 3017 postca
1456 2937 1568 2999 melius
1582 2954 1711 3017 cognos-

78 3040 131 3083 non
148 3021 264 3098 reddit,
290 3019 467 3100 quadruplo
490 3023 626 3097 tenetur,
652 3021 675 3082 l.
700 3024 750 3098 11,
762 3023 804 3096 ff.
820 3020 863 3083 De
917 3029 970 3105 eit,
993 3031 1127 3104 tenetur,
1151 3044 1189 3087 ne
1207 3025 1338 3106 incipiat
1358 3043 1426 3087 esse
1445 3043 1607 3106 possessor
1619 3027 1711 3090 melae

78 3109 179 3192 acquir.
202 3127 264 3170 rer.
285 3105 396 3168 domic.
413 3106 476 3168 imo
498 3107 543 3168 sic
563 3107 702 3170 retinens
724 3109 862 3186 publica·
917 3114 1002 3192 fidei,
1020 3117 1051 3176 et
1072 3112 1212 3175 detinere
1227 3113 1376 3191 alienum,
1392 3113 1426 3174 id
1447 3117 1581 3191 tantum,
1597 3118 1629 3178 et
1646 3133 1710 3178 non

78 3195 151 3257 tione
165 3196 309 3258 omnium
323 3194 479 3257 bonorum
493 3195 673 3273 mulctetur,
689 3197 776 3258 Aurt.
797 3196 864 3258 Να-
917 3203 989 3284 plus
1003 3203 1179 3279 restituere,
1197 3203 1281 3282 quod
1305 3221 1344 3264 ex
1367 3220 1405 3264 ca
1427 3220 1462 3263 ro
1485 3201 1543 3282 ipsi
1568 3206 1711 3282 superest

79 3283 157 3365 cipio,
174 3283 209 3346 C.
234 3283 273 3344 de
290 3282 503 3362 [1111010000
521 3291 669 3366 corrupto.
693 3284 773 3345 Hinc
790 3302 864 3346 cum
917 3309 982 3354 unu
996 3309 1067 3352 cum
1083 3289 1151 3369 ejus
1164 3289 1328 3366 fructibus,
1345 3290 1371 3351 si
1386 3294 1518 3368 exstent,
1534 3291 1585 3353 vel
1600 3295 1711 3371 quate-

80 3371 137 3433 oliis
151 3371 243 3434 docet
255 3370 373 3433 Dicast.
385 3369 533 3432 dcliestit.
545 3371 575 3433 d.
592 3375 622 3448 9,
635 3391 665 3433 n.
681 3375 752 3449 130,
769 3371 863 3435 aliem
918 3398 978 3442 nus
991 3379 1065 3440 inde
1086 3379 1186 3440 factus
1200 3383 1249 3438 cst
1266 3377 1372 3454 ditior,
1388 3380 1599 3458 preterquam
1612 3378 1639 3439 si
1654 3378 1710 3440 do·

78 3459 179 3540 legam,
208 3465 267 3522 aut
293 3457 563 3538 consuetudinem,
589 3477 647 3538 per
670 3477 766 3542 quam
788 3461 864 3522 talia
918 3468 1050 3530 minium
1064 3467 1123 3529 sibi
1143 3466 1339 3546 comparavit
1356 3484 1414 3544 per
1434 3466 1607 3545 legitimam
1629 3486 1710 3548 prae·

17 3555 19 3567 ·
79 3547 152 3612 1000
164 3552 278 3614 fierent
290 3549 385 3627 iliius,
402 3549 442 3612 ed
463 3549 553 3631 cujus
575 3550 709 3612 fundum
728 3551 864 3631 appelle·
919 3557 1132 3636 scriptionem.
1148 3557 1196 3618 lta
1209 3573 1322 3618 comm.
1339 3557 1500 3633 Doctores,
1522 3557 1596 3618 1101.
1613 3558 1707 3620 Seno.

80 3642 149 3718 mut,
165 3640 232 3703 lore
246 3639 400 3720 injustum
417 3658 424 3701 :
444 3638 518 3701 hino
533 3639 629 3702 etiam
643 3641 675 3701 in
690 3640 780 3703 Bulla
794 3644 865 3704 000-
918 3647 1004 3708 Less.
1022 3642 1044 3705 1.
1060 3647 1091 3720 2,
1106 3662 1132 3705 r.
1150 3644 1199 3718 11,
1216 3641 1246 3703 d.
1263 3645 1277 3704 1
1294 3662 1301 3716 ;
1318 3643 1435 3704 Bonae.
1457 3651 1479 3704 t.
1504 3645 1534 3720 0,
1551 3641 1586 3704 de
1604 3641 1707 3707 1100111.

17 3775 18 3778 ,
81 3744 122 3788 ue
146 3727 484 3805 excommunicantur,
520 3728 573 3808 qui
600 3729 685 3791 bona
711 3729 865 3808 naufraga
918 3731 949 3795 d.
967 3734 996 3809 1,
1011 3751 1042 3813 q.
1057 3735 1088 3809 2,
1098 3732 1189 3814 p.l;
1210 3732 1319 3809 Laym.
1337 3729 1358 3791 1.
1378 3731 1409 3808 3,
1431 3737 1454 3792 t.
1474 3734 1505 3808 1,
1525 3748 1551 3792 0.
1572 3733 1603 3794 3.
1627 3727 1711 3795 Unde

17 3835 19 3906 g
81 3815 318 3881 Christianorum
332 3821 499 3896 occupant,
512 3817 571 3879 uisi
582 3817 662 3882 torte
677 3822 865 3882 censeantur
918 3818 1039 3882 resolues
1054 3837 1063 3878 .·

17 3907 18 3942 r
81 3903 230 3982 derelicta,
247 3910 283 3969 ut
296 3905 443 3982 diximuS,
459 3924 540 3970 num.
556 3909 606 3969 00.
681 3941 685 3946 -
958 3929 973 3967 n
992 3909 1016 3970 1.
1034 3906 1065 3969 Si
1089 3912 1254 3968 00010010.
1271 3924 1303 3986 g.
1328 3907 1413 3969 bona
1433 3905 1496 3968 fide
1520 3907 1669 3972 donatam
1691 3928 1711 3971 a

33 4038 61 4086 ss,
115 3991 219 4068 00001.
237 3993 778 4059 0.-0010000101001010
792 3994 865 4057 tello
919 3995 998 4074 fure,
1023 3999 1079 4058 eut
1101 3994 1174 4071 alio,
1196 3994 1339 4072 portasti,
1355 3997 1387 4056 et
1409 3994 1473 4058 iere
1496 3996 1652 4074 attrivisti,
1672 4016 1711 4059 ac

17 4087 18 4092 ’
81 4087 189 4179 rupte?
206 4085 302 4162 Resp.
329 4081 511 4144 Dominium
528 4101 635 4144 rerum
656 4082 865 4145 immobilium
918 4089 1028 4165 postes
1047 4084 1193 4148 dominus
1214 4086 1406 4162 compareat,
1422 4083 1537 4146 teneris
1558 4103 1640 4162 eam,
1656 4090 1712 4149 aut

78 4173 151 4246 posto
167 4170 250 4234 bello
265 4174 429 4250 captarum
449 4171 623 4252 acquiritur
645 4171 795 4250 Principi,
813 4170 863 4232 vel
919 4173 1075 4256 equalem
1096 4170 1124 4233 ei
1148 4169 1325 4246 restituero,
1342 4173 1373 4232 et
1386 4171 1514 4250 insuper
1532 4173 1710 4251 persolvere

17 4257 18 4320 ]
83 4257 159 4338 lteip.
179 4259 239 4321 nisi
258 4260 336 4322 tales
350 4277 401 4322 res
419 4259 535 4322 iterum
557 4260 754 4340 eriperentur
767 4260 865 4322 bosti-
919 4264 1072 4342 quantum
1095 4258 1202 4322 stulu
1226 4261 1283 4336 est,
1300 4257 1325 4318 si
1349 4257 1426 4320 alias
1440 4265 1559 4322 vestem
1582 4262 1711 4341 aequalis

17 4321 19 4386 1
82 4343 142 4425 bos,
156 4353 224 4411 tum
243 4349 329 4410 enim
349 4349 486 4429 antiquis
507 4349 641 4412 dominis
662 4349 864 4412 restituenda
918 4349 1034 4413 valoris
1049 4347 1279 4410 attrivisses:si
1294 4353 1399 4410 autem
1414 4365 1486 4410 eam
1499 4348 1640 4428 amisisti,
1657 4355 1712 4416 aut

83 4440 155 4513 sunt,
172 4438 193 4500 I.
211 4441 262 4515 10,
278 4437 297 4517 §
311 4440 339 4514 1,
356 4437 391 4518 ff.
408 4437 443 4499 de
456 4445 533 4520 capt.
555 4441 726 4518 tenentque
749 4441 865 4501 Aucto-
918 4439 1025 4510 ablata
1038 4435 1094 4500 tibi
1109 4439 1166 4512 cst,
1183 4441 1242 4498 etc.
1259 4435 1300 4498 ad
1315 4435 1391 4497 nihil
1405 4436 1531 4514 teneris,
1547 4439 1626 4502 Bon.
1643 4438 1666 4502 t.
1682 4459 1708 4502 r.

84 4539 126 4583 res
139 4526 345 4588 communiter
358 4543 432 4587 cum
445 4526 560 4588 Dicast.
571 4525 624 4588 lib.
642 4528 671 4596 l,
687 4534 709 4588 t.
727 4529 756 4603 1,
772 4525 802 4590 d.
813 4531 862 4606 10,
918 4530 1028 4607 Leym.
1044 4545 1075 4587 u.
1094 4529 1123 4588 1.
1140 4526 1178 4588 V.
1195 4524 1292 4587 Trull.
1309 4522 1413 4602 1.“1,0.
1431 4527 1479 4604 11,
1496 4524 1527 4588 d.
1543 4530 1573 4604 1,
1589 4545 1620 4590 n.
1637 4531 1666 4592 3.
1678 4529 1711 4592 Si

84 4627 153 4674 110.
168 4616 238 4678 leo.
254 4615 280 4675 u
299 4616 410 4676 contra
432 4614 458 4674 si
482 4614 545 4675 sint
564 4632 615 4675 res
635 4614 778 4692 mobiles,
804 4615 864 4678 dis·
919 4621 1025 4678 autem
1039 4633 1102 4690 res,
1120 4631 1217 4695 quam
1239 4631 1259 4674 s
1281 4613 1349 4676 iure
1371 4613 1456 4678 bona
1477 4613 1540 4678 ilde
1563 4617 1711 4698 accepisti

84 4697 218 4780 tinguant
231 4701 328 4783 aliqui
342 4701 467 4766 Juristae
488 4702 573 4781 apud
594 4706 695 4764 Haun.
712 4721 795 4766 num.
812 4706 862 4781 00,
919 4705 997 4785 (sive
1012 4701 1194 4778 donatione,
1209 4701 1275 4763 sive
1297 4702 1479 4782 emptione),
1495 4703 1535 4767 sit
1557 4723 1616 4768 usu
1636 4723 1712 4770 con-

86 4784 229 4867 docentes,
266 4789 293 4850 si
328 4788 390 4850 sint
420 4789 512 4851 valde
545 4791 713 4869 pretiosae,
744 4791 863 4872 acquiri
918 4789 1119 4869 sumptibilis,
1135 4805 1268 4869 eamque
1283 4806 1354 4850 cum
1370 4788 1431 4852 tuis
1444 4788 1607 4869 miscuisti,
1619 4793 1664 4856 110
1677 4798 1712 4857 ut

85 4873 230 4958 ltincipi3
259 4875 285 4940 si
312 4877 469 4957 vulgares,
494 4878 615 4958 acquiri
642 4880 862 4959 capientibus:
919 4878 1053 4942 discerni
1082 4880 1235 4958 nequeat,
1264 4876 1321 4940 etsi
1350 4877 1464 4940 deinde
1492 4878 1711 4959 deprehendas

17 5019 18 5040 ,
86 4961 132 5023 sed
157 4966 270 5028 Dicast.
301 4964 400 5042 dicit,
430 4965 553 5028 seclusa
580 4967 805 5029 consuetudine
833 4967 865 5028 in
918 4969 1065 5032 furtimm
1084 4967 1190 5044 fuisse,
1210 4983 1273 5028 uon
1293 4964 1410 5028 teucris
1428 4966 1603 5046 restituere,
1629 4971 1708 5031 Nsv.

17 5109 18 5120 .
87 5055 275 5132 roubertum,
300 5054 488 5133 regulariter
509 5055 631 5136 acquiri
656 5056 862 5136 capientibus,
920 5057 1006 5136 Sylv.
1026 5055 1108 5119 Sais.
1133 5057 1219 5117 Less.
1241 5055 1321 5119 Bon.
1343 5054 1373 5116 d.
1391 5059 1421 5133 1,
1442 5077 1473 5139 q.
1489 5059 1519 5133 3,
1539 5075 1573 5138 p.
1591 5060 1620 5134 1,
1636 5059 1711 5139 0010

17 5165 19 5177 ·
88 5138 180 5221 00105
196 5145 245 5220 17,
261 5141 337 5204 luat.
354 5141 388 5202 de
410 5160 470 5204 rer.
495 5141 632 5206 dior'sion.
655 5144 797 5208 absolute
821 5146 866 5207 sic
918 5163 976 5225 por
998 5145 1091 5208 istam
1113 5143 1366 5208 commixtionem
1387 5145 1470 5207 bona
1493 5146 1556 5208 ilde
1580 5147 1708 5224 iactam,

17 5247 19 5318 ᾗ
89 5221 237 5322 babetur:
267 5228 343 5291 Item
365 5247 400 5291 ea
421 5245 488 5311 quoe
509 5248 548 5291 ec
569 5231 695 5292 10011110
721 5233 863 5314 capimus,
920 5233 1020 5296 estin
1033 5237 1064 5296 te
1078 5233 1265 5296 translatum
1283 5233 1469 5310 dominium,
1491 5233 1534 5295 uti
1556 5232 1712 5313 colligitur

17 5347 19 5368 ι
90 5317 290 5397 rumpentium
303 5319 399 5377 stetim
420 5318 624 5400 0001101001.
640 5321 729 5393 Quod
744 5321 770 5382 si
790 5322 866 5384 talis
920 5340 958 5384 ex
980 5324 1013 5384 1..
1038 5321 1076 5384 Si
1096 5319 1192 5382 011101
1203 5320 1327 5398 nummi,
1342 5321 1378 5400 ff.
1395 5321 1430 5383 de
1441 5320 1531 5384 solut.
1547 5337 1649 5402 neque
1664 5323 1712 5384 est

17 5429 19 5460 l
90 5404 863 5489 apantu1,queuostesinjuscerapuerant,
919 5409 1012 5488 ratio,
1029 5427 1085 5473 cur
1099 5409 1167 5472 hacc
1181 5409 1297 5490 potius,
1317 5427 1413 5489 quam
1426 5409 1480 5471 illa
1498 5425 1571 5490 pars
1585 5426 1711 5472 censea-
