4120 6348
267 523 326 583 556

268 731 282 767 ιι
297 707 489 787 praetentis,
508 711 544 769 ut
557 706 597 767 de
619 705 731 786 majori
747 705 926 767 alterutrius
941 705 980 766 ad
1002 707 1060 764 Pn-

268 821 282 856 ιι
295 796 443 858 roohialis
478 795 626 857 Ecclesiae
662 795 851 874 guberninm
891 794 1059 855 idoneitate

268 908 283 942 »
299 883 460 948 Sententia
474 884 547 945 sarri
563 884 678 962 possit;
696 903 768 945 cum
782 903 844 944 non
860 883 1017 958 continuo,
1034 880 1059 942 si

269 997 283 1032 ιι
299 974 368 1053 quis
384 978 430 1034 est
445 973 575 1049 doctior,
593 971 619 1032 is
642 973 738 1033 etiam
752 972 865 1050 aptior,
883 991 937 1031 seu
960 969 1060 1049 magis

269 1086 283 1121 ιι
299 1063 430 1124 idoneus
445 1063 484 1122 ad
500 1061 531 1122 id
546 1061 687 1141 regimen
708 1062 872 1136 habeatur,
901 1060 949 1120 vel
965 1060 1060 1120 etiam

269 1150 460 1212 »habendus
483 1151 532 1210 sit.
560 1151 659 1221 Ouarn
675 1150 779 1212 Sacrae
803 1147 1060 1226 congregationis

269 1262 283 1298 »
299 1241 491 1301 Sententiam
508 1238 694 1316 Scriptores,
715 1243 746 1298 et
759 1237 940 1299 Tribunalia
954 1236 1060 1296 lauda-

269 1351 283 1385 »
300 1333 381 1389 runt.
398 1328 476 1390 Aliis
491 1327 618 1388 demum
633 1326 664 1386 in
689 1325 881 1398 Dioecesibus
895 1325 1060 1386 laudabilis

269 1439 283 1473 ιι
297 1415 426 1476 invaluit
460 1413 665 1491 consuetudo,
696 1418 729 1475 ut
764 1414 883 1474 eadem
916 1413 1061 1477 omnious

269 1525 283 1560 ιι
299 1503 501 1577 Ouaestiones,
528 1503 684 1582 iidemque
709 1521 800 1563 casus
822 1506 1058 1580 proponantor;

270 1612 283 1648 »
299 1608 335 1650 ac
351 1589 400 1668 (ne
416 1609 479 1669 qua
493 1591 585 1651 detur
595 1609 672 1650 ansa
685 1591 877 1652 Cnncellario
889 1591 1061 1670 quidquam

270 1701 284 1737 »
299 1697 355 1740 suo
371 1684 471 1740 marte
500 1679 648 1755 addendi,
665 1679 837 1754 minuendi,
859 1677 1012 1756 mutandi)
1029 1681 1062 1739 ut

269 1766 421 1846 »ipsimet
443 1769 683 1844 Concurrentes,
705 1786 774 1846 qum
798 1767 980 1846 interrogati
996 1767 1062 1826 iue-

270 1879 284 1914 »
296 1854 370 1932 rint,
387 1875 517 1935 quaeque
533 1857 763 1936 responderint,
780 1877 837 1918 sua
850 1876 945 1917 manu
967 1874 1063 1934 praes-

270 1969 284 2002 ιι
300 1944 432 2006 eribant.
447 1949 550 2024 Atque
577 1945 745 2020 Ordinarii,
764 1944 816 2025 qui
840 1963 959 2005 morem
979 1945 1062 2005 hunc

270 2057 284 2092 ιι
299 2035 392 2112 longe
407 2033 560 2111 optimum
582 2033 612 2093 in
627 2033 835 2094 examinando
849 2038 988 2108 tenuere,
1006 2035 1063 2095 Sa-

271 2145 284 2180 ιι
300 2139 361 2183 crae
399 2121 512 2181 deinde
550 2121 794 2200 Congregationi
822 2122 928 2197 etiam,
968 2127 1062 2200 atque

271 2234 285 2269 »
305 2211 399 2272 etiam
414 2209 689 2287 considerandum,
707 2210 913 2290 reliquerunt,
933 2209 992 2287 his,
1009 2211 1061 2290 qui

270 2322 286 2358 ιι
298 2299 342 2360 sic
366 2297 534 2359 examinati
558 2304 671 2375 essent,
697 2303 790 2378 atque
826 2297 1003 2377 postpositi,
1032 2299 1062 2358 in

271 2412 285 2446 ιι
300 2391 470 2467 posterum,
497 2391 530 2447 ut
556 2386 667 2462 solent,
701 2385 941 2465 Appellantibus
963 2386 1062 2446 irnlul-

271 2473 413 2554 riganda,
431 2491 528 2533 necne
556 2472 660 2534 statim
682 2473 778 2536 Electi
799 2491 915 2533 novum
935 2473 974 2533 ad
990 2491 1063 2533 exa-

272 2585 285 2618 ιι
298 2579 370 2622 men
398 2561 591 2639 provocatio,
622 2559 707 2620 nulla
732 2559 924 2638 gravaminis
947 2579 1064 2637 prorre-

271 2673 285 2707 ιι
301 2649 416 2728 quisita
442 2648 637 2727 probatione,
668 2648 827 2709 videretur
843 2669 850 2720 ;
864 2666 936 2708 cum
952 2647 999 2708 isti
1026 2669 1063 2708 ex

272 2760 286 2796 ιι
300 2737 378 2798 actis
393 2737 484 2816 primi
500 2737 651 2796 examinis
666 2755 836 2816 gravamen
852 2737 1006 2797 Doctrina
1021 2737 1064 2796 fa·

272 2850 286 2884 ιι
299 2825 357 2886 cile
372 2825 509 2905 alioquin
525 2826 658 2904 probare
675 2830 817 2904 possont;
836 2825 919 2904 quod
934 2825 986 2886 alii
1008 2825 1064 2886 ali-

272 2937 286 2971 »
300 2913 677 2974 terhimiromexaminati
686 2913 831 2991 probare,
845 2913 902 2972 nisi
913 2913 1062 2979 secundo,

273 3025 287 3059 ιι
302 3020 357 3062 seu
374 3019 454 3061 novo
467 2999 608 3060 examine
625 3018 685 3062 non
696 3005 849 3077 poterant.
864 3002 926 3060 h'ec
937 3000 1064 3060 defuere

273 3114 287 3149 ιι
302 3088 353 3150 alii
370 3089 532 3168 probitatis
553 3108 589 3148 ac
604 3089 723 3166 peritiae
752 3089 782 3148 in
807 3087 1065 3148 administrandis

273 3201 287 3237 ιι
302 3179 355 3238 diu
370 3177 514 3238 Ecclesiis
524 3177 817 3254 laudeprarstantes,
829 3176 1062 3257 quimonerent,

273 3291 287 3325 ιι
302 3266 425 3326 frenum
440 3264 566 3344 aliquod
582 3263 761 3344 hujusmodi
782 3265 1016 3343 Appellantiurn
1032 3265 1066 3326 li-

272 3377 286 3412 »
302 3355 411 3414 cenliae
427 3353 554 3415 tandem
581 3351 795 3432 injiciendum,
816 3352 1066 3432 eorunrquejam

272 3466 287 3500 ιι
302 3441 393 3504 nimis
408 3443 533 3503 crebras
550 3460 664 3503 novum
679 3441 720 3502 ad
730 3460 860 3502 examen
872 3441 1066 3520 provocatio-

273 3550 357 3592 »nes
374 3550 442 3592 csse
465 3531 698 3609 reprimendas:
717 3531 833 3610 quippe
855 3550 924 3610 quae
947 3530 997 3590 vix
1012 3548 1066 3589 un·

273 3645 287 3680 »
301 3639 397 3700 quam
412 3620 478 3680 sinc
493 3638 608 3699 magno
625 3619 835 3680 Ecclesiarunr
856 3619 970 3679 damno
994 3636 1066 3677 con·

273 3733 287 3768 ιι
302 3710 458 3787 tinguunt.
486 3711 563 3768 Nam
579 3727 651 3768 curn
671 3726 786 3768 novum
802 3725 933 3768 examen
959 3725 1066 3768 coram

273 3821 287 3856 ιι
299 3800 315 3860 J
321 3797 410 3858 udice
421 3795 646 3875 Appellationis
655 3796 747 3874 longe
760 3796 868 3873 procul
885 3793 1066 3856 aParochia

273 3909 288 3944 ιι
304 3885 521 3965 peragendum
545 3883 608 3955 sit;
640 3884 757 3944 electus
781 3884 810 3944 al
835 3884 988 3962 Episcopo
1014 3881 1067 3961 qui

274 3998 288 4034 »
302 3977 500 4054 provocatus,
511 3971 674 4049 Parochia,
684 3990 779 4052 quam
788 3973 936 4050 possidet,
945 3970 1067 4050 cogitur

273 4086 288 4120 »
303 4059 582 4139 intereatemporis
603 4060 758 4134 deserere,
783 4077 916 4138 eamque
930 4059 1066 4119 OEcono·

274 4174 287 4208 ιι
302 4169 365 4226 mo,
374 4147 969 4226 volVicariocuipiam,velutiSponsam
981 4145 1066 4226 igno·

274 4237 1067 4315 »tisCustodibus‚relinquereSponsononpamm-

275 4351 288 4385 ιι
303 4347 371 4406 per,
384 4326 439 4388 sed
455 4326 507 4385 diu
517 4344 592 4386 sane
606 4325 753 4386 abfuturo
765 4344 770 4384 :
782 4324 857 4384 dum
874 4342 997 4401 nempe,
1010 4322 1068 4383 im·

274 4413 420 4494 »plicita
446 4417 480 4475 ut
500 4415 545 4489 fit,
561 4412 626 4489 lite,
658 4417 747 4474 terna
773 4411 880 4488 etiam,
917 4412 967 4471 vel
991 4430 1068 4491 qua-

274 4525 289 4562 »
304 4509 403 4578 terna,
421 4501 482 4561 arlia
497 4520 534 4560 ex
549 4501 628 4577 aliis,
650 4500 794 4562 examina
809 4518 904 4578 super
918 4505 1069 4578 prestan-

274 4611 289 4648 ιι
305 4589 349 4651 tia
363 4589 498 4668 primum
526 4587 677 4650 doctrinae
693 4594 759 4650 tum
783 4587 896 4648 deinde
920 4587 1065 4664 aliorum,

275 4699 289 4735 ιι
305 4695 374 4755 qua·
390 4677 429 4738 ad
443 4676 661 4756 integrandam
678 4675 880 4737 idoneitatem
892 4677 1069 4752 opportuna

275 4789 289 4822 ιι
304 4769 387 4839 sunt,
418 4763 609 4826 contentiose
637 4763 894 4842 multiplicentur,
921 4767 952 4823 et
980 4779 1065 4822 com·

275 4874 289 4909 ιι
305 4851 409 4927 mode,
427 4869 466 4912 ne
487 4850 590 4911 dicam
609 4851 718 4927 otiose,
735 4851 958 4930 transigantur,
978 4854 1066 4911 ante-

274 4962 288 4996 ιι
305 4957 400 5018 quam
416 4938 589 5000 deliberari
607 4940 706 5018 possit
728 4939 788 5001 utri
810 4938 1069 5003 concurrentium

274 5050 289 5086 ιι
304 5027 458 5093 parochia
472 5027 511 5089 sit
525 5027 746 5109 adjudicanda.

315 5139 330 5176 ιι
349 5117 396 5180 Ad
413 5115 584 5178 tollendam
594 5116 748 5199 ejusmodi
762 5135 825 5179 nou
839 5117 942 5178 minus
957 5135 1071 5196 quere·

274 5227 288 5264 ιι
307 5206 409 5266 larum
445 5224 539 5285 quam
576 5205 845 5266 incommodorum
860 5203 1067 5281 occasionem,

273 5316 288 5352 ιι
308 5295 379 5358 Sac.
395 5293 549 5373 congreg.
568 5295 662 5368 Cone.
675 5293 761 5354 Trid.
790 5293 955 5374 interpres,
985 5297 1071 5370 post-

273 5406 287 5440 ιι
307 5399 402 5462 quam
420 5400 487 5444 rem
506 5401 632 5444 omnem
659 5401 678 5443 a
712 5381 813 5462 capite
846 5385 1011 5460 repetitam
1039 5383 1070 5442 in

274 5493 288 5530 ιι
308 5470 434 5554 gemina
457 5471 594 5532 sessione
617 5475 630 5533 l
664 5471 774 5534 Octob.
798 5474 829 5532 et
857 5471 894 5534 {6
916 5470 1067 5531 Novemb.

922 520 1038 582 LIBER
1059 517 1255 590 QUARTUS.

1114 725 1127 760 ιι
1148 704 1243 780 ltro,
1268 718 1390 764 summo
1425 700 1528 763 studio
1559 701 1745 782 recognovit
1761 699 1913 777 medem,

1114 816 1128 850 »
1149 792 1349 854 sanctissimo
1372 791 1466 852 etiam
1486 795 1661 868 annuente,
1684 791 1793 853 statuit
1815 789 1914 870 (quod

1114 903 1127 938 ιι
1148 885 1379 958 perproeseutes
1390 879 1523 940 Litteras
1533 877 1914 958 encyclicasexsequitur)

1114 991 1128 1024 ιι
1148 987 1255 1028 omnes
1298 971 1329 1030 el
1369 969 1508 1048 singulos
1551 968 1723 1047 Episcopos
1773 966 1915 1045 aliosque

1114 1080 1128 1113 ιι
1148 1057 1307 1133 Praelatos,
1337 1076 1434 1136 penes
1463 1075 1541 1137 qnos
1562 1057 1603 1118 sit
1617 1055 1670 1137 jus
1691 1062 1724 1118 et
1744 1054 1916 1118 auctoritas

1114 1169 1127 1202 ιι
1147 1144 1280 1206 faciendi
1314 1163 1521 1220 coneursum,
1552 1143 1673 1206 hortari
1709 1152 1743 1208 ut
1782 1161 1915 1204 eramen

1115 1257 1128 1290 ιι
1150 1234 1305 1314 ejusmodi
1333 1233 1493 1294 instituere
1523 1251 1584 1294 non
1606 1237 1794 1311 graventur,
1824 1232 1915 1311 quale

1114 1346 1128 1380 ιι
1144 1322 1211 1401 jam
1234 1327 1265 1382 et
1286 1322 1391 1382 multae
1417 1321 1572 1382 Dioeceses
1595 1325 1627 1382 et
1653 1320 1734 1384 Urbs
1764 1320 1836 1398 ipsa
1861 1319 1917 1380 ob-

1114 1433 1128 1468 ιι
1148 1414 1269 1486 servat,
1287 1413 1382 1489 atque
1398 1410 1578 1488 Apostolica
1593 1409 1686 1469 ctiam
1701 1408 1834 1471 Dataria
1846 1424 1916 1485 pos-

1115 1521 1128 1555 ιι
1148 1499 1236 1573 tulat,
1264 1498 1329 1558 sive
1357 1516 1449 1574 cum,
1479 1497 1562 1559 Sede
1585 1503 1731 1574 vacante,
1749 1501 1845 1558 vacat
1858 1497 1916 1557 Ec-

1116 1608 1129 1644 »
1149 1585 1243 1647 clesia
1264 1586 1369 1664 aliqua
1390 1584 1581 1647 Parochialis
1604 1584 1693 1664 cujus
1720 1581 1848 1646 collatio
1875 1583 1916 1644 ad

1115 1698 1129 1732 ιι
1149 1675 1263 1737 Sedem
1291 1673 1505 1752 Apostolicam
1531 1673 1707 1752 pertineat,
1743 1673 1811 1734 sive
1845 1690 1914 1734 cum

1115 1788 1129 1822 ιι
1150 1767 1241 1824 vacat
1263 1761 1455 1824 Parochialis
1481 1762 1597 1842 aliqua,
1619 1765 1654 1824 ut
1676 1760 1804 1837 dicitur,
1826 1759 1916 1840 juxta

1116 1875 1129 1909 ιι
1150 1853 1335 1924 Decretum,
1362 1851 1427 1911 sive
1450 1850 1589 1926 demum,
1616 1867 1704 1926 cum,
1728 1854 1862 1909 vacante
1884 1847 1915 1908 in

1116 1938 1326 2020 »collegiatis
1350 1944 1405 1999 aut
1423 1938 1663 2000 cathedralibus
1691 1936 1841 2000 Ecclesiis
1865 1937 1916 1998 Di-

1116 2027 1267 2108 »gnitate
1301 2027 1406 2106 aliqua
1434 2025 1563 2106 majori,
1593 2043 1749 2086 annexam
1780 2024 1916 2085 habente

1116 2142 1130 2175 ιι
1150 2135 1258 2178 curam
1273 2117 1460 2191 animarum,
1480 2114 1642 2177 faciendus
1663 2117 1711 2176 est
1731 2131 1914 2190 concursus,

1117 2231 1130 2265 ιι
1151 2211 1246 2286 atque
1273 2205 1312 2266 ad
1335 2202 1548 2283 Apostolicam
1569 2203 1729 2266 batariam
1756 2201 1917 2264 transmit-

1116 2321 1130 2352 ιι
1151 2294 1275 2369 tendus,
1303 2297 1338 2354 ut
1365 2295 1473 2354 notum
1502 2295 1568 2368 est,
1600 2295 1695 2372 atque
1727 2291 1759 2350 in
1793 2289 1917 2352 Litteris

1117 2409 1130 2441 ιι
1151 2402 1220 2464 quae
1249 2382 1288 2442 de
1325 2381 1433 2442 ordine
1465 2379 1657 2443 Sanctissimi
1692 2383 1767 2441 tunc
1803 2396 1822 2439 e
1860 2380 1916 2440 lla·

1117 2495 1131 2529 »
1153 2471 1234 2534 taria
1260 2469 1418 2549 prodeunt
1444 2469 1527 2530 clare
1544 2465 1768 2546 prescribitur.

1158 2583 1172 2617 ιι
1192 2562 1330 2621 Vacante
1349 2557 1455 2637 itaque
1478 2556 1618 2617 Ecclesia
1643 2553 1822 2616 Parochiali
1848 2573 1917 2634 qua

1118 2674 1131 2708 ιι
1152 2645 1342 2712 conferenda
1355 2646 1394 2707 sit
1411 2665 1467 2725 per
1481 2661 1669 2706 concursum
1683 2647 1779 2722 atque
1795 2641 1855 2703 hoc
1870 2660 1916 2704 so·

1118 2761 1131 2795 ιι
1152 2737 1213 2798 litis
1227 2733 1367 2796 formulis
1383 2733 1510 2810 indicto,
1533 2732 1612 2806 haec,
1636 2751 1705 2810 quae
1727 2735 1913 2810 sequuntur,

1118 2849 1132 2882 ιι
1152 2843 1190 2885 ex
1212 2827 1281 2888 Suc.
1305 2822 1458 2901 dongrog.
1485 2820 1655 2896 sententia,
1681 2819 1824 2896 consilio,
1846 2837 1916 2884 sua-

1119 2937 1132 2972 »
1152 2913 1251 2988 sione,
1267 2909 1422 2972 servanda
1436 2912 1664 2989 proponuntur.

1158 3024 1172 3060 ιι
1192 3001 1330 3063 Primum
1358 3017 1483 3078 nempe,
1507 3002 1542 3058 ut
1568 2997 1768 3076 assignentur
1797 2993 1915 3056 eaedem

1119 3113 1132 3148 ιι
1153 3089 1296 3150 omnibus
1316 3086 1573 3149 concurrentibus
1598 3084 1799 3165 quastiones,
1823 3083 1916 3143 iidem

1119 3201 1133 3235 ιι
1154 3197 1243 3240 casus
1262 3177 1407 3256 idemque
1429 3179 1528 3237 textus
1550 3175 1712 3254 Evangelii
1733 3193 1830 3255 super
1856 3193 1916 3255 quo

1119 3291 1132 3324 ιι
1153 3265 1305 3328 sermonis
1324 3263 1442 3344 aliquid
1465 3263 1692 3342 praescribunt,
1711 3263 1752 3323 ad
1782 3262 1918 3342 proban-

1119 3379 1133 3414 »
1153 3355 1226 3416 dam
1242 3353 1366 3414 dicendi
1382 3371 1437 3432 pro
1453 3351 1603 3413 concione
1622 3351 1815 3414 facultatem.

1160 3465 1174 3500 ιι
1194 3442 1346 3516 Alterum,
1377 3447 1411 3500 ut
1438 3459 1528 3502 casus
1556 3445 1587 3500 et
1615 3440 1918 3520 quastionesresol-

1119 3553 1134 3589 »
1153 3530 1263 3591 vendre
1287 3529 1443 3591 dictentur
1463 3527 1608 3590 omnibus
1628 3529 1740 3589 eodem
1762 3533 1915 3608 tempore,

1120 3643 1133 3676 ιι
1154 3624 1247 3698 atque
1263 3617 1407 3678 omnibus
1418 3616 1802 3696 paritereodemtemporc
1818 3621 1917 3680 textus

1121 3731 1134 3764 ιι
1153 3706 1313 3785 Evangelii
1329 3705 1481 3767 tradatur.

1160 3817 1174 3853 »
1193 3794 1353 3869 Tertium,
1383 3800 1418 3854 ut
1445 3798 1567 3854 certum
1596 3791 1742 3872 idemque
1771 3794 1916 3856 omnihus

1121 3907 1134 3941 ιι
1155 3882 1293 3961 spatium
1315 3881 1466 3961 temporis
1501 3881 1707 3942 constituatur
1728 3881 1812 3943 intra
1836 3882 1916 3963 quod

1121 3996 1134 4030 »
1154 3971 1423 4046 eosusresolvant,
1447 3969 1672 4048 quaestionibus
1691 3970 1915 4049 respondeant,

1121 4084 1134 4119 ιι
1155 4059 1390 4120 conciunculam
1404 4061 1604 4136 componant.

1160 4170 1174 4206 ιι
1194 4149 1356 4222 Quartum,
1382 4151 1416 4209 ut
1437 4147 1548 4206 eodem
1568 4149 1794 4208 concurrentes
1809 4164 1916 4208 omnes

1122 4236 1188 4296 »in
1222 4235 1361 4297 conclavi
1395 4235 1601 4312 claudantur,
1636 4234 1739 4312 unde,
1779 4236 1917 4314 quandiu

1121 4349 1135 4382 ιι
1155 4323 1291 4386 scribent
1311 4322 1453 4403 (dabitur
1483 4322 1566 4384 enim
1596 4323 1740 4384 omnibus
1762 4323 1917 4385 scribendi

1121 4435 1135 4470 ιι
1156 4411 1256 4492 copia)
1272 4431 1363 4473 uerno
1375 4430 1484 4472 eorum
1494 4411 1612 4490 egredi,
1628 4430 1729 4492 neque
1740 4412 1823 4473 alius
1838 4411 1918 4492 quis-

1122 4525 1135 4559 »
1155 4501 1238 4579 piam
1272 4519 1308 4562 co
1345 4499 1467 4578 ingredi
1503 4499 1620 4576 possit,
1659 4499 1716 4559 nisi
1752 4501 1918 4580 postquam

1122 4611 1135 4645 ιι
1155 4589 1271 4667 scripta
1285 4585 1475 4648 confecerint
1494 4591 1524 4647 et
1539 4586 1746 4648 exhibuerint.

1162 4698 1176 4732 ιι
1196 4674 1355 4750 Quintum,
1385 4679 1420 4736 ut
1444 4693 1552 4735 omnes
1580 4692 1637 4734 sua
1661 4673 1795 4754 quisque
1825 4693 1916 4736 mann

1122 4787 1136 4822 »
1155 4768 1221 4825 tum
1235 4781 1396 4842 responsa,
1413 4767 1480 4824 tum
1494 4779 1670 4824 sermonem
1685 4762 1828 4826 scribant
1847 4763 1917 4824 sub-

1123 4876 1135 4910 »
1158 4851 1368 4932 scribantque.

1163 4965 1176 5000 ιι
1197 4943 1349 5017 Sextum,
1380 4944 1414 5002 ut
1450 4958 1601 5017 responsa
1633 4938 1761 5020 quidem
1798 4939 1913 5016 latine,

1123 5048 1257 5092 »sermo
1284 5033 1388 5090 autem
1411 5047 1449 5089 ea
1471 5047 1533 5108 qua
1558 5027 1599 5090 ad
1629 5028 1781 5106 populum
1810 5028 1914 5090 baben'

1123 5141 1137 5176 »
1157 5119 1235 5180 solet
1247 5116 1356 5196 lingua
1369 5117 1533 5178 scribatur.

1163 5228 1177 5262 »
1198 5207 1405 5280 Postremum,
1422 5209 1457 5263 ut
1470 5202 1718 5282 unumquodque
1732 5219 1914 5282 responsum

1123 5316 1137 5351 ιι
1158 5299 1189 5353 et
1212 5291 1424 5371 unusquisque
1440 5309 1554 5366 sermo,
1577 5309 1647 5350 cum
1667 5289 1708 5350 ab
1731 5307 1913 5372 unoquoque

1124 5404 1137 5439 ιι
1158 5380 1416 5443 Concurrentium
1435 5379 1644 5456 exhibebitur,
1665 5397 1728 5439 non
1756 5381 1857 5441 solum
1876 5378 1913 5440 ab

1124 5493 1138 5529 »
1158 5489 1207 5547 eo,
1230 5470 1282 5550 qui
1307 5469 1430 5548 scripsit
1457 5473 1551 5548 atque
1574 5487 1593 5528 a
1623 5466 1814 5529 Cancellario
1837 5469 1913 5530 Con·
