3994 6344
304 536 363 596 268
882 535 998 597 LIBER
1018 532 1199 609 TERTIUS,
1222 531 1323 594 PARS
1344 529 1382 594 Il.

298 721 376 781 sorte
397 719 523 781 tollatur
546 719 704 780 vinculum
728 718 898 798 religionis,
926 719 969 780 uli
996 718 1091 779 etiam
1150 721 1254 778 actum
1273 715 1429 796 jurantis,
1453 719 1485 776 et
1507 715 1603 794 aliqui
1621 715 1707 794 apud
1735 716 1812 793 Lug.
1832 714 1863 776 d.
1884 719 1929 790 22,

277 825 281 832 ·
297 825 369 869 cum
384 809 738 882 communitionem,
752 807 814 868 imo
829 806 934 867 verius
949 805 1092 885 estquod
1149 824 1178 864 η.
1195 808 1265 880 213,
1283 802 1499 863 universaliter
1513 802 1544 862 id
1559 807 1687 881 negant,
1704 800 1931 882 quiajuramen·

298 896 423 975 quando
450 896 550 958 altera
571 913 645 975 pars
668 898 715 956 est
739 894 846 969 invita,
864 895 958 956 etiam
972 894 1092 972 injuste
1148 898 1215 955 tam
1230 900 1276 954 est
1290 893 1449 954 vinculum
1470 892 1631 970 spirituale-
1650 897 1797 969 spectans
1816 891 1855 951 ad
1869 890 1931 950 reli-

298 985 425 1045 tollatur
439 985 497 1044 boe
512 985 672 1044 vinculum
688 984 856 1062 religionis
874 983 947 1061 quia
961 1001 999 1042 ex
1013 999 1089 1041 con·
1147 980 1283 1058 gionem.
1301 980 1361 1041 Alii
1378 978 1594 1040 universaliter
1613 978 1784 1055 affirnmnt,
1800 977 1872 1057 quia
1885 995 1933 1036 ro·

297 1091 390 1132 sensu
404 1072 541 1149 partium
556 1076 603 1132 est
616 1071 779 1132 inductum
794 1075 824 1131 et
837 1071 989 1150 majorem
1006 1087 1092 1130 secu·
1147 1069 1282 1129 luntates
1310 1068 1507 1130 subditorum
1529 1070 1603 1127 suut
1625 1065 1777 1145 subjectas
1795 1065 1932 1146 potestati

297 1159 422 1220 ritatem
438 1159 575 1220 addebat
589 1158 778 1230 contractui3
791 1177 891 1237 neque
902 1158 1094 1236 Superiores
1148 1157 1241 1216 eliam
1257 1157 1409 1227 saeculari,
1427 1155 1478 1215 obi
1494 1157 1611 1216 bonum
1626 1171 1796 1214 commune
1810 1153 1853 1213 ita
1867 1171 1933 1230 pos·

298 1247 505 1308 Ecclesiastiei
535 1245 653 1308 habent
666 1251 851 1324 potestatem
872 1244 1030 1307 relaxandi
1050 1249 1094 1304 ta·
1148 1243 1235 1304 tulol.
1256 1243 1370 1305 Sanelr.
1385 1243 1460 1303 dicit
1475 1243 1632 1320 bocposse
1646 1240 1811 1318 indirecte,
1827 1259 1933 1318 nempe
1994 1313 1995 1316 Ἴ

298 1335 341 1395 lia
356 1334 481 1395 vineola
496 1334 527 1393 in
543 1334 833 1413 praejudiciumvol
847 1334 996 1393 damnum
1009 1331 1092 1392 tertii
1148 1330 1371 1390 antecedenter
1406 1329 1556 1390 irritando
1597 1331 1813 1403 contractum,
1846 1345 1935 1404 supra
1994 1351 1995 1360 ³

301 1423 343 1483 uti
359 1441 429 1484 cum
445 1422 604 1482 communi
618 1425 697 1484 666.
714 1441 744 1481 6.
762 1425 797 1481 11
818 1426 850 1482 et
865 1421 894 1481 in
911 1421 1003 1481 certis
1025 1421 1095 1480 tan-
1149 1435 1242 1498 quem
1257 1417 1386 1478 caderet
1396 1416 1622 1496 juramentum,
1636 1415 1680 1476 ita
1696 1419 1730 1476 ut
1741 1433 1804 1476 non
1817 1415 1858 1475 sit
1870 1433 1934 1474 nes-
1993 1451 1995 1500 p

298 1514 366 1572 tum
380 1509 502 1570 casibus
514 1508 779 1584 extraordinariis,
793 1507 988 1587 inquitLugo
1001 1505 1091 1580 d.⁶.)3,
1150 1508 1251 1567 citare
1261 1506 1410 1585 obligatio
1427 1523 1527 1584 neque
1543 1503 1688 1579 lustitia,
1706 1502 1933 1583 nequereligio·
1993 1507 1995 1572 'j

299 1618 329 1657 6.
346 1601 395 1671 61,
414 1597 509 1656 66661
524 1599 610 1674 Papa
623 1600 808 1674 potestatem
831 1595 964 1674 cogendi
987 1594 1094 1654 fideles
1149 1595 1211 1666 nis;
1230 1598 1370 1655 econtra
1394 1595 1484 1654 Suar.
1502 1593 1595 1653 Barb.
1613 1592 1730 1671 aliique
1751 1589 1935 1670 probabilius
1993 1623 1995 1652 ;

300 1681 690 1762 adcedendumjurisuo.
719 1681 780 1742 Nec
801 1681 892 1742 obstat
916 1681 1000 1760 quod
1023 1699 1094 1742 con·
1150 1678 1430 1758 dicunt,quamvis
1453 1680 1485 1740 in
1506 1681 1566 1741 hoc
1587 1697 1662 1740 casu
1684 1697 1749 1740 666
1765 1681 1936 1740 nasceretur
1993 1673 1995 1750 l

299 1772 435 1833 firmatio
458 1775 639 1832 contractus
663 1771 694 1830 in
719 1771 785 1830 lieri
808 1771 946 1848 pendeat
967 1789 987 1829 a
1009 1768 1095 1848 jura·
1150 1766 1299 1844 obligatio
1314 1767 1459 1845 lustitia,
1483 1772 1587 1829 tamen
1613 1766 1808 1828 nascituram
1823 1765 1934 1844 obliga·
1993 1769 1995 1818 ἑ

299 1863 417 1926 mento,
435 1877 502 1922 nam
518 1877 581 1920 non
596 1859 667 1920 ideo
678 1859 835 1937 pendetin
847 1858 1037 1934 conservari,
1051 1858 1094 1917 uli
1150 1853 1268 1914 tionem
1284 1855 1452 1934 religionis,
1470 1855 1564 1916 utilit
1583 1854 1710 1932 quando
1724 1854 1853 1934 jurator
1865 1871 1932 1914 eon·
1994 1843 1995 1926 l

299 1951 387 2026 patet
402 1949 495 2008 etiam
511 1947 542 2007 in
558 1947 660 2008 causis
673 1947 822 2025 physicis,
839 1963 858 2006 a
881 1947 994 2026 quibus
1021 1963 1094 2023 pen·
1149 1947 1277 2018 tractus,
1291 1943 1342 2022 qai
1358 1943 1398 2004 ab
1414 1943 1501 2004 initio
1517 1946 1575 2019 est,
1594 1947 1626 2004 et
1639 1946 1748 2004 monet
1762 1942 1936 2019 irritus,po·
1990 1941 1995 2008 l

301 2035 354 2096 det
368 2037 496 2095 effeetus
511 2035 541 2094 in
557 2034 637 2111 fieri,
654 2053 716 2095 non
731 2037 836 2094 tamen
851 2034 882 2093 in
898 2031 1092 2103 conservari;
1149 2034 1210 2090 test
1231 2035 1336 2090 66666
1361 2031 1444 2092 licite
1466 2031 1600 2109 impleri.
1625 2030 1723 2092 aedit
1747 2035 1833 2090 reete
1856 2032 1935 2106 Lugo

302 2126 333 2184 et
346 2122 430 2183 idem
444 2127 490 2182 est
515 2121 546 2180 in
566 2121 753 2194 moralibus;
777 2121 821 2181 sic
844 2121 927 2182 enim
946 2119 1094 2198 obligatio
1149 2137 1179 2178 6.
1195 2119 1263 2190 616,
1281 2119 1660 2196 potestatemsaecularem
1678 2117 1776 2178 etiam
1793 2116 1838 2176 sic
1853 2133 1936 2194 posse
1994 2157 1995 2178 2

301 2213 479 2272 contractus
493 2210 615 2270 onerosi
631 2210 748 2288 pendet
761 2210 793 2268 in
807 2209 874 2269 lieri
900 2227 919 2268 a
942 2225 1095 2268 consensu
1150 2205 1312 2283 impedire,
1329 2206 1353 2266 si
1369 2206 1590 2266 antecedenter
1600 2205 1659 2266 sub
1673 2205 1769 2282 culpa
1776 2205 1936 2282 probibeat

301 2297 462 2376 utriusque
478 2316 538 2357 non
554 2301 659 2359 tamen
673 2297 705 2357 in
720 2297 897 2358 conservari
912 2317 918 2356 :
931 2295 1095 2356 licetenim
1150 2299 1359 2368 contractum,
1386 2293 1459 2372 quia
1481 2311 1595 2370 nempe
1621 2291 1833 2352 communiter
1854 2294 1938 2351 nocet
1993 2339 1995 2346 ,

301 2405 398 2448 unum
412 2385 573 2464 poeniteat,
590 2387 697 2446 manet
710 2390 815 2446 tomen
830 2383 991 2462 obligatio,
1010 2381 1094 2461 quod
1149 2382 1231 2441 bono
1247 2381 1383 2458 publico,
1401 2382 1445 2442 sie
1460 2381 1544 2440 enim
1557 2380 1693 2442 materia
1702 2379 1876 2458 juramenti
1890 2379 1937 2439 fiel
1993 2399 1995 2408 ’

301 2472 395 2533 eliam
409 2472 533 2532 videtur
548 2471 689 2532 innuere.
708 2473 780 2550 llep.
795 2474 846 2532 73.
864 2470 907 2531 De
920 2490 980 2550 rep.
985 2469 1052 2548 jau.
1065 2469 1094 2527 ia
1149 2469 1274 2541 illicita3
1299 2487 1373 2547 ergo
1398 2469 1566 2548 nequidem
1590 2487 1627 2528 ex
1660 2467 1811 2545 religione
1831 2465 1937 2545 poterit
1994 2487 1995 2540 j

299 2565 329 2622 6.
347 2559 470 2620 Factam
484 2560 613 2640 lepitana
626 2559 853 2620 retractariaon
868 2558 955 2625 debet,
970 2557 1095 2617 licetca-
1151 2575 1217 2616 esse
1241 2557 1389 2635 obligatio
1412 2557 1562 2634 implendi
1582 2555 1798 2635 juramentum
1823 2553 1863 2614 do
1877 2553 1933 2612 illa.
1993 2569 1995 2602 2

299 2665 346 2706 sas
356 2657 455 2727 postea
469 2648 575 2722 ueniat,
591 2665 680 2728 equo
694 2665 751 2707 aon
771 2647 868 2726 pulait
887 2646 1031 2707 inchoari.
1057 2647 1097 2705 llt
1150 2641 1291 2721 Denique
1305 2649 1394 2722 putat
1405 2647 1509 2706 ¹Castr.
1529 2643 1566 2704 de
1575 2644 1642 2725 jar.
1660 2642 1734 2717 (1.6,
1745 2662 1780 2722 p.
1799 2643 1849 2708 la,
1865 2659 1895 2702 6.
1910 2644 1936 2716 2,
1993 2643 1995 2678 ἵ

300 2735 345 2796 ita
359 2736 472 2797 docent
486 2737 577 2796 Suar.
595 2736 666 2797 Mol.
684 2738 768 2797 Less.
788 2735 903 2814 aliique
920 2751 992 2794 cum
1013 2735 1093 2795 Onn.
1150 2731 1245 2792 etiarn
1260 2731 1319 2794 hoe
1335 2752 1436 2811 posse,
1454 2733 1478 2793 si
1496 2733 1657 2812 jurantem
1682 2731 1796 2792 reddat
1818 2730 1937 2806 incapa-

301 2841 332 2882 n.
348 2824 387 2881 61
401 2825 432 2882 et
446 2821 560 2882 iterum
574 2841 605 2883 n.
631 2826 700 2896 116,
727 2822 870 2900 quamvis
895 2823 986 2882 Suar.
1013 2823 1092 2882 Onn.
1150 2835 1219 2878 cem
1238 2819 1427 2898 juramenti,
1451 2820 1508 2882 sed
1530 2839 1593 2881 non
1621 2823 1755 2898 apparet
1788 2817 1936 2897 quomodo
1994 2831 1995 2834 ’

302 2925 332 2970 6.
358 2913 407 2985 42,
434 2913 595 2994 l'ateantur
618 2909 796 2987 opinionem
819 2909 1009 2969 contrariam
1028 2927 1095 2968 esse
1150 2906 1248 2983 possit
1260 2909 1392 2968 reddere
1407 2909 1600 2987 incapacem,
1613 2925 1686 2967 cum
1700 2906 1762 2967 hoe
1771 2902 1937 2984 spectetad
1994 2937 1995 2940 ¹

302 2997 508 3075 probabilem,
527 3015 640 3074 nempe
657 2997 779 3057 sublato
800 2995 978 3075 juramento
1001 2996 1097 3056 talem
1151 2993 1254 3056 forum
1269 2997 1431 3074 spirituale
1445 2997 1569 3058 animm.

302 3087 497 3146 contractum
512 3103 639 3144 manere
662 3085 795 3158 irritum,
813 3102 849 3144 eo
871 3083 955 3162 quod
970 3102 1020 3143 res
1040 3101 1098 3160 per
1190 3085 1270 3162 §tt
1287 3086 1506 3146 Juramentum
1523 3087 1628 3162 posset
1652 3099 1732 3158 esse,
1758 3082 1807 3142 vel
1830 3081 1869 3142 de
1886 3080 1938 3140 im·
1957 3103 1995 3152 nt

303 3172 430 3233 easdem
444 3189 554 3233 causas
566 3172 764 3246 dissolvatur,
777 3189 833 3249 per
848 3189 925 3250 giras
940 3171 1094 3239 naseitur;
1151 3171 1277 3250 plaudo,
1301 3172 1350 3232 vel
1361 3173 1400 3232 de
1422 3171 1652 3251 perseverando
1668 3172 1701 3232 in
1714 3173 1879 3231 contractu
1892 3167 1938 3228 rel
1994 3199 1995 3212 2

302 3259 407 3337 opinio
431 3265 537 3321 tamen
562 3260 662 3320 altera
684 3264 790 3320 manet
812 3258 1003 3337 probabilior
1027 3279 1033 3320 :
1059 3277 1097 3318 ex
1152 3258 1191 3318 de
1206 3275 1267 3318 666
1282 3258 1417 3336 petenda
1432 3258 1623 3320 relaxatione
1641 3256 1815 3336 juramenti
1831 3276 1838 3315 :
1854 3256 1937 3317 tura·
1994 3283 1995 3298 2

303 3365 366 3428 qua
380 3347 442 3408 duo
458 3354 641 3426 sarpiuntur,
658 3348 689 3407 in
705 3347 812 3425 primis
825 3346 922 3424 repeti
934 3365 994 3407 non
1007 3363 1097 3423 posse
1151 3349 1292 3406 mentum
1306 3345 1345 3405 de
1360 3345 1518 3425 implendo
1534 3349 1697 3408 contractu
1714 3343 1849 3404 includit
1856 3342 1937 3422 jura·
1994 3397 1995 3402 ,

303 3435 373 3511 666,
390 3436 474 3516 qaod
489 3436 1096 3512 solutumesteontracluperdurassen-
1151 3437 1291 3492 mentum
1311 3433 1350 3492 de
1374 3432 1605 3511 perseverando
1630 3430 1660 3491 iu
1685 3435 1866 3500 contracta;
1891 3425 1935 3506 qai
1994 3465 1995 3502 3

301 3526 368 3584 tum
381 3523 576 3600 confirmato,
593 3523 637 3584 uti
653 3523 994 3584 eumcommoniSuor.
1008 3541 1030 3582 e.
1044 3525 1093 3598 ⁹25,
1152 3511 1234 3571 euim
1252 3512 1373 3573 sincere
1392 3512 1479 3592 jurat
1500 3512 1630 3591 implere
1650 3509 1740 3590 jurat
1763 3509 1891 3588 implere
1909 3507 1936 3565 ia
1993 3551 1995 3594 3

301 3630 331 3671 6.
348 3614 382 3683 6ς
400 3612 514 3672 Sanch.
532 3629 557 3672 e.
576 3617 624 3685 ta,
641 3631 671 3672 6.
688 3615 738 3686 61,
755 3611 870 3690 aliique
885 3610 1008 3688 plurimi
1024 3629 1096 3670 cain
1151 3603 1303 3677 tempore,
1322 3619 1378 3678 pro
1395 3618 1456 3679 quo
1468 3600 1572 3679 jurat:
1589 3617 1665 3677 ergo
1676 3597 1766 3677 jurat
1778 3616 1841 3658 non
1860 3612 1936 3656 reve
1994 3655 1995 3658 ,

302 3701 383 3760 Onn,
400 3717 430 3758 n,
448 3702 497 3760 43,
516 3700 633 3760 Deinde
649 3698 791 3778 sequitur
804 3701 861 3760 ,lus
880 3702 910 3759 et
934 3697 1095 3775 obligatio.
1151 3705 1235 3763 care,
1252 3687 1307 3748 sed
1322 3705 1524 3765 perseverare
1538 3687 1570 3747 in
1581 3690 1812 3764 contractupro
1825 3687 1937 3746 sotem-

302 3804 385 3864 nem,
403 3805 472 3866 666
487 3787 629 3849 oriuntur
644 3805 682 3847 ea
695 3791 854 3847 contractu
865 3787 1096 3864 periuramon-
1151 3790 1238 3850 llOsss·
1264 3774 1360 3834 Addit
1383 3777 1462 3836 0⁰1¹·
1480 3794 1511 3836 n·
1527 3777 1578 3849 Ἃ,
1595 3789 1680 3848 eum,
1703 3772 1757 3852 qui
1779 3771 1866 3851 l¹¹rat
1886 3770 1937 3830 im·
1994 3785 1995 3788 ’

303 3879 370 3934 tum
384 3875 578 3951 confirmato,
595 3874 727 3934 transire
742 3873 782 3934 ad
798 3874 949 3945 haeredes,
963 3873 1007 3932 uti
1024 3891 1096 3932 eum
1151 3859 1248 3936 lllffl'ss,
1266 3860 1361 3920 ellam
1376 3861 1474 3922 videri
1485 3861 1595 3923 sallem
1605 3859 1816 3920 ⁰⁰fflffl¹1sslle¹⁸
1826 3857 1934 3938 jurares

303 3962 334 4021 s,
361 3961 418 4020 Th,
445 3965 477 4021 et
497 3959 566 4022 aliis
589 3965 695 4021 tenant
717 3963 803 4038 [ηερ
827 3981 857 4021 η,
883 3963 939 4021 193
963 3963 994 4020 et
1013 3962 1092 4021 Onn.
1152 3947 1235 4025 quod
1251 3948 1327 4010 nolit
1340 3953 1446 4028 petere
1461 3949 1686 4010 relaxationem
1701 3945 1883 4026 juramenti,
1905 3961 1937 4004 ee
1994 4009 1995 4030 3

300 4067 333 4107 6.
350 4051 407 4120 16;
424 4068 441 4108 6
456 4052 565 4108 666166
576 4049 640 4129 jue,
656 4049 705 4108 vel
716 4039 874 4127 obligabo,
888 4047 1095 4126 quapracise
1151 4035 1234 4095 essim
1259 4035 1428 4098 intentione
1443 4035 1559 4116 petitur
1581 4037 1631 4098 vel
1651 4040 1836 4114 acceptatur
1858 4033 1935 4113 jura·
1993 4043 1995 4114 ξ

303 4155 341 4196 ex
355 4138 371 4198 J
376 4140 537 4197 uramenta
553 4136 701 4212 nascitur,
720 4155 782 4196 non
797 4136 909 4196 transit
934 4137 974 4195 ad
998 4136 1095 4195 haere-
1150 4127 1290 4184 mantum
1302 4125 1342 4186 ab
1353 4125 1508 4202 atterant
1513 4124 1625 4204 jurans
1634 4121 1875 4204 astringamur
1884 4120 1935 4180 im‘
1993 4131 1994 4134 ’

304 4221 369 4298 des,
386 4224 440 4284 sed
455 4223 684 4303 estparsonalis
698 4228 728 4285 et
743 4223 861 4300 obligat
875 4223 959 4282 illam
975 4226 1096 4282 tantum
1150 4210 1314 4288 blendumt
1333 4231 1407 4290 ergo
1432 4219 1466 4274 ut
1493 4231 1555 4274 666
1579 4213 1679 4291 possit
1691 4212 1852 4273 declinare
1866 4207 1934 4270 obli·
1994 4213 1995 4224 ³

278 4323 471 4388 personam
499 4331 569 4392 quae
592 4311 721 4392 juravit,
752 4310 830 4372 Vide
861 4314 948 4390 Lugo
977 4309 1007 4370 d,
1043 4313 1093 4384 ⁰23,
1150 4298 1308 4377 gallonem
1323 4299 1525 4379 adimplendi,
1545 4305 1576 4362 et
1590 4302 1822 4380 consequenter
1835 4296 1931 4368 etiam,
1994 4363 1995 4366 Ἴ

302 4417 333 4457 6.
352 4401 402 4460 68.
1151 4391 1260 4448 utnon
1276 4388 1373 4466 possit
1387 4393 1492 4466 petere
1503 4387 1745 4448 relaxationem:
1764 4385 1825 4446 boc
1840 4387 1933 4444 16666

236 4518 276 4563 ,Μ
345 4488 426 4565 §23-
450 4490 506 4550 Jus
530 4489 719 4549 Canopicum
750 4491 851 4566 potest
874 4487 1096 4548 antecedenter
1150 4475 1661 4555 pendetilllllllenllonejurtinl-ls,
1688 4479 1720 4536 el
1744 4473 1934 4536 circumstan-

303 4577 426 4638 irritare
453 4578 689 4651 loramentum,
712 4576 757 4636 sic
778 4575 862 4635 enim
884 4575 969 4635 Trid.
994 4595 1018 4636 a.
1045 4579 1093 4652 95,
1151 4563 1195 4626 lla
1225 4581 1407 4641 causarum,
1428 4581 1498 4644 quae
1518 4563 1722 4643 supervenire
1742 4565 1882 4642 possunt,
1905 4559 1933 4617 ul

303 4677 329 4718 c.
348 4660 396 4724 16,
417 4653 452 4715 de
475 4655 575 4735 llepal.
602 4655 720 4731 statuit,
738 4655 871 4716 utnulla
894 4655 1093 4731 renuntiati0,
1147 4651 1215 4733 jam
1234 4652 1365 4714 dicetur.

305 4743 356 4806 vel
388 4742 535 4822 obligatio
557 4745 652 4805 etiam
665 4742 771 4824 jurata
793 4743 907 4816 valeat,
931 4742 988 4802 nisi
1013 4743 1097 4804 laeta
1189 4741 1270 4819 525.
1289 4743 1509 4803 loramentum
1533 4740 1572 4802 de
1596 4757 1658 4802 666
1673 4739 1812 4818 petenda
1825 4739 1933 4801 661666-
1952 4755 1981 4802 aa

304 4850 377 4894 cum
396 4831 523 4892 lieentia
543 4830 687 4910 Episcopi
712 4835 766 4891 aut
787 4830 854 4910 ejus
876 4831 991 4893 vicarii
1016 4831 1098 4892 intra
1151 4829 1234 4890 tione
1250 4830 1378 4909 obligat,
1391 4829 1464 4909 quia
1474 4832 1576 4907 potest
1587 4829 1706 4890 seruari
1722 4830 1790 4889 sine
1800 4829 1930 4908 peceato:

304 4921 383 4983 duos
410 4937 533 4979 menses
564 4920 722 4997 proximos
749 4921 822 4978 ante
848 4919 1094 4996 professionem,
1152 4936 1226 4996 ergo
1249 4918 1369 4990 dobet;
1395 4918 1539 4999 valetque
1563 4918 1623 4979 hoc
1646 4918 1822 4978 seeundum
1849 4917 1929 4978 Soar.

305 5006 448 5087 quamvis
470 5006 668 5086 professuros
684 5006 778 5066 etiam
793 5006 898 5066 addito
917 5005 1096 5085 juramento
1151 5025 1177 5067 c.
1195 5008 1244 5072 25,
1261 5025 1290 5066 6.
1309 5008 1340 5066 11
1360 5013 1388 5066 et
1401 5024 1426 5066 c.
1443 5007 1497 5077 aa
1515 5004 1630 5068 Sanoh.
1656 5023 1682 5064 c.
1704 5007 1736 5071 9,
1752 5025 1782 5066 a.
1798 5003 1893 5072 2661
1908 5005 1931 5057 el
1994 5031 1995 5040 2

305 5096 378 5156 huie
401 5095 499 5156 favori
514 5094 740 5156 renuntiasset:
758 5099 789 5154 et
803 5097 899 5170 patet,
927 5093 1010 5171 quod
1030 5098 1097 5154 lana
1152 5096 1210 5166 65;
1227 5096 1312 5154 Less.
1329 5111 1353 5156 e.
1367 5095 1417 5160 26,
1437 5112 1469 5154 6.
1494 5096 1543 5154 27.
1561 5095 1641 5154 066.
1667 5110 1698 5154 a.
1712 5093 1782 5169 leo,
1804 5085 1931 5170 quemvis

305 5202 363 5265 per
376 5183 438 5244 tale
457 5183 684 5262 juramentum,
708 5199 766 5241 666
794 5180 971 5242 confirmari
1000 5181 1099 5258 possit
1152 5181 1231 5242 alter
1244 5198 1300 5259 per
1315 5179 1461 5258 injuriam
1476 5179 1666 5254 extorsisset,
1682 5177 1759 5258 quia
1771 5171 1931 5240 reverentia

305 5275 494 5346 contractus,
513 5287 570 5330 uec
594 5270 658 5330 ulla
680 5266 829 5347 obligatio
848 5266 965 5328 induci.
988 5268 1096 5329 Solum
1149 5267 1318 5348 juramenti
1334 5267 1547 5346 principaliter
1561 5265 1689 5345 respicit
1703 5269 1814 5343 Deum,
1830 5261 1931 5345 quiin-

307 5357 478 5434 dubitatur,
495 5377 533 5418 en
546 5357 598 5437 jus
612 5356 702 5418 civile
728 5357 779 5417 vel
799 5357 949 5434 Princeps
968 5356 1097 5418 saecula·
1149 5356 1268 5437 juriam
1282 5375 1352 5419 non
1373 5357 1495 5433 intulit,
1517 5356 1577 5418 boe
1601 5359 1710 5418 tamea
1730 5355 1929 5436 jurameutum

306 5446 350 5519 ris
373 5447 467 5510 etiam
490 5445 550 5508 hoe
573 5445 681 5532 possit,
698 5444 920 5507 antecedenter
943 5443 1095 5510 irritando
1153 5443 1264 5506 mento
1278 5444 1412 5506 relaxari
1426 5441 1758 5530 potestaSupen'ore,
1775 5441 1929 5508 etiamuon
1993 5523 1995 5528 ,
