3994 6344
303 452 361 514 434

304 657 354 701 444
378 655 447 720 quae
462 638 543 719 perit
556 641 641 720 apud
655 641 798 721 iniquum
819 642 1013 702 detentorem
1039 658 1095 718 pe-

303 727 403 789 ritura
420 728 528 790 luisset
547 730 631 808 apud
654 729 827 790 dominum.
843 749 874 790 n.
897 733 966 804 477,
981 745 1020 787 an
1043 726 1095 788 tri·

303 815 414 876 butum
430 816 470 878 sit
490 815 620 896 justum.
638 837 669 878 a.
688 821 757 894 478,
774 837 814 878 44
834 817 982 895 Princeps
999 814 1096 894 possit

303 903 457 965 tributum
481 905 653 983 imponere.
676 925 707 965 4.
728 909 802 980 464,
826 925 866 966 44
889 904 1045 978 dominus,
1069 899 1094 960 si

304 991 397 1052 sciret
409 990 549 1055 debitum
575 997 629 1054 aut
640 993 664 1053 si
681 997 855 1072 rogaretur,
868 991 1033 1053 essetillud
1049 1009 1095 1049 re·

304 1079 465 1140 missurus.
483 1099 513 1140 a.
529 1081 597 1156 346,
626 1099 664 1140 44
680 1100 774 1142 44444
789 1079 989 1143 abstrahendi
1005 1099 1023 1140 a
1038 1079 1094 1138 ltc-

303 1166 419 1246 ligione
432 1167 471 1227 sit
481 1166 576 1246 justa.
593 1170 727 1229 Possunt
741 1171 813 1230 addi
829 1169 991 1250 sequentia
1007 1188 1012 1228 :

236 1273 277 1320 444
343 1256 361 1335 4
380 1258 408 1316 4.
433 1256 464 1316 Si
484 1257 639 1335 accipiens
654 1277 721 1319 renr
742 1277 761 1319 a
779 1259 874 1336 Titio,
898 1265 953 1319 aut
976 1257 1096 1336 primus

305 1361 375 1404 eam
390 1361 556 1422 occupans,
571 1343 694 1408 dubites
717 1365 757 1406 an
777 1365 838 1408 non
852 1351 971 1426 spectet
985 1345 1024 1406 ad
1040 1345 1097 1406 ali-

305 1447 399 1510 quem
414 1430 559 1507 tertium,
583 1431 633 1491 vel
651 1433 690 1492 ad
705 1433 827 1514 aliquos
841 1435 873 1496 in
893 1434 1094 1513 particulari,

303 1517 419 1579 teneris
433 1535 490 1594 pro
506 1519 677 1597 quantitate
693 1520 778 1580 dubii
797 1523 977 1598 restituere,
995 1539 1095 1600 neque

304 1604 387 1665 anim
400 1605 455 1665 tibi
468 1604 553 1666 favet
565 1607 730 1684 possessio,
752 1609 796 1669 uti
817 1610 933 1670 dictum
954 1613 1000 1671 444
1014 1629 1094 1672 nam.

302 1696 373 1768 484,
388 1711 459 1753 oum
475 1693 609 1753 necdum
620 1694 704 1755 bona
719 1697 779 1757 644
794 1697 952 1775 habueris,
965 1700 1010 1760 ita
1021 1699 1093 1760 Mol.

304 1781 400 1841 etalii
416 1798 487 1841 cum
502 1781 616 1842 Dicast.
634 1781 670 1842 dc
682 1781 760 1845 Rest.
777 1788 806 1861 5,
823 1805 853 1846 a.
868 1790 925 1848 495
940 1795 968 1848 44
981 1790 1050 1848 440.
1065 1787 1096 1848 Si

303 1873 410 1930 tamen
433 1868 608 1946 accepisses
632 1888 651 1930 a
669 1889 847 1950 possessore
869 1873 959 1935 banea
976 1875 1047 1936 srdci
1067 1881 1099 1936 et

304 1955 506 2016 nihilominus
521 1955 706 2036 4444444444,
724 1961 779 2019 444
793 1962 993 2039 postmodum
1008 1963 1098 2023 adbi-

303 2045 426 2105 buisses
453 2043 667 2122 diligentiam,
698 2052 807 2125 postea
832 2055 977 2112 manente
1002 2051 1097 2112 dubio

303 2149 410 2212 posses
425 2131 571 2207 retinere,
594 2133 767 2194 seeundum
782 2136 865 2197 diota
884 2157 914 2198 4.
938 2141 1007 2214 483,
1024 2137 1098 2218 quia

303 2219 442 2280 venisses
456 2218 487 2278 in
503 2219 605 2279 locum
629 2219 710 2282 illins
733 2223 785 2303 qui
811 2225 893 2287 bona
910 2226 971 2287 4444
992 2246 1098 2306 44444-

304 2307 361 2384 dit,
378 2324 549 2386 posscsque
565 2305 632 2387 ejus
642 2308 714 2389 jure
733 2309 886 2389 insistere,
907 2317 1001 2394 Vasq.
1021 2317 1093 2378 ltlol.

306 2396 421 2458 Sanch.
438 2395 579 2473 Castrop.
596 2399 704 2474 Layrn.
718 2398 807 2461 Dian.
815 2421 848 2481 p.
860 2407 891 2478 4,
905 2411 926 2464 t.
944 2406 973 2480 4,
990 2403 1027 2464 It.
1045 2407 1093 2478 47ς

303 2483 466 2545 14444444.
493 2486 562 2554 407;
581 2484 701 2544 Ρ44444.
718 2504 750 2565 p.
767 2490 835 2549 584.
859 2490 946 2562 Quod
965 2491 989 2551 44
1006 2491 1097 2551 dubi-

303 2575 373 2634 tans
388 2569 534 2649 accepisti
546 2574 577 2632 et
588 2570 669 2632 sacta
680 2571 878 2652 inquisitione
890 2577 1019 2638 dubiurn
1029 2597 1097 2640 ma-

304 2664 358 2719 nat
380 2676 419 2719 an
441 2677 491 2718 res
514 2661 633 2736 spectet
647 2659 688 2719 ad
703 2660 840 2740 aliquem
857 2664 968 2742 alium,
989 2666 1095 2727 sedin

304 2746 462 2808 communi
485 2749 624 2824 tanturn,
642 2753 673 2808 et
688 2749 807 2810 nescias
822 2750 860 2811 ad
877 2771 981 2833 quem,
1008 2754 1093 2837 Vesq.

304 2843 332 2895 et
356 2834 445 2895 Turr.
472 2837 584 2912 putant
606 2839 636 2895 44
658 2854 748 2914 44444
773 2837 908 2918 incipere
927 2845 1096 2920 444444444-

304 2941 377 2984 nem
391 2922 568 2998 bonafide,
585 2923 658 3002 quia
673 2925 828 2986 neminem
845 2930 924 2990 nosti
940 2931 989 2990 cui
1013 2931 1097 2992 laee-

304 3027 356 3071 res
376 3007 538 3088 injuriam3
555 3009 639 3087 quod
654 3013 740 3089 Lugo
756 3011 785 3073 d.
803 3017 851 3091 l8,
867 3034 897 3076 a.
914 3021 943 3092 4,
961 3017 1097 3080 admittit

304 3098 391 3158 velut
411 3095 589 3176 probabile;
615 3099 670 3158 sed
691 3101 812 3162 Petseh.
832 3123 867 3184 p.
890 3107 960 3181 583,
985 3107 1096 3168 melius

305 3184 381 3245 dicit
398 3201 455 3263 pro
472 3184 644 3263 quantitate
667 3185 753 3247 dubii
778 3207 845 3250 esse
869 3193 1096 3255 restituendum

304 3268 512 3348 pauperibus,
532 3269 576 3330 uti
598 3289 628 3331 4.
652 3273 701 3349 94,
718 3272 836 3335 dietum
853 3282 901 3340 444
921 3278 960 3340 44
984 3280 1096 3342 debitis

304 3359 431 3419 incertis
445 3376 483 3419 ex
498 3357 622 3420 delicta.

238 3484 279 3529 5⁶3
344 3448 405 3525 §2
423 3445 455 3507 Si
478 3445 546 3525 quis
566 3464 632 3506 rem
654 3467 673 3509 a
696 3468 729 3510 se
743 3451 827 3512 bona
845 3453 907 3514 lide
921 3474 1098 3534 possessam

306 3533 511 3614 probabiliter
531 3538 620 3612 putet
643 3554 710 3597 4444
734 3539 885 3618 alienam,
917 3544 1033 3606 Schild.
1063 3545 1098 3607 dc

307 3621 393 3684 Cone.
406 3631 428 3681 t.
445 3625 475 3697 4,
491 3639 522 3681 a.
539 3626 589 3697 94,
607 3622 683 3685 44444
696 3629 794 3687 444444
806 3631 981 3708 restituere,
994 3633 1018 3693 si
1035 3652 1097 3694 non

308 3710 422 3771 habeat
436 3708 615 3786 opinionem
626 3712 720 3772 etiarn
736 3717 931 3793 probabilem
959 3722 1043 3800 qnod
1058 3723 1099 3784 sit

306 3818 374 3875 sua,
391 3797 465 3877 quia
488 3796 577 3859 sicuti
604 3801 774 3878 probabilis
789 3805 893 3882 opinio
913 3807 1027 3869 suflicit
1041 3828 1097 3887 pro

307 3884 523 3961 excusatione,
539 3885 584 3946 ita
607 3887 701 3948 etiam
716 3909 773 3967 pro
797 3892 987 3971 obligatione
1010 3898 1097 3958 44444-

306 3971 429 4048 444444,
451 3977 483 4032 44
496 3973 622 4052 qnando
638 3975 726 4038 deest
740 3979 818 4040 ratio
834 3998 890 4060 pro
905 4001 1094 4061 possessore,

306 4077 369 4119 non
392 4061 495 4137 potest
517 4059 575 4120 sibi
598 4062 734 4124 formare
756 4067 977 4130 conscientiam
1013 4073 1097 4152 quod

307 4167 358 4208 res
373 4147 495 4227 dejure
518 4147 558 4209 sit
580 4168 647 4228 sua,
664 4151 737 4214 licet
751 4154 789 4214 44
809 4155 890 4218 44444
914 4160 1071 4236 444444444
1088 4182 1094 4222 :

307 4251 381 4310 ergo
397 4234 531 4295 retinere
547 4255 608 4297 nen
624 4243 735 4316 potest.
760 4243 882 4306 Valent.
900 4247 1049 4310 Gonineh.
1067 4254 1098 4311 et

307 4319 358 4380 alii
374 4338 446 4381 cunr
465 4322 579 4383 Sanch.
597 4323 632 4384 de
646 4325 738 4386 Matr.
756 4328 777 4388 l.
798 4334 828 4406 4,
845 4330 875 4392 d.
892 4338 922 4407 4,
939 4353 968 4395 rr.
987 4338 1035 4410 44,
1053 4335 1097 4395 di-

306 4411 381 4469 4444
408 4408 433 4468 44
454 4411 525 4486 4444
538 4409 769 4489 inquisitionem
784 4415 844 4478 sint
858 4417 993 4499 majores
1002 4422 1098 4484 ratio-

306 4513 362 4555 nes
395 4494 478 4574 quod
505 4502 648 4579 spectent
667 4501 708 4560 44
731 4501 880 4580 alterum,
907 4512 973 4566 tum
997 4510 1096 4570 teneri

306 4581 485 4659 restituere,
506 4583 655 4662 quianon
671 4595 718 4648 est
738 4591 858 4668 ecquale
874 4592 1004 4654 dubium
1020 4615 1098 4675 ;pu-

305 4673 374 4731 tant
391 4674 496 4731 autem
517 4676 583 4731 turn
605 4677 726 4735 tantum
741 4694 823 4737 essse
843 4680 1004 4741 meliorem
1026 4700 1096 4744 con-

306 4756 457 4818 ditionem
479 4759 681 4838 possidentis,
699 4765 825 4842 quando
840 4771 887 4828 est
901 4770 1020 4848 aequalc
1041 4771 1096 4831 du-

306 4843 412 4920 bium,
428 4845 523 4923 Vasq.
544 4847 653 4906 l'amb.
681 4847 702 4908 l.
725 4853 753 4924 l,
775 4870 799 4911 4.
824 4855 855 4928 3,
871 4854 890 4930 ἓ
907 4858 936 4915 7.
970 4854 1002 4916 V.
1028 4855 1098 4918 Res-

306 4931 412 5007 titutio,
429 4929 520 4992 Dian.
536 4951 600 5012 sup.
627 4937 705 5013 bug.
722 4935 752 4997 d.
775 4942 823 5014 47,
846 4960 926 5002 aum.
943 4945 982 5003 86
1000 4951 1028 5003 rt
1045 4947 1094 5018 9-4;

307 5028 490 5102 Castam,
517 5025 546 5088 d.
563 5031 592 5104 3,
605 5049 639 5109 p.
657 5033 686 5108 4,
703 5035 796 5107 4.44;
815 5039 922 5114 Lapm.
941 5037 961 5098 t.
980 5042 1008 5113 4,
1026 5043 1094 5118 44,

305 5132 331 5176 c.
357 5116 386 5189 5,
409 5134 439 5174 4.
458 5117 508 5187 44;
525 5114 639 5179 4444444.
662 5139 681 5179 4
702 5139 733 5182 4.
760 5124 827 5196 499;
851 5126 946 5204 Burg.
973 5134 1047 5187 rent.
1065 5131 1094 5205 4,

305 5221 363 5263 444.
386 5205 422 5262 54
448 5207 537 5278 4484ς
563 5206 703 5268 Rosmer.
727 5229 799 5270 curn
823 5213 946 5274 Petsch.
967 5235 999 5295 p.
1023 5218 1094 5292 586,

307 5288 425 5365 444444,
450 5293 592 5369 quamvis
612 5298 683 5372 4444
703 5295 936 5376 inquisitionem
951 5299 1009 5379 ipsi
1024 5320 1097 5379 pro-

307 5376 441 5444 babilius
454 5377 494 5441 sit
510 5380 594 5462 quod
614 5399 663 5444 res
684 5383 724 5447 sit
746 5385 866 5466 aliena,
894 5388 1095 5454 nihilominus

871 453 988 514 alana
1008 447 1193 525 TERTIUS,
1216 446 1318 510 PARS
1339 445 1377 510 Il.

1149 653 1241 714 posse
1256 635 1407 711 retinere,
1424 633 1498 714 quia
1513 633 1620 696 titulus
1639 632 1848 714 possessionis
1868 651 1940 714 444-

1149 723 1305 801 44444444
1328 721 1474 781 omnibus
1495 721 1564 782 aliis
1583 722 1759 783 rationibus
1778 741 1846 782 non
1863 727 1939 782 certo

1149 810 1427 886 convincant-ihm,
1454 814 1484 871 et
1504 810 1586 870 idern
1608 811 1751 888 pluribus
1781 811 1941 871 consumet

1150 899 1240 959 Gard.
1258 899 1288 958 44
1304 902 1317 959 4
1340 898 1412 957 44444
1437 897 1467 958 d.
1491 901 1538 973 46,
1555 917 1581 959 4.
1597 902 1627 974 8,
1645 918 1675 960 α.
1698 901 1717 959 3
1732 909 1760 959 et
1771 919 1853 979 seqq.
1871 900 1940 960 ltem

1149 987 1180 1048 d.
1197 991 1246 1063 64,
1263 1007 1287 1048 c.
1306 989 1323 1047 3
1339 987 1413 1066 quia
1435 987 1467 1046 in
1487 988 1683 1065 possessione
1702 987 1795 1047 bonae
1812 986 1885 1046 fidei
1901 993 1941 1046 cst

1150 1094 1259 1135 rerum
1273 1093 1309 1134 ac
1319 1077 1439 1134 certum
1451 1073 1520 1152 jus;
1538 1093 1610 1134 nam
1622 1075 1776 1153 possessio
1795 1075 1942 1134 definitur

1151 1162 1315 1225 aluristis
1348 1161 1401 1241 jos
1428 1160 1591 1222 insistendi
1611 1163 1656 1222 rei
1687 1181 1750 1224 non
1777 1161 1941 1241 prohibita

1149 1249 1302 1329 possideri
1320 1269 1326 1310 :
1344 1267 1419 1327 ergo
1444 1250 1588 1328 quamvis
1612 1249 1696 1310 circa
1718 1251 1895 1311 dominium
1907 1251 1942 1309 sit

1150 1339 1298 1410 dubium,
1322 1340 1427 1397 tamen
1449 1337 1613 1414 possidens
1638 1338 1735 1399 babet
1751 1339 1806 1418 jus
1828 1343 1941 1398 certum

1150 1425 1312 1487 insistendi
1328 1424 1389 1500 rei,
1406 1425 1508 1485 donec
1523 1425 1563 1485 sit
1577 1427 1741 1488 moraliter
1756 1432 1864 1488 certus
1882 1445 1940 1486 rem

1151 1533 1213 1575 nnn
1229 1533 1295 1574 esse
1311 1531 1411 1589 suam,
1428 1517 1657 1593 consequenter
1676 1513 1795 1595 poterit
1810 1514 1941 1593 incipere

1150 1602 1416 1683 praescriptionem
1443 1606 1474 1661 et
1502 1601 1608 1680 elapso
1636 1606 1780 1680 tempore
1805 1601 1941 1662 absolute

1151 1693 1297 1753 retinere.
1321 1691 1359 1751 444
1377 1695 1506 1769 4444444
1524 1689 1606 1752 hanc
1627 1692 1785 1752 rationem
1807 1689 1941 1751 Sancbez

1151 1781 1184 1840 in
1200 1777 1300 1840 Decet.
1318 1779 1338 1840 l.
1358 1780 1385 1854 4,
1402 1795 1427 1837 c.
1446 1781 1494 1854 40,
1506 1797 1537 1838 4.
1553 1781 1583 1853 9,
1600 1778 1939 1854 mutavitscntentiam,

1151 1869 1297 1945 tenetque
1318 1884 1390 1925 cum
1413 1865 1662 1943 posterioribus;
1693 1868 1790 1927 etiam
1821 1867 1938 1928 Cardia.

1153 1954 1338 2016 Sfrondatas
1363 1953 1394 2012 in
1417 1951 1489 2033 aeq.
1515 1951 1635 2014 sared.
1658 1953 1680 2014 l.
1699 1957 1729 2030 l,
1746 1955 1765 2032 ς
1780 1958 1833 2032 46,
1850 1974 1880 2015 a.
1897 1957 1938 2025 44,

1152 2041 1227 2103 44444
1241 2048 1351 2101 444444
1364 2041 1594 2120 possessionem
1610 2061 1672 2103 non
1688 2061 1757 2102 esse
1773 2043 1940 2122 proceden-

1152 2127 1228 2188 dum
1243 2127 1301 2188 nisi
1317 2147 1355 2188 ex
1370 2129 1567 2190 certitudine.

1191 2217 1208 2296 ἓ
1222 2221 1251 2279 3.
1266 2216 1297 2279 Si
1313 2223 1383 2296 post
1397 2217 1625 2295 possessionem
1643 2218 1736 2279 bonae
1751 2218 1828 2280 44444
1841 2236 1940 2296 44444-

1151 2306 1257 2367 veniat
1278 2305 1420 2380 dubium,
1446 2312 1477 2366 et
1497 2307 1639 2386 negligas
1660 2307 1838 2387 inquirere,
1859 2307 1938 2368 ideo
1959 2283 1988 2330 ’θ’

1151 2412 1212 2473 que
1231 2397 1339 2472 postea
1358 2411 1420 2453 non
1441 2395 1542 2472 possis
1565 2395 1732 2456 veritatem
1755 2395 1937 2474 comperire,

1149 2483 1305 2544 teneberis
1326 2481 1489 2543 restituere
1511 2501 1569 2560 pro
1584 2485 1737 2562 qualitate
1752 2484 1856 2558 dubli,
1874 2484 1939 2563 quia
1996 2476 1997 2479 '

1150 2571 1276 2632 omissio
1291 2570 1499 2651 inquisitionis
1515 2571 1572 2633 luit
1584 2572 1737 2652 injuriosa
1761 2573 1808 2634 illi
1825 2575 1865 2634 de
1885 2591 1938 2653 qno

1150 2659 1316 2719 dubitabas
1333 2676 1372 2718 an
1395 2661 1478 2719 essct
1503 2657 1606 2719 forsan
1623 2660 1771 2721 dominus
1789 2681 1796 2721 :
1816 2679 1889 2740 ergo
1902 2665 1939 2720 ta

1150 2745 1233 2804 neris
1248 2763 1450 2823 compensare
1461 2744 1610 2825 injuriam
1625 2748 1804 2808 seeundum
1819 2765 1938 2828 propor-

1149 2831 1267 2893 tionem
1280 2832 1345 2910 spei
1363 2850 1458 2911 quam
1469 2832 1587 2893 habere
1605 2839 1730 2912 4444444
1744 2839 1778 2898 ut
1799 2853 1939 2915 agnosce

1150 2923 1237 2980 retur
1251 2919 1395 2980 dominus
1412 2939 1419 2992 ;
1437 2937 1495 2980 nec
1519 2923 1722 2998 postmodum
1743 2923 1774 2983 in
1792 2929 1825 2986 te
1842 2925 1938 2983 manet

1150 3006 1234 3067 bona
1247 3005 1337 3082 44444,
1355 3009 1386 3067 44
1398 3006 1553 3084 possessio
1569 3006 1684 3070 desinit
1697 3009 1753 3070 tibi
1769 3010 1888 3086 lavere,
1903 3007 1939 3068 ite

1151 3095 1223 3156 Mol.
1249 3098 1326 3173 bug.
1347 3093 1378 3156 d.
1402 3097 1450 3171 47,
1466 3115 1497 3155 4.
1518 3099 1568 3171 84,
1595 3097 1711 3158 Sanch.
1735 3098 1757 3159 t.
1786 3103 1818 3176 4,
1843 3119 1868 3160 4.
1893 3100 1936 3172 43,

1149 3202 1180 3244 a.
1212 3185 1284 3259 483,
1310 3183 1372 3244 4444.
1395 3189 1416 3242 t.
1430 3188 1461 3258 4,
1485 3181 1515 3243 d.
1544 3187 1574 3259 4,
1600 3203 1631 3244 n.
1655 3188 1705 3262 46,
1727 3184 1845 3266 aliique
1863 3185 1938 3263 apud

1151 3270 1241 3334 Dicat
1255 3290 1284 3331 n.
1303 3274 1370 3333 497.
1395 3269 1575 3333 4444444444
1588 3275 1695 3334 tamen
1711 3273 1809 3335 etiam
1824 3273 1938 3353 opposi-

1150 3363 1219 3421 tum
1238 3359 1322 3421 velut
1336 3359 1497 3437 probabile
1514 3360 1631 3420 Rebell.
1649 3363 1768 3422 Bonae.
1793 3365 1892 3424 Castr.
1912 3365 1938 3420 et

1152 3449 1252 3511 Diana
1259 3447 1297 3509 lt.
1315 3453 1365 3522 49,
1379 3447 1452 3527 quia
1462 3446 1565 3508 adhuc
1575 3447 1661 3509 favet
1675 3451 1834 3527 possessio
1849 3452 1935 3524 44444,

1152 3540 1223 3616 4444
1244 3536 1477 3616 inquisitionem
1500 3554 1595 3612 nune,
1621 3543 1717 3615 prout
1738 3539 1810 3598 fieri
1834 3537 1935 3616 potuit,

1151 3623 1278 3698 laetam,
1294 3622 1396 3682 redire
1412 3621 1536 3682 videtur
1550 3621 1634 3682 bona
1647 3623 1738 3700 fides,
1756 3625 1846 3704 quod
1861 3627 1935 3702 Lnga

1151 3731 1232 3772 4444.
1249 3713 1298 3786 85,
1315 3715 1347 3771 44
1360 3709 1470 3771 Tamb.
1486 3728 1516 3770 4.
1534 3713 1564 3786 6,
1581 3715 1695 3788 putant
1716 3730 1778 3772 non
1800 3731 1867 3772 4444
1881 3729 1936 3771 om·

1153 3801 1226 3862 nino
1245 3797 1462 3878 improbabile,
1477 3798 1603 3877 quando
1621 3799 1652 3858 in
1676 3817 1794 3878 genere
1817 3800 1935 3863 dubium

1152 3892 1272 3950 eratan
1287 3905 1337 3948 res
1355 3890 1436 3948 esset
1459 3887 1571 3964 aliena,
1599 3891 1630 3950 et
1659 3907 1719 3948 non
1743 3889 1936 3950 dubitabatur

1152 3974 1284 4056 dejure
1313 3973 1443 4054 alicujus
1474 3972 1505 4034 in
1533 3973 1738 4052 particulari,
1772 3976 1933 4038 seeundum

1152 4064 1278 4126 dictare.
1296 4065 1365 4125 564.

1191 4153 1209 4230 ξ
1222 4157 1251 4212 4.
1269 4151 1301 4212 Si
1316 4149 1475 4211 bonafide
1490 4151 1738 4230 4444444444444
1752 4155 1826 4230 4444
1846 4149 1934 4231 inqui-

1152 4240 1295 4301 sitionem
1320 4254 1381 4296 non
1409 4241 1521 4314 potens
1545 4235 1703 4315 deponere
1723 4237 1855 4299 dubium
1876 4253 1933 4298 rem
1952 4216 1979 4260 ⁵⁶⁵

1152 4324 1400 4405 consumpseris,
1427 4329 1536 4402 posteo
1560 4329 1664 4386 autom
1685 4330 1869 4404 compareat
1886 4325 1933 4385 do·

1151 4415 1275 4490 minue,
1308 4412 1465 4476 teneberis
1494 4412 1678 4490 restituere,
1708 4416 1822 4478 saltem
1846 4435 1882 4476 ex
1905 4432 1932 4473 re

1151 4512 1281 4587 accepta
1308 4513 1459 4589 quantum
1477 4509 1538 4568 4444
1561 4509 1662 4570 444444
1677 4509 1792 4586 444444;
1817 4508 1931 4591 potuisti

1152 4599 1235 4660 enim
1250 4616 1444 4664 consumere,
1461 4597 1506 4658 uti
1522 4599 1719 4658 communius
1737 4605 1846 4662 tenent
1863 4603 1929 4661 444

1151 4691 1234 4748 44444
1257 4703 1329 4745 cum
1347 4685 1462 4746 Dicast.
1485 4703 1515 4744 4.
1529 4688 1598 4760 445,
1625 4691 1735 4748 444444
1758 4688 1850 4749 Card.
1870 4685 1931 4766 qnia

1153 4773 1295 4855 quamvis
1314 4776 1518 4850 permaneret
1542 4772 1674 4833 dubium
1698 4776 1928 4854 speculativum,

1151 4865 1276 4938 poteras
1298 4864 1405 4920 tamen
1429 4861 1566 4938 practice
1590 4859 1772 4938 deponere,
1800 4857 1930 4940 eoquod

1153 4947 1248 5008 dubio
1273 4948 1458 5024 praevaleret
1480 4947 1647 5025 possessio,
1673 4950 1793 5012 Sanch.
1815 4970 1844 5011 4.
1867 4951 1915 5009 487
1921 4961 1927 5016 ς

1153 5034 1260 5095 Rebel.
1289 5035 1374 5094 Lcss.
1400 5033 1490 5094 Dian.
1532 5036 1620 5095 Tam.
1650 5055 1681 5095 a.
1709 5040 1769 5111 103
1801 5038 1926 5098 Rosmer.

1152 5121 1273 5183 Petsclr.
1289 5141 1320 5201 p.
1338 5123 1408 5182 584.
1426 5123 1492 5181 4444
1507 5119 1610 5200 ipsum
1627 5121 1737 5185 dicunt
1759 5123 1850 5184 valde
1869 5139 1928 5200 pre

1150 5207 1297 5270 habiliter
1323 5208 1413 5268 multi
1437 5225 1510 5268 curn
1536 5211 1647 5286 Laym.
1679 5209 1701 5270 t.
1735 5215 1773 5287 l,
1804 5211 1826 5272 4.
1849 5229 1873 5270 e.
1894 5211 1925 5282 5,

1150 5322 1179 5363 a.
1197 5305 1245 5380 44,
1264 5303 1406 5383 quamvis
1421 5302 1615 5378 vendideris;
1641 5305 1707 5366 sive
1732 5307 1816 5368 enim
1831 5323 1926 5368 consu·

1152 5407 1231 5468 mae,
1249 5393 1313 5454 sive
1328 5391 1457 5478 444444,
1474 5391 1598 5466 videtur
1612 5412 1680 5454 csse
1692 5413 1750 5480 par
1764 5397 1852 5476 ratio,
1867 5409 1925 5455 cnm
