4166 6346
725 555 1166 622 ousrnrururuaroso.
1710 537 1769 625 tar

158 741 257 803 »bata
271 740 403 804 demum
419 739 614 804 Sententiae
630 742 798 822 Superiora
813 745 918 823 ftegn-
974 741 1005 804 iu
1027 743 1167 806 secunda
1187 745 1243 807 aut
1262 743 1401 808 ulteriori
1423 743 1571 809 instantia
1589 745 1652 809 sint
1664 747 1769 810 discu-

120 828 175 890 lari
190 833 223 892 et
245 829 288 892 ab
304 829 470 892 Ordinatio
485 830 570 905 Loci,
584 830 610 892 si
626 850 663 893 ea
682 851 739 912 pro
755 832 915 894 validitate
973 830 1099 909 tieudm,
1110 833 1286 909 statuimus,
1298 831 1486 895 inhaerentes
1496 834 1633 914 antiquis
1641 834 1771 915 quibus·

121 916 326 979 professionis
347 918 554 996 pronunciata
567 919 772 1000 fueritneque
796 921 918 1001 profes·
973 919 1046 980 dam
1060 937 1143 999 sepe
1158 919 1249 982 dietas
1263 923 1419 1000 congreg.
1431 921 1557 984 Cardia.
1568 924 1665 984 Conc.
1681 922 1768 986 rriu.

119 1022 170 1066 sus
201 1003 450 1082 appellationem
473 1004 662 1084 interponat,
688 1026 817 1070 causam
846 1008 917 1069 funi-
972 1007 1180 1088 interpretum
1199 1008 1675 1090 Decretis,quaeparitertenore
1690 1029 1769 1090 prae·

118 1095 180 1156 um
200 1110 271 1154 esse
286 1107 350 1154 non
365 1091 537 1156 dubitatur.
560 1094 593 1156 Si
607 1113 682 1157 vero
698 1097 860 1158 Professus
875 1097 916 1158 ad
972 1097 1325 1176 sentiumapprobamus
1335 1099 1606 1176 etcnnfirmamus,
1618 1102 1767 1162 utcausoe

117 1177 260 1244 iudicem
280 1179 428 1242 secunde
451 1179 606 1243 instanlia
621 1184 838 1262 appellaverit,
865 1186 914 1247 vel
970 1183 1670 1264 hujusmodiadaosiudicesdavolvanturad
1684 1206 1767 1268 quos

118 1267 209 1330 ctiam
228 1267 364 1328 ulterius
377 1267 489 1329 eadem
509 1287 605 1332 causa
627 1273 827 1334 retractanda
846 1273 916 1334 fua·
970 1272 1093 1352 dejure
1108 1273 1177 1334 aliae
1198 1290 1307 1334 omnes
1322 1291 1425 1336 cause
1439 1275 1678 1354 Ecclesiasticus,
1695 1279 1777 1359 post,

116 1353 171 1426 rit;
188 1354 220 1414 iu
234 1354 385 1418 omnibus
401 1354 487 1416 hisce
491 1355 627 1435 judiciis
646 1359 790 1421 volumus
808 1360 915 1422 simili·
970 1360 1163 1424 Sententiam
1184 1361 1351 1438 ordinarii,
1369 1362 1401 1423 in
1421 1361 1523 1442 gradu
1547 1361 1767 1442 appellationis

116 1447 162 1504 tar
175 1442 384 1506 Defensorem
395 1444 598 1506 professionis
614 1450 644 1508 at
655 1447 764 1510 Ofllciu
784 1449 914 1528 deputa·
969 1449 1142 1526 respective
1159 1449 1389 1523 devolvuntur3
1404 1450 1448 1512 ita
1467 1454 1574 1512 tamen
1588 1456 1623 1511 ut
1636 1451 1670 1512 bi
1687 1469 1766 1531 quo-

116 1534 180 1594 tum
200 1530 406 1606 intervenire,
430 1532 542 1594 ecdem
556 1551 684 1611 prorsus
698 1536 791 1598 modo
808 1555 870 1617 quo
881 1535 914 1598 in
970 1537 1176 1616 qnaludioes,
1189 1536 1473 1600 sicutiOrdinarius
1487 1538 1518 1599 in
1533 1539 1635 1617 prima
1649 1539 1767 1602 instan-

115 1618 208 1680 cinca
226 1620 363 1682 Constit.
371 1620 567 1683 decrevimus
588 1622 791 1686 Defensorem
807 1624 914 1686 Matri·
968 1625 1013 1686 tia
1028 1642 1090 1685 una
1105 1644 1176 1686 eum
1192 1625 1359 1704 Superiora
1375 1625 1521 1706 ltegulari
1536 1627 1700 1707 processit,
1718 1626 1764 1688 sio

115 1705 208 1767 monii
225 1705 258 1766 in
273 1707 416 1768 secunda
429 1712 461 1769 et
475 1708 613 1770 ulteriori
636 1709 784 1772 instantia
794 1711 913 1790 judicio
968 1712 1068 1791 stipsi
1084 1713 1253 1792 procedere
1268 1718 1299 1774 et
1310 1713 1452 1793 judicare
1463 1713 1600 1775 debeant
1613 1733 1759 1776 unacum

115 1812 238 1874 semper
257 1794 383 1858 adesse.
401 1798 446 1858 Ao
465 1796 556 1858 sicuti
571 1804 726 1877 preterea
746 1799 914 1861 statuimus
968 1801 1136 1879 Superiora
1152 1801 1310 1880 Regulari,
1325 1819 1387 1863 non
1403 1801 1530 1881 quidem
1543 1802 1624 1864 illius
1637 1803 1763 1866 Monea-

116 1881 295 1963 bujusmodi
324 1885 501 1946 Defensoris
531 1890 636 1964 partas
660 1905 728 1948 esse
752 1887 914 1950 Sententia
967 1889 1035 1952 terii
1051 1890 1082 1949 in
1097 1908 1159 1969 qun
1174 1889 1349 1951 reclamans
1364 1889 1522 1967 professus
1537 1894 1594 1967 ast,
1610 1891 1665 1952 sad
1680 1891 1760 1953 alte-

114 1969 230 2032 Judicis
246 1969 361 2050 primm
374 1971 530 2034 instantiae
546 1991 600 2051 pro
616 1973 804 2036 Matrimonii
821 1974 913 2035 nulli·
967 1977 1031 2038 rius
1046 1977 1225 2039 Monasten'i
1241 1977 1383 2058 ejusdam
1397 1977 1522 2041 Ordinis
1536 1978 1566 2038 in
1583 1997 1693 2040 sorum
1709 1980 1762 2042 Gi·

80 2106 85 2116 .
114 2063 174 2121 tate
188 2058 256 2122 lata
270 2059 313 2120 ad
329 2059 485 2123 ulterioris
505 2059 660 2124 insuetis
674 2062 818 2125 Judioern
839 2081 913 2142 pro·
965 2063 1061 2126 vitata
1083 2069 1138 2127 aut
1155 2065 1286 2128 Dioecesi
1307 2065 1477 2141 existentis,
1496 2067 1558 2143 vel,
1581 2084 1619 2128 eo
1634 2085 1697 2130 nou
1711 2087 1764 2128 ex·

115 2148 909 2231 vocare,atformanprosequendijudioiuminulte·
965 2156 1077 2229 stante,
1107 2171 1179 2214 cum
1207 2153 1375 2232 Superiora
1390 2153 1551 2216 vicinioris
1580 2153 1762 2218 Monosterii
1817 2163 1819 2168 ’

113 2234 247 2296 rioribus
266 2235 449 2316 hujusmodi
469 2235 625 2300 instantiis
643 2238 909 2317 prescripsimus3
966 2238 1106 2319 ejusdam
1121 2240 1239 2318 pariter
1248 2240 1383 2317 Ordinis,
1400 2259 1455 2302 seu
1471 2259 1543 2302 oum
1553 2241 1616 2302 alia
1629 2259 1765 2322 persona

114 2321 154 2384 ita
170 2341 267 2402 porro
290 2325 437 2386 volumus
460 2328 494 2388 ut
508 2325 659 2388 Defensor
675 2325 912 2390 professionisa
965 2326 1192 2402 Ecclesiastico,
1218 2327 1280 2402 cui,
1297 2326 1387 2406 Juxta
1409 2329 1582 2407 premissa,
1607 2331 1763 2410 Superior

10 2425 11 2432 ’
114 2413 275 2474 Sententia
288 2412 322 2474 in
331 2412 434 2491 prima
447 2412 595 2476 instantia
609 2432 666 2493 pro
681 2416 821 2479 nullitate
836 2418 910 2478 pro·
966 2414 1065 2476 illaad
1080 2433 1175 2494 quam
1190 2415 1326 2493 pertinet
1339 2432 1413 2477 suas
1426 2415 1554 2478 vicesad
1564 2417 1649 2478 bunc
1662 2417 1760 2480 errec-

113 2499 252 2562 fessionis
272 2501 359 2564 edita
379 2503 536 2581 appellare
560 2503 686 2567 omnino
706 2505 839 2577 debeat;
866 2507 910 2565 at·
963 2506 1031 2563 tum
1049 2501 1252 2580 delegaverit.
1270 2502 1302 2564 Si
1326 2508 1432 2562 autem
1452 2501 1632 2583 hujusmodi
1656 2519 1762 2564 cause

113 2607 171 2668 que
191 2589 224 2650 iu
245 2590 389 2652 secunde
407 2610 462 2652 seu
481 2591 620 2655 ulteriori
642 2592 820 2673 hujusmodi
837 2611 910 2654 can-
964 2588 995 2648 in
1015 2587 1154 2648 secunda
1175 2593 1231 2647 aut
1252 2587 1393 2650 ulteriori
1414 2587 1565 2650 instantia
1582 2589 1622 2650 ad
1642 2587 1760 2650 Sadem

112 2695 215 2738 sarum
230 2679 400 2756 revisicne,
411 2679 523 2740 eadem
532 2680 638 2742 omnia
651 2681 910 2744 volumusobsar·
964 2675 1175 2754 Apostolicam
1190 2675 1406 2753 devolvantur,
1423 2682 1455 2738 et
1472 2694 1493 2736 a
1504 2675 1657 2755 predicta
1676 2676 1759 2738 [lon-

112 2763 175 2826 vari
189 2783 263 2844 quae
279 2783 337 2844 pro
347 2765 450 2828 causis
460 2767 742 2830 Matrimonialibus
755 2768 909 2830 ineadem
963 2781 1051 2842 greg.
1068 2765 1162 2824 Cone.
1184 2763 1250 2824 sive
1264 2763 1305 2825 ab
1324 2764 1424 2824 altera
1440 2781 1537 2842 super
1550 2761 1758 2826 Consultatio·

112 2853 340 2916 Constitutione
353 2855 582 2918 mandavimus.
964 2850 1056 2912 nibus
1069 2849 1294 2929 Episcoporum
1317 2855 1349 2912 et
1363 2850 1579 2930 bagularium,
1601 2854 1658 2912 aut
1670 2850 1761 2912 deni·

148 2963 162 3002 o
176 2944 453 3016 Quemadmodum
473 2945 609 3024 denique
624 2943 779 3024 legitimas
798 2964 908 3025 pesnas
964 2956 1024 3018 que
1039 2938 1079 2999 ob
1099 2937 1262 3000 Auditorio
1277 2940 1375 3015 Rotae,
1394 2942 1427 3000 ut
1441 2938 1615 3018 respectiva
1630 2937 1758 3016 assolet,

112 3029 226 3092 ibidem
258 3031 478 3093 constituimus
506 3033 657 3094 adversus
684 3035 813 3114 eosqui
838 3038 909 3114 post
962 3025 1305 3104 discutiendaeluerint,
1326 3026 1758 3108 nulluseritlocusadjudi·

112 3115 234 3180 unicam
245 3119 608 3182 obtentamSenlentiam
618 3122 794 3201 proprioris
804 3122 907 3184 Matri·
962 3116 1098 3177 randum
1118 3114 1277 3193 Superiori
1297 3115 1464 3194 1111811111ῑὶ
1489 3115 1542 3194 qui
1562 3132 1666 3195 11811118
1685 3119 1761 3178 tunc

112 3205 203 3266 monii
224 3206 381 3284 nullitate,
407 3207 472 3268 sive
498 3208 655 3286 pendente
680 3208 903 3287 appellatione,
962 3203 1001 3264 ud
1017 3202 1177 3264 ferendam
1193 3203 1387 3264 Sententiam
1401 3203 1586 3279 admittitur,
1604 3222 1702 3283 quum
1717 3204 1758 3266 ab

112 3293 174 3354 siva
188 3313 228 3355 aa
240 3313 301 3372 per
318 3294 471 3356 incuriam
490 3299 544 3357 aut
563 3295 706 3358 fraudem
727 3295 905 3357 Defensoris
961 3291 1070 3351 eadem
1086 3292 1238 3369 congreg.
1256 3290 1350 3351 Cone.
1363 3289 1454 3370 juxta
1466 3290 1600 3351 relatum
1612 3290 1758 3370 superius

113 3398 170 3442 uon
192 3381 389 3460 interposita,
414 3383 482 3444 ausi
505 3383 636 3446 fuissent
651 3401 749 3445 novas
774 3383 905 3463 Nuptias
961 3376 1079 3440 Urbani
1099 3376 1338 3438 praedecessoris
1353 3379 1531 3452 Decretum,
1549 3377 1759 3442 examinanda

10 3523 11 3532 ,
113 3470 318 3546 contrahere,
339 3475 433 3551 etque
453 3471 650 3533 decrevimus
673 3472 789 3534 nemini
811 3473 905 3534 licere
960 3467 1069 3542 fuerit,
1093 3466 1188 3526 etiam
1209 3466 1294 3527 intra
1318 3465 1588 3547 quinquennium,
1611 3465 1758 3528 validitas

10 3605 11 3612 ,
113 3557 151 3618 ad
174 3559 276 3621 altera
299 3561 379 3621 Vota
392 3559 525 3622 transire
544 3559 602 3622 nisi
618 3561 905 3640 quaesaltemSen·
960 3553 1165 3616 Professiouis
1187 3573 1225 3614 ex
1249 3571 1286 3614 ec
1311 3553 1413 3632 capite
1435 3553 1641 3632 impugnatae,
1672 3553 1758 3633 quod

112 3645 215 3708 tentiae
237 3647 416 3708 conformes
432 3665 489 3726 pro
509 3647 649 3710 nullitate
670 3648 783 3727 prioris
801 3649 906 3710 Matri·
960 3643 1044 3704 facta
1059 3641 1153 3702 fuisse
1167 3644 1327 3703 asseratur
1339 3641 1370 3702 in
1381 3640 1570 3703 Mnoasterin
1583 3643 1757 3705 autemno-

115 3733 205 3794 mcnii
221 3733 459 3808 emanaverint3
472 3735 527 3812 ita,
544 3735 569 3796 si
588 3735 658 3816 quis
672 3736 703 3796 in
719 3735 834 3797 Ordine
850 3739 906 3796 lle·
959 3729 1011 3792 bin
1032 3729 1195 3810 Religiosis
1216 3728 1393 3810 'tyronibus
1414 3728 1612 3792 instituendis
1628 3728 1757 3791 minium

10 3839 11 3850 ¹
114 3821 212 3899 gulari
228 3823 402 3901 Professus,
419 3827 490 3904 post
502 3823 627 3885 unicam
648 3823 840 3886 Sententiam
862 3823 907 3884 fa·
961 3818 1097 3880 addicto.

114 3925 186 3970 vora
199 3909 351 3972 nullitatis
363 3910 566 3973 professionis
574 3911 824 3989 pronunciatam,
840 3909 906 3973 sive
1000 3929 1014 3965 u
1034 3909 1204 3969 Hactemus
1219 3906 1258 3969 de
1264 3905 1391 3988 judiciis
1412 3923 1508 3985 super
1521 3905 1662 3969 nullitate
1682 3908 1756 3970 Pro·

81 4005 88 4020 '
114 3999 278 4077 pendente,
286 3999 472 4062 siveomissa
480 3998 903 4079 culpabiliterappellatione,
960 3994 1114 4072 fessionis,
1132 4013 1202 4075 qua
1212 3995 1294 4056 intra
1304 3994 1553 4075 quinquennium
1568 3995 1648 4058 adie
1658 3995 1756 4074 ipsius

116 4086 292 4151 aGleustris
307 4087 403 4165 exire,
419 4087 609 4168 alteligiona
619 4087 791 4164 discedere,
808 4086 905 4167 quod·
961 4084 1165 4146 professionis
1180 4083 1301 4146 emissae
1316 4082 1567 4161 introducuntur,
1584 4083 1753 4165 dequibus

115 4192 172 4254 que
191 4177 294 4258 magis
313 4181 370 4253 est,
394 4176 542 4238 Haloitum
563 4176 750 4256 Regularem
769 4174 905 4255 abjicere
961 4172 1125 4234 booetium
1137 4170 1326 4234 declarando
1341 4170 1757 4252 decernimus,utquaecun·

114 4263 362 4343 praesumpserim
380 4263 526 4325 volumus
541 4267 635 4343 atque
655 4262 820 4324 statuimus
838 4280 906 4323 om·
960 4279 1020 4340 que
1036 4261 1067 4321 in
1082 4259 1297 4340 superioribus
1311 4263 1429 4321 statuta
1443 4263 1526 4336 suut,
1539 4277 1578 4320 ea
1592 4259 1698 4322 omnia
1710 4259 1755 4321 lo·

116 4347 202 4412 nibus
217 4369 290 4414 eum
309 4349 410 4431 poenis
424 4355 519 4430 atque
533 4351 672 4412 censuris
687 4369 706 4414 a
728 4351 832 4412 Sacris
846 4353 905 4412 Ga·
959 4367 1031 4410 cum
1047 4348 1162 4410 babere
1178 4350 1209 4409 et
1223 4346 1383 4410 observari
1399 4345 1642 4408 debeantetiam
1655 4346 1687 4407 in
1697 4349 1755 4410 Cu·

115 4438 245 4502 sonibus
258 4444 289 4502 et
303 4459 322 4501 a
335 4439 615 4503 constitutionibus
628 4438 817 4518 apostolicis
831 4457 905 4500 cou-
959 4435 1006 4498 ria
1020 4437 1052 4499 S.
1064 4439 1100 4498 lt.
1113 4437 1149 4498 b.
1161 4433 1399 4508 Cardiablostri
1410 4438 1442 4496 et
1451 4433 1583 4496 Romani
1593 4433 1754 4495 pontificis

116 4527 161 4586 ira
178 4531 342 4608 Apostatas
360 4527 534 4606 latisatque
549 4527 676 4588 sancitis
694 4526 857 4607 subjacare
873 4529 906 4588 at
958 4540 1015 4600 pro
1031 4529 1172 4600 tempore
1187 4521 1219 4580 in
1233 4521 1317 4584 Urba
1332 4520 1464 4602 ejusque
1478 4519 1626 4582 Districtu
1637 4520 1753 4584 Vicarii

116 4611 280 4676 obnoxium
294 4631 378 4685 essa;
390 4613 594 4674 decernentes
609 4613 736 4692 pariter,
753 4615 783 4676 in
797 4614 904 4694 hujus·
957 4608 989 4668 in
1005 4607 1226 4686 spiritualibus
1241 4605 1401 4668 Generalis
1415 4626 1423 4677 t
1438 4606 1561 4685 quoties
1573 4605 1753 4688 hujusmodi

116 4693 194 4754 modi
209 4694 311 4757 causis
325 4694 366 4754 d'a
381 4693 583 4755 professionis
599 4693 751 4770 nullitate,
768 4694 903 4755 liberum
958 4713 1069 4758 causas
1097 4694 1180 4756 intra
1207 4693 1292 4755 idem
1318 4693 1570 4774 quinquennium
1594 4695 1627 4757 in
1654 4695 1753 4774 ipsius

116 4780 253 4845 professo
278 4800 340 4844 nou
361 4800 430 4844 esse
447 4800 468 4843 a
495 4781 655 4860 Religinne
678 4782 815 4861 migrare
843 4782 902 4844 nisi
957 4782 1117 4844 Tribuuali
1132 4781 1296 4844 ordinario
1303 4781 1492 4862 judicandas
1502 4801 1570 4844 essa
1580 4783 1751 4864 contingat.

118 4885 190 4946 quas
208 4870 321 4932 saltem
339 4870 509 4932 obtinuerit
527 4869 706 4932 Sententiae
726 4871 903 4932 conformas
956 4873 1028 4935 lam
1049 4890 1124 4932 vero
1147 4870 1318 4932 videndum
1339 4874 1387 4933 ast
1407 4871 1447 4932 de
1466 4870 1610 4951 ejusdem
1628 4871 1753 4950 generis

117 4955 224 5032 quibus
241 4957 283 5020 ab
300 4975 339 5018 eo
355 4958 470 5020 amissa
490 4957 645 5020 professio
667 4958 753 5019 nulla
771 4963 802 5021 st
814 4957 905 5020 irrita
958 4960 1061 5022 causis
1084 4977 1166 5039 que,
1186 4963 1258 5038 post
1271 4958 1414 5038 elapsum
1428 4959 1680 5040 quinquennium
1695 4963 1754 5022 bu·

118 5039 385 5110 declaratafuarit.
953 5046 1105 5129 jusmodi,
1121 5047 1154 5108 in
1164 5045 1320 5127 judicium
1333 5045 1544 5110 adducuntur.

153 5134 222 5196 siit
234 5132 343 5212 primae
361 5133 649 5214 quideminstautie
663 5134 789 5197 iudices
808 5152 904 5213 super
996 5157 1011 5194 u
1029 5136 1127 5196 porro
1149 5152 1247 5213 quum
1271 5136 1304 5197 S.
1333 5134 1474 5198 Trident.
1492 5133 1652 5214 Syncdus,
1680 5137 1753 5214 post

10 5257 16 5278 .
118 5219 270 5284 validitate
290 5221 521 5286 professionum
536 5240 607 5304 quar
626 5222 710 5284 intra
728 5222 902 5302 quinquen·
957 5222 1094 5302 quinque
1108 5239 1206 5282 annos
1221 5223 1260 5283 ab
1275 5223 1390 5284 emissa
1403 5223 1598 5285 Professicne
1612 5226 1751 5286 aenae

120 5305 198 5368 nium
214 5308 406 5390 judicialiter
418 5310 655 5390 impugnantur,
679 5314 713 5371 ut
727 5327 822 5388 snpra
836 5308 904 5370 dic·
956 5315 1015 5387 tos,
1033 5308 1288 5372 umnemadilum
1299 5309 1339 5370 ad
1354 5309 1590 5372 reclamandum
1600 5309 1751 5373 professis

118 5393 179 5454 tam
192 5402 249 5473 ast,
261 5397 411 5478 Superior
424 5398 588 5478 Regularis
601 5395 756 5478 simulque
770 5396 904 5458 Ordine·
957 5396 1157 5460 interclusum
1174 5414 1243 5458 assa
1257 5397 1420 5474 sanxisset,
1435 5415 1493 5474 per
1506 5415 1544 5460 aa
1558 5402 1668 5478 aperta
1681 5416 1750 5460 ver·

120 5479 178 5544 rius
193 5485 268 5550 buci
286 5503 353 5550 esse
373 5484 499 5552 debent.
516 5487 551 5552 Si
563 5503 638 5551 vero
659 5486 779 5548 eoedsm
798 5501 901 5548 cause
957 5485 999 5550 ba
1018 5483 1162 5564 superius
1184 5485 1303 5547 relata:
1328 5483 1397 5548 Neo
1420 5483 1573 5564 audeatur,
1591 5485 1651 5548 nisi
1668 5483 1751 5552 intro
