4120 6348
623 549 675 613 DE
695 549 912 613 BENEFlGllS
933 548 1256 616 neoceslasrlcls.

165 757 178 794 ιι
191 735 271 799 llinc
282 735 368 816 apud
379 735 458 796 beoc
469 737 608 798 moratos
618 736 771 814 homines,
785 739 816 800 et
825 733 918 816 justi·

122 825 169 888 tiae
194 822 357 900 vindices,
387 822 534 904 frequens
555 823 756 904 querelarum
779 823 914 899 occasio,

122 913 231 996 quibus
262 911 412 973 sedandis
447 930 521 974 cum
548 911 757 992 congregatio
786 912 914 974 Consilii

121 997 289 1064 Tridentini
315 1001 472 1079 Interpres
503 1015 596 1058 omne
620 999 758 1060 studium
781 999 916 1078 diligen-

121 1089 255 1168 tiamque
270 1087 447 1162 conterret;
463 1085 571 1163 Nobis,
589 1087 642 1168 qui
661 1087 828 1150 Secretarii
846 1107 916 1150 ιιιιι-

122 1195 192 1240 nere
204 1176 430 1260 fungebamur,
447 1175 631 1238 mandatum
646 1180 704 1254 cst,
721 1181 756 1238 ut
769 1195 914 1238 sermone

122 1265 199 1346 typis
219 1269 332 1345 postea
354 1266 492 1344 vulgato,
508 1282 576 1326 rem
591 1263 699 1326 sedulo
723 1264 912 1343 expendere,

122 1353 292 1433 ingruentis
307 1353 380 1414 mali
396 1352 562 1432 originem,
579 1355 611 1414 et
623 1356 698 1431 apta
708 1352 811 1413 eidem
826 1369 915 1413 aver·

120 1441 211 1506 tando
233 1441 375 1503 remedia
389 1439 577 1520 investigare
593 1457 649 1518 pro
665 1439 783 1502 viribus
799 1439 914 1503 nitere-

122 1549 197 1592 mur.
219 1531 339 1594 Sensus
358 1528 417 1590 hac
437 1529 475 1589 de
500 1546 532 1590 re
554 1530 682 1590 Nostros
704 1529 911 1608 explicantes,

121 1618 193 1681 vitio
214 1617 415 1699 potissimum
428 1617 573 1680 laborare
589 1617 823 1697 comperuimus
838 1619 913 1678 Pra-

121 1705 181 1768 xim
194 1705 348 1769 examinis
358 1705 620 1784 oretenusbabiti,
638 1724 694 1768 nec
705 1705 829 1786 scriptis
839 1723 914 1766 cou-

122 1795 258 1876 signatis.
275 1793 376 1857 Electi
390 1793 546 1875 siquidem
563 1795 602 1856 ad
613 1796 727 1857 Curam
736 1793 913 1856 animarum

122 1883 506 1961 abOrdiuarioCcllatore,
519 1889 549 1944 ct
559 1881 599 1945 ad
614 1882 761 1966 iteratum
773 1885 912 1946 Examen

122 1989 224 2034 coram
238 1971 302 2034 alio
316 1971 428 2034 Judice
438 1969 610 2050 provocati,
623 1969 676 2051 jus
685 1970 833 2051 legitimae
844 1970 913 2034 Gol-

121 2060 240 2123 latioois
263 2059 345 2122 tueri
362 2077 423 2120 non
438 2063 584 2138 poterant
608 2062 705 2136 certo,
730 2077 767 2120 ac
787 2075 913 2138 perma-

123 2149 203 2212 nenti
219 2147 397 2212 testimonio
409 2147 476 2229 jam
491 2147 631 2230 probata
642 2147 819 2211 idoneitatis
832 2166 839 2220 ;
856 2147 912 2208 sed

122 2238 222 2300 oncri
237 2236 399 2302 Examinis
418 2236 488 2297 alea
501 2235 666 2298 subeunda
679 2254 786 2298 coram
800 2235 912 2299 ludios

122 2325 345 2406 Appellationis
351 2329 511 2404 gestarum
523 2342 629 2386 rerum
643 2342 772 2404 prorsus
786 2325 909 2405 ignaro,

121 2416 184 2474 tota
206 2432 256 2474 res
281 2413 419 2494 pendere
445 2411 621 2476 videbatur.
647 2413 800 2486 Quocirca
821 2415 912 2493 gravi

121 2499 909 2583 iustitiaeoetrimentoreceptameoroeratopinio

122 2588 283 2669 provocari
296 2607 386 2669 possa
401 2589 441 2650 ad
452 2588 713 2667 aliumludicem,
726 2590 810 2651 nullo
827 2586 912 2651 arihi-

120 2673 180 2740 bito
189 2675 337 2739 indebitae
343 2676 519 2758 rejectionis
530 2677 729 2741 documento.
743 2679 832 2751 Quod
845 2677 912 2761 qui-

122 2765 276 2828 demeum
298 2768 500 2830 aSacrorum
519 2769 681 2830 Ganonum
694 2783 826 2828 censura
846 2767 912 2830 lon·

121 2855 187 2934 gius
205 2855 379 2931 aberraret,
394 2853 484 2915 facile
499 2853 571 2915 huic
583 2855 768 2934 corruptelae
790 2855 911 2918 occurri

121 2961 207 3022 posse
230 2943 423 3019 censuimus,
452 2941 477 3004 si
502 2946 588 3004 certa
609 2943 758 3024 primum,
784 2949 817 3006 et
839 2948 911 3023 apta

122 3032 268 3112 disposite
281 3031 418 3094 habendi
427 3031 576 3094 examinis
585 3032 910 3112 lormapraescribare·

121 3125 187 3194 tur;
203 3121 227 3180 si
252 3118 442 3204 questiones
464 3120 657 3184 Examinotis
683 3121 862 3201 proposita,
881 3125 912 3184 et

123 3213 336 3271 consentaneae
350 3209 475 3270 illorum
493 3209 725 3288 responsiones,
742 3214 849 3290 totque
865 3209 909 3271 rei

121 3301 212 3376 geste
224 3296 323 3359 series
336 3296 369 3358 io
382 3296 506 3377 scriptis
520 3296 734 3376 redigeretur;
749 3302 781 3361 et
792 3297 817 3359 si
832 3301 911 3360 Acta

122 3383 244 3446 demum
258 3384 356 3447 totius
371 3387 548 3448 Concursus
560 3386 601 3447 ad
611 3388 627 3448 J
632 3385 756 3448 adicem
766 3387 911 3466 Appella-

122 3469 209 3532 ticnis
221 3472 347 3553 integra
365 3477 616 3553 asportarentur.

158 3579 172 3616 ιι
189 3557 271 3620 Inita
284 3579 302 3620 a
315 3558 410 3622 Nobis
420 3559 540 3621 consilii
551 3560 630 3622 ratio
642 3579 704 3624 non
720 3561 821 3623 solum
834 3560 911 3622 arri-

122 3643 908 3727 sitCongregatioui‚illamdielb.Novembrisl720.

122 3738 218 3802 ratam
242 3736 391 3798 babenti:
416 3737 472 3798 sed
497 3737 591 3799 etiam
623 3737 775 3799 Pontificii
799 3737 909 3819 judicii

122 3825 296 3886 accessione
310 3825 457 3887 roborata
470 3825 555 3888 suita
565 3825 725 3888 Clemente
736 3829 789 3904 lll,
803 3827 912 3890 Eccle-

122 3909 249 3976 siasticee
264 3911 441 3993 Disciplina}
460 3913 595 3994 vindice,
617 3919 648 3976 et
671 3922 825 3977 assertore
848 3915 911 3976 exi·

123 3997 192 4063 mio.
206 4003 310 4082 thue
325 4002 466 4064 locorum
480 4001 638 4065 ordinarii
649 4003 801 4064 eaomnia
811 4003 907 4080 filiali,

123 4105 180 4168 quo
194 4105 252 4168 par
275 4092 353 4165 erat,
369 4089 519 4170 obsequio
532 4093 564 4151 et
584 4089 747 4172 diligentia
760 4109 911 4172 exseque-

123 4182 245 4253 rentur;
263 4177 300 4239 iis
326 4177 407 4240 detae
430 4178 503 4242 sunt
522 4179 572 4240 die
595 4181 633 4242 ιθ
655 4180 797 4246 ianuarii
820 4184 907 4246 liti.

123 4271 302 4346 opportunae
328 4265 452 4330 Littera
476 4273 582 4330 nostro
608 4268 731 4332 calamo
758 4276 908 4350 exaratas,

124 4352 321 4437 ejusdemque
335 4355 494 4418 Pontitlcis
506 4375 600 4436 pensu
617 4363 649 4420 et
675 4359 802 4422 oraculo
824 4377 910 4421 com·

123 4444 270 4523 probatae,
299 4462 432 4526 quarum
447 4449 589 4508 tenorem
603 4449 635 4508 et
655 4447 786 4510 stelias
813 4450 910 4528 praelo

124 4533 331 4611 commissum,
347 4538 379 4595 et
392 4533 543 4596 insertum
555 4533 587 4595 in
601 4535 740 4598 Bullario
754 4535 829 4599 dicti
844 4539 911 4600 Ele·

124 4621 230 4684 mentis
246 4621 486 4684 Praedeeessoris
500 4622 614 4701 Nostri,
631 4641 771 4706 congrus
786 4625 837 4688 bic
852 4626 911 4688 du-

124 4707 443 4774 rimusreiereudum:

236 4850 482 4915 Revereadisrr'me
494 4851 619 4915 Domine
632 4855 678 4916 uti
692 4855 807 4917 Frater.

164 4975 625 5048 ‹rQuodPoroehialesEcclesiae
636 4979 830 5058 dignioribus
839 4984 910 5043 Per-

125 5076 138 5112 ι
150 5061 229 5124 souis
236 5062 449 5142 gubernanda·
458 5063 668 5142 traderentur,
680 5065 799 5141 statuit,
810 5071 845 5129 ιιι
854 5085 910 5127 uo-

124 5164 137 5201 ι
150 5149 212 5208 tum
222 5152 279 5225 est,
288 5151 832 5232 Seorosancta'l'ridentinaSynodus
842 5174 907 5218 sesa.

125 5243 138 5280 ιι
150 5228 197 5304 ιι,
208 5247 233 5290 c.
245 5231 296 5307 18,
308 5235 353 5310 ιιι,
365 5238 496 5292 vacante
507 5231 646 5296 Ecclesia
658 5233 845 5312 Paroobiali,
863 5233 910 5296 in-

125 5309 312 5394 udioaretur,
342 5322 374 5381 et
400 5320 490 5384 llerct
516 5323 704 5397 concursus,
719 5339 726 5392 ;
744 5339 793 5397 ac,
823 5327 911 5400 post-

126 5423 138 5454 ι
152 5419 241 5482 quam
250 5407 477 5470 concurrentes
487 5407 698 5489 ebEpiscopo,
711 5408 761 5470 vel
774 5407 842 5490 ejus
857 5410 910 5474 vi-

127 5509 139 5546 ι
152 5493 231 5558 cario
241 5496 396 5576 Generali,
409 5503 503 5585 atque
513 5497 553 5562 eb
564 5496 837 5566 Examinatoribus
849 5500 909 5580 Sy-

1700 553 1759 614 ete

970 757 983 794 ιι
1000 733 1165 796 noxialibus
1176 734 1287 796 saltem
1298 733 1397 796 tribus
1408 733 1587 812 examinati,
1604 739 1635 798 et
1649 753 1763 817 appro-

970 845 984 882 u
998 823 1062 884 bati
1079 825 1193 898 essent,
1216 821 1390 902 Episcopus
1405 840 1479 883 eum
1502 822 1642 903 eligeret,
1668 842 1763 906 quem

970 933 983 968 ιι
999 909 1263 986 etatemoribus,
1273 908 1426 986 doctrina,
1438 909 1615 988 prudentia,
1633 911 1762 992 aliisque

969 1021 983 1056 ιι
997 997 1143 1058 rebusad
1158 1002 1322 1059 vacantem
1337 997 1509 1059 Ecclesiam
1524 999 1763 1077 gubernandam

969 1109 983 1146 ιι
999 1085 1192 1163 necessariis,
1206 1091 1237 1148 et
1247 1086 1442 1164 opportunis,
1455 1085 1629 1166 digniorem
1637 1088 1760 1166 ceteris,

968 1197 982 1234 ιι
997 1174 1160 1254 magisque
1173 1174 1322 1236 idoneum
1332 1173 1501 1254 judicaret.
1519 1174 1705 1256 adjecitque
1720 1177 1760 1239 ad

968 1286 982 1322 ιι
996 1262 1214 1325 baocConcilii
1224 1262 1423 1324 Sanctionem
1435 1263 1762 1326 validiuscontlrmao·

967 1375 982 1411 ιι
1001 1352 1090 1428 dam,
1116 1357 1200 1412 raet
1222 1351 1348 1413 nomine
1375 1351 1596 1414 Sanctissimus
1620 1353 1762 1416 Pontifex

967 1462 982 1498 ιι
999 1440 1072 1502 Pius
1087 1441 1125 1517 V,
1154 1439 1250 1520 quod,
1267 1439 1292 1500 si
1307 1459 1447 1520 unquam
1467 1441 1640 1520 Episcopus
1659 1442 1762 1504 minus

968 1550 981 1588 ιι
995 1528 1142 1605 habilem,
1153 1527 1331 1607 postpositis
1339 1529 1439 1608 magis
1459 1528 1590 1606 idoneis,
1603 1528 1759 1610 elegisset,

966 1640 981 1675 ιι
997 1617 1117 1698 possint
1138 1617 1170 1693 ii,
1188 1617 1241 1695 qui
1263 1616 1371 1697 rejecti
1393 1621 1543 1693 assecta
1569 1621 1653 1682 malo
1679 1618 1763 1700 ejus-

967 1728 981 1765 ιι
997 1705 1081 1768 ιιιοιιι
1102 1706 1254 1768 electione
1274 1705 1315 1767 ad
1339 1707 1627 1788 Metropolitanum,
1644 1709 1705 1786 vel,
1733 1707 1759 1770 si

966 1816 980 1853 ιι
997 1791 1062 1873 ipse
1070 1793 1465 1874 eligensMetropolitanus,
1478 1799 1533 1858 aut
1542 1801 1709 1878 exemptus
1717 1797 1761 1859 lo·

966 1904 980 1942 ιι
996 1887 1054 1960 ret,
1080 1883 1120 1943 ad
1144 1882 1327 1944 viciniorem
1356 1881 1569 1958 Ordinarium,
1598 1891 1633 1949 ιιι
1670 1885 1762 1949 Sedis

966 1993 980 2029 ιι
996 1970 1183 2050 spostolicae
1197 1971 1394 2052 Delegatum,
1416 1972 1466 2035 vel
1494 1973 1571 2036 elias
1595 1974 1636 2035 ad
1661 1974 1762 2054 ipsam

966 2081 980 2117 ιι
996 2059 1111 2121 Sedem
1135 2060 1347 2138 Apostolicom
1362 2062 1532 2141 appellare,
1549 2080 1586 2124 ac
1610 2064 1762 2126 Praeelcc-

966 2169 980 2206 ιι
996 2151 1064 2209 tum
1077 2147 1117 2208 ad
1132 2166 1249 2209 novum
1266 2167 1397 2210 examen
1409 2168 1514 2211 coram
1530 2151 1597 2231 ipso
1614 2152 1761 2232 Appella-

965 2257 980 2293 ιι
993 2234 1086 2295 tionis
1099 2234 1116 2297 J
1121 2234 1222 2312 adice,
1239 2240 1271 2299 et
1285 2237 1353 2317 ejus
1364 2237 1638 2302 Examinatoribus
1649 2258 1761 2320 provo·

965 2343 980 2380 ιι
995 2339 1067 2382 care
1080 2341 1087 2394 ;
1100 2339 1138 2383 ea
1152 2325 1257 2384 tamm
1278 2324 1433 2400 cautione,
1450 2329 1485 2387 ut
1505 2325 1673 2406 appellatio
1697 2345 1760 2389 non

965 2432 980 2469 ιι
993 2409 1024 2470 in
1038 2411 1232 2490 suspensivo,
1245 2411 1300 2473 sed
1311 2411 1342 2471 in
1351 2412 1507 2475 evoletivo
1527 2431 1595 2475 esse
1608 2415 1757 2489 deberct;

965 2519 981 2557 ιι
993 2497 1260 2579 quemadmodum
1283 2498 1314 2559 in
1338 2499 1406 2580 ejus
1426 2501 1665 2579 Constitutione,
1688 2520 1760 2585 qua

965 2609 979 2646 ιι
994 2585 1155 2666 trigesima
1172 2591 1229 2664 est,
1249 2587 1342 2649 latius
1360 2593 1510 2662 cavetur;
1527 2590 1756 2670 concludendo,

965 2674 1090 2754 equod,
1106 2673 1238 2736 constito
1253 2675 1293 2736 de
1303 2675 1417 2754 prioris
1427 2677 1578 2757 Eligeutis
1592 2677 1759 2741 irrationa-

965 2784 980 2820 ιι
991 2762 1046 2823 bili
1056 2761 1189 2843 judicio,
1204 2781 1305 2845 eoque
1320 2769 1477 2843 revocato,
1494 2767 1684 2829 Parocbialis
1703 2768 1759 2830 Ec·

965 2873 979 2910 ιι
995 2851 1091 2922 clesia
1105 2851 1206 2932 magis
1220 2851 1333 2913 idoneo
1348 2853 1536 2916 conferatur.

1010 2961 1025 2996 ιι
1039 2941 1117 3002 Cum
1132 2945 1236 3002 autem
1250 2959 1352 3021 neque
1362 2941 1489 3003 Concilii
1500 2945 1643 3021 Decreta,
1657 2961 1758 3024 nequa

964 3051 979 3087 ιι
992 3027 1150 3091 Pontifiois
1163 3029 1254 3091 Bulla
1274 3028 1426 3091 examinis
1441 3030 1472 3090 in
1496 3032 1654 3094 concursu
1669 3051 1759 3112 pera·

964 3137 979 3175 ιι
993 3116 1088 3197 gandi
1103 3117 1216 3193 torma,
1245 3136 1302 3180 seu
1324 3119 1493 3181 methodus
1520 3121 1583 3182 ulla
1605 3125 1703 3200 certa,
1720 3139 1757 3185 ac

964 3226 979 3263 ιι
994 3205 1162 3283 peculiaris
1193 3206 1349 3267 servanda
1380 3213 1593 3287 proponatur;
1630 3208 1756 3271 difficile

964 3313 979 3351 ιι
993 3291 1078 3354 dictu
1099 3295 1156 3368 est,
1174 3295 1292 3372 quauta
1312 3293 1499 3355 Examioum
1514 3295 1647 3358 aliorum
1668 3295 1754 3374 alibi,

963 3401 978 3438 ιι
992 3377 1157 3441 diversitas
1172 3378 1319 3456 extiterit,
1336 3385 1430 3460 atqua
1451 3380 1525 3443 hinc
1540 3384 1662 3444 occasio
1683 3401 1757 3464 que

964 3491 978 3528 ιι
994 3468 1141 3530 relarum.
1158 3469 1237 3529 Nam
1251 3467 1378 3547 alicubi,
1394 3488 1466 3532 cum
1482 3489 1542 3532 uon
1553 3471 1672 3532 eaedem
1690 3489 1758 3532 om-

963 3579 978 3615 »
991 3557 1081 3618 nibus
1095 3557 1297 3635 Quaestiones,
1313 3576 1376 3619 non
1391 3559 1486 3620 iidem
1493 3578 1584 3622 casus
1606 3561 1755 3640 propositi

963 3665 978 3702 ιι
992 3645 1133 3723 fuissent,
1146 3649 1235 3706 eraut
1243 3644 1415 3708 identidem
1426 3693 1434 3724 ,
1445 3648 1509 3727 qui,
1521 3648 1571 3709 vel
1581 3647 1611 3709 in
1621 3647 1753 3729 judicio,

963 3754 978 3793 ιι
992 3735 1041 3794 vel
1056 3737 1144 3793 extra
1162 3739 1440 3814 conquererentur,
1456 3735 1515 3796 sibi
1540 3735 1668 3816 quidem
1686 3742 1758 3816 post

963 3845 977 3880 ιι
992 3821 1100 3900 positis
1126 3820 1326 3898 difficiliores,
1354 3823 1522 3885 Praeelecto
1550 3831 1655 3886 autem
1678 3825 1757 3887 laci-

963 3933 978 3969 ιι
990 3910 1086 3972 liores
1109 3909 1150 3970 ad
1168 3909 1353 3971 solvendum
1378 3910 1571 3983 Ouaestlonas
1594 3911 1754 3993 obtigisse.

963 4021 978 4057 ιι
990 3997 1071 4061 Alibi
1081 4015 1155 4058 vero
1167 3997 1285 4058 cedern
1301 3997 1428 4078 quidem
1443 3997 1589 4060 omnibus
1604 4000 1757 4074 Quaestio·

963 4108 978 4145 ιι
993 4103 1048 4147 nes
1060 4085 1228 4165 propositae
1238 4083 1375 4162 fuerunt,
1391 4085 1447 4146 sed
1458 4104 1560 4166 neque
1575 4085 1635 4164 hae,
1652 4105 1754 4169 neque

963 4197 977 4234 ιι
991 4177 1099 4236 dataea
1112 4173 1376 4236 concurrentibus
1386 4173 1607 4254 responsiones
1623 4173 1753 4258 scripto,

962 4283 977 4321 ιι
990 4280 1045 4323 seu
1054 4261 1164 4325 litteris
1174 4261 1451 4341 consignabaotur.
1464 4264 1606 4344 Cumque
1616 4268 1757 4342 postmo-

963 4372 978 4409 ιι
992 4350 1080 4429 dum,
1096 4369 1154 4413 nec
1168 4369 1240 4412 raro
1260 4349 1467 4434 contingeret,
1487 4355 1555 4414 ute
1576 4352 1755 4433 postpositis

963 4460 978 4498 ιι
990 4436 1146 4519 quispiam
1155 4437 1227 4520 jure
1240 4438 1338 4502 Bulla
1355 4437 1555 4518 supradictae,
1571 4457 1690 4502 novum
1713 4441 1754 4503 ed

963 4550 977 4588 ιι
989 4529 1127 4590 Examen
1136 4525 1361 4590 coramJudice
1372 4527 1610 4607 Appellationis,
1622 4529 1754 4611 ejusque

963 4637 978 4674 ιι
992 4615 1265 4678 Examinatoribus
1274 4615 1417 4678 Electum
1440 4621 1626 4695 provocaret
1637 4637 1644 4680 :
1657 4619 1755 4680 Sacra

962 4727 976 4764 ιι
992 4703 1198 4784 congregatio
1207 4703 1439 4784 usqueabauno
1452 4706 1539 4782 leue,
1552 4704 1753 4768 considerans

963 4817 978 4852 ιι
990 4811 1160 4873 gravamen
1177 4809 1239 4853 non
1254 4792 1316 4854 alia
1330 4793 1461 4871 ratione,
1478 4811 1573 4874 quam
1587 4812 1668 4856 noro
1683 4813 1754 4856 exo·

963 4903 978 4941 ιι
990 4881 1074 4943 mine
1088 4881 1213 4961 probari
1239 4899 1348 4960 posse;
1365 4882 1619 4964 provocationem
1633 4880 1674 4944 ad
1698 4900 1751 4944 no

962 4994 977 5029 ιι
991 4987 1066 5031 vum
1088 4987 1218 5031 examen
1233 4970 1355 5032 censuit
1377 4969 1615 5048 admittendam,
1639 4989 1754 5051 grava·

962 5080 977 5118 ιι
992 5058 1074 5118 mina
1106 5058 1241 5120 necdum
1263 5059 1407 5138 probato,
1434 5062 1467 5120 et
1497 5057 1656 5140 requisitis
1682 5062 1754 5120 tan·

962 5169 976 5204 ιι
989 5144 1149 5209 tummodo
1164 5145 1401 5225 probationibus
1415 5145 1447 5206 io
1457 5145 1752 5228 subsequentijudi·

962 5256 977 5292 ιι
989 5235 1049 5312 oio,
1074 5234 1106 5296 in
1132 5252 1205 5314 quo,
1234 5234 1368 5314 probato
1396 5251 1593 5314 pernarum
1620 5252 1751 5298 examen

962 5343 976 5380 ιι
992 5321 1216 5401 Appellatioois
1230 5322 1413 5400 gravamine
1436 5319 1539 5403 quoad
1563 5320 1750 5402 doctrinam,

962 5433 976 5468 ιι
991 5408 1154 5489 probanda
1167 5415 1309 5490 superest
1327 5409 1468 5490 ejusdem
1482 5427 1548 5489 pras
1559 5409 1627 5490 J'am
1650 5409 1751 5474 electo

962 5521 976 5556 ιι
991 5498 1021 5558 ιιι
1033 5497 1161 5584 reliquis
1171 5499 1210 5560 ad
1220 5499 1392 5580 regendam
1407 5497 1579 5564 Ecclesiam
1595 5499 1751 5594 requisitis
