4166 6346
740 479 792 542 olo
813 478 943 543 S'l'A'l'U
965 478 1183 547 nontamen.
1718 481 1779 544 453

113 661 277 746 plurimos
293 660 477 744 hujusmodi
491 658 608 726 abnam
619 667 797 744 compertos
812 663 927 726 habea·
982 681 1042 745 que
1065 665 1134 728 aliis
1164 681 1351 747 quoeunque
1372 665 1498 729 nomine
1520 669 1552 730 ot
1574 667 1779 748 expressione

112 769 196 828 mus,
216 751 253 812 in
269 751 337 814 bac
360 751 486 816 sublimi
508 754 700 816 sacrosancti
724 754 925 834 Apostolatus
981 753 1320 834 nuncupatispersonis
1337 755 1779 836 quocunquetcmporeaqui-

112 839 250 920 specula
265 840 443 918 constituti,
459 856 524 902 non
536 840 747 904 tamassiduis
762 841 926 903 nonnullo·
979 840 1106 919 busvis,
1131 842 1226 904 etiam
1244 844 1285 905 ab
1307 843 1384 922 ipsis
1406 842 1778 907 Romanis'Pontiflcibus

112 945 185 991 rum
209 928 358 991 aliarum
379 927 591 991 Ecclesiam
613 929 796 993 Antistitum
828 930 926 992 docu·
980 928 1265 992 Praedecessoribus
1279 931 1421 1008 Nostris,
1445 949 1632 1012 quacunque
1654 932 1693 993 de
1706 950 1778 993 osu-

112 1015 230 1081 mentis
247 1035 354 1098 quam
358 1016 452 1098 justis
462 1015 558 1080 etiam
567 1019 767 1097 superiorum
776 1019 925 1082 aliorum·
979 1035 1033 1094 sa,
1056 1018 1239 1096 occasione,
1264 1018 1375 1096 titulo,
1396 1019 1501 1082 colore
1514 1022 1708 1098 etprestcxtu
1720 1038 1778 1100 per

113 1123 174 1187 que
190 1105 347 1168 virorum
361 1123 399 1168 ex
416 1103 571 1184 religiosis
594 1106 764 1169 Ordinibus
786 1107 842 1170 Dei
869 1107 925 1170 bo-
978 1123 1181 1188 quascunque
1195 1106 1414 1186 Apostolices,
1440 1107 1507 1168 sive
1519 1107 1552 1169 in
1567 1107 1660 1168 simili
1674 1107 1778 1169 forma

112 1211 227 1256 norem
247 1197 285 1256 et
308 1191 443 1257 instituti
464 1194 513 1254 sui
534 1194 733 1275 disciplinam
757 1195 924 1260 celantium
978 1193 1101 1271 brevis,
1115 1193 1181 1256 sive
1194 1195 1252 1255 sub
1266 1195 1396 1273 plumbo
1411 1194 1573 1274 expeditas
1585 1194 1775 1257 litterassub

113 1279 429 1360 expostulationibus
442 1281 492 1344 de
515 1282 681 1345 antedictis
706 1283 923 1365 similibusque
978 1281 1217 1362 quibuscunque
1239 1281 1412 1344 verborum
1435 1282 1544 1344 formis
1556 1283 1658 1361 lacta,
1679 1283 1773 1360 data,

111 1370 271 1432 abusibus
286 1371 324 1432 in
338 1369 405 1433 diss
418 1370 636 1448 admonemur,
654 1376 689 1434 ut
709 1376 923 1452 opportunum
979 1386 1127 1431 concessa
1142 1373 1172 1432 et
1185 1369 1359 1449 impertita,
1375 1371 1440 1432 sive
1452 1371 1565 1448 lactes,
1578 1371 1685 1447 datas,
1700 1388 1773 1432 oon·

112 1475 150 1519 ac
164 1459 316 1520 salutare
338 1456 451 1521 iisdem
469 1458 619 1522 abusibus
642 1459 800 1538 tollendis,
827 1479 924 1541 quen·
978 1475 1081 1518 cesam
1098 1462 1130 1520 et
1142 1457 1316 1537 impertitas
1335 1459 1393 1520 sub
1408 1458 1587 1539 hujusmodi
1601 1478 1730 1521 accessu
1743 1462 1775 1521 et

111 1549 180 1608 tum
201 1563 283 1606 cum
298 1543 434 1610 Domino
448 1563 625 1624 possumus,
649 1548 826 1609 remedium
848 1549 925 1610 alie·
977 1545 1122 1624 ingressu
1143 1564 1348 1624 revocamus,
1369 1547 1551 1624 abolemus,
1574 1547 1775 1609 annullamus

113 1651 240 1708 ramus3
265 1634 459 1700 cumauro
482 1635 674 1714 Apostolica,
704 1641 814 1699 tenore
842 1653 924 1716 proe-
978 1631 1258 1712 atqucirritamus,
1272 1635 1774 1696 necnonedatarumearumdem

112 1721 254 1784 sentium
274 1723 418 1802 prinum
443 1722 573 1802 quidem
597 1741 707 1786 omnes
731 1728 762 1786 et
784 1723 923 1802 singulas
977 1721 1179 1800 praesentium
1199 1722 1249 1782 die
1269 1727 1435 1799 revocata,
1456 1722 1592 1801 abolita,
1611 1723 1775 1787 annullata

112 1809 369 1876 continuem
383 1809 627 1890 sanctionesque
642 1831 662 1873 a
676 1811 824 1874 Romanis
843 1813 924 1872 Pon·
977 1813 1009 1870 et
1021 1808 1119 1886 irrita,
1132 1827 1169 1870 ac
1179 1809 1294 1871 nullius
1306 1828 1433 1888 prorsus
1442 1809 1559 1889 vigoris
1572 1829 1640 1872 esse
1653 1813 1684 1872 et
1693 1810 1771 1887 lore,

113 1897 255 1960 tificibus
284 1897 578 1964 Producessoribus
607 1899 728 1962 Nostris
752 1903 818 1962 tam
849 1901 922 1959 ante
976 1897 1157 1978 neminique
1167 1897 1294 1959 cuilibet
1302 1912 1489 1978 quoeunque
1499 1902 1642 1977 tempore
1663 1899 1773 1958 suffra-

115 2003 212 2066 quom
226 1990 306 2066 post
325 1985 454 2049 Caecilii
478 1985 652 2049 Tridentini
677 1987 804 2048 decreta
827 2003 922 2064 super
976 1983 1044 2064 gari
1072 1984 1257 2063 statuimus,
1287 1985 1486 2047 decernimus
1515 1991 1546 2048 et
1576 1987 1772 2047 declaramus

111 2075 266 2136 ‘clausura
280 2073 545 2138 Monostcriorum
560 2092 824 2155 quorumcunque
847 2072 921 2135 reli·
977 2072 1149 2152 quemlibet
1170 2073 1310 2134 omnium
1331 2073 1562 2136 antedictorum
1584 2073 1680 2136 etiam
1702 2091 1772 2152 spe-

111 2161 282 2242 -giosorum
298 2161 441 2224 virorum
460 2163 560 2226 editas
582 2181 771 2226 renovemus
793 2165 825 2224 et
847 2178 922 2223 con·
976 2159 1047 2221 ciali
1060 2160 1218 2222 mentione
1230 2161 1398 2240 dignorum
1410 2179 1597 2241 quecunque
1617 2160 1766 2222 facultate

114 2251 302 2323 firmamus;
320 2266 443 2311 necnon
456 2249 487 2309 in
497 2254 666 2328 posterum
680 2250 720 2314 ab
735 2248 880 2313 omnibus
891 2252 922 2310 et
976 2247 1157 2329 hujusmodi
1167 2252 1285 2310 temere
1295 2248 1340 2310 uti
1351 2248 1518 2310 audentem
1531 2248 1599 2330 ipso
1609 2248 1690 2309 facto
1701 2246 1770 2308 abs-

116 2335 248 2416 singulis
264 2337 309 2398 ad
326 2355 404 2418 quos
419 2342 541 2417 spectet
552 2343 583 2400 et
595 2339 627 2399 in
641 2339 782 2400 futurum
796 2343 919 2418 specta·
976 2355 1037 2419 que
1050 2337 1113 2397 ulle
1131 2335 1342 2399 declaratione
1363 2355 1473 2415 poenas
1495 2339 1526 2397 et
1538 2333 1770 2398 Ecclesiasticus

108 2423 161 2486 eit
173 2425 234 2487 sub
250 2426 369 2487 iisdem
384 2426 486 2505 poenis
500 2426 532 2488 in
544 2427 819 2490 constitutionibus
829 2443 921 2488 senc-
965 2442 1143 2502 censuras,
1164 2425 1330 2504 aquibus,
1347 2428 1557 2504 praeterquam
1570 2441 1590 2484 a
1601 2421 1718 2498 Nobis,
1739 2425 1770 2484 et
1800 2445 1839 2496 de
1924 2479 1927 2484 Α

107 2511 324 2594 tionibusque
339 2515 523 2576 eorumdem
543 2515 815 2577 Preedeeossorum
842 2517 920 2576 Nos-
974 2513 1505 2592 protemporeenistentellomano
1519 2510 1689 2588 Pontifioe,
1709 2509 1768 2574 nisi
1795 2505 1797 2508 ’

108 2605 239 2664 trorum
265 2605 484 2664 Romanorum
511 2603 708 2682 Pontificum,
738 2607 771 2664 et
786 2602 919 2664 decretis
974 2599 1007 2660 in
1021 2600 1273 2663 mortisarticulc
1288 2600 1408 2662 absolvi
1421 2599 1539 2680 possit,
1559 2599 1720 2661 incurrere
1738 2601 1769 2660 e't
1862 2598 1872 2610 '

109 2688 263 2770 ejusdam
278 2691 411 2754 concilii
435 2690 609 2753 Tridentini
628 2691 793 2768 contentis,
819 2690 920 2754 invio·
974 2688 1135 2751 incursum
1154 2707 1242 2766 esse,
1263 2687 1484 2768 licentiamque
1503 2686 1683 2768 hujusmodi
1704 2685 1768 2749 cui·

118 2777 255 2840 labiliter
272 2779 488 2841 observandas
503 2797 571 2841 esse
583 2780 759 2857 statuimus,
776 2780 920 2841 decerni·
973 2795 1097 2857 cunque
1109 2795 1292 2840 concessam
1314 2777 1400 2838 nullo
1413 2776 1508 2837 modo
1521 2775 1705 2854 suffragari,
1720 2777 1769 2836 at-

117 2883 198 2942 mus,
227 2866 434 2946 praecipimus
453 2869 547 2947 atque
569 2868 768 2930 mandamus.
798 2867 918 2930 Deinde
972 2884 1035 2946 que
1057 2865 1171 2926 nullius
1191 2865 1342 2928 momenti
1372 2864 1503 2944 perinde
1527 2883 1565 2926 ac
1591 2864 1616 2926 si
1637 2863 1767 2927 minime

119 2957 205 3016 motu
219 2955 353 3035 proprio
365 2957 400 3018 'et
414 2973 451 3016 ex
476 2959 562 3019 certa
580 2955 712 3018 scientis
734 2974 771 3018 ec
794 2959 919 3017 matura
972 2971 1121 3016 concessa
1133 2952 1261 3030 luisset,
1278 2951 1346 3032 ipso
1359 2953 1440 3014 laeto
1455 2952 1522 3014 lore
1537 2956 1568 3014 et
1582 2951 1712 3030 baberi,
1729 2971 1767 3014 ac

120 3039 349 3106 deliberatione
365 3044 479 3106 nostris
493 3044 596 3125 deque
611 3045 798 3124 spostolicae
813 3047 919 3123 potss-
971 3041 1358 3121 peccasetcensurasipso
1369 3041 1450 3102 laeto
1461 3039 1768 3120 utpraemittiturper

119 3129 189 3191 tatis
211 3128 412 3209 plenitudine
435 3133 618 3194 earumdem
647 3131 848 3211 presentium
870 3135 917 3193 te-
971 3128 1248 3191 contralacientem
1262 3129 1378 3191 incurri
1401 3135 1432 3192 et
1450 3130 1591 3192 incursas
1610 3149 1687 3192 esse.
1706 3134 1768 3193 De-

120 3219 490 3298 noreomniaetsingula
503 3218 635 3297 indulta,
647 3219 823 3300 privilegia,
835 3237 916 3297 pree-
970 3221 1135 3280 cernentes
1150 3217 1277 3280 easdem
1296 3223 1466 3296 presentes
1485 3219 1605 3281 litteras
1626 3223 1658 3282 ct
1675 3219 1706 3280 in
1721 3217 1766 3282 eis

8 3321 9 3348 ³
109 3306 294 3384 *rogativam
323 3305 497 3386 facultates,
518 3307 660 3370 licentias
681 3311 712 3370 et
726 3321 915 3389 quocunque
970 3309 1117 3368 contenta
1139 3323 1335 3386 quaecunque
1354 3305 1448 3368 edam
1466 3325 1502 3368 eo
1525 3306 1609 3386 quod
1636 3308 1765 3387 quicun-

8 3463 10 3480 ἱ
111 3389 872 3475 aliopactonuncupatasconcessionesomnibus
883 3400 915 3459 et
970 3411 1031 3474 que
1045 3392 1077 3453 in
1094 3393 1262 3471 premissis
1274 3393 1425 3456 interesse
1438 3392 1612 3472 habentes,
1637 3413 1693 3456 seu
1709 3395 1765 3456 ha-

8 3481 10 3512 ?
122 3477 250 3560 singulis
273 3481 514 3564 quibuscunque
531 3483 758 3546 Ecclesiasticis
773 3482 915 3564 personis
968 3482 1044 3542 bere
1057 3481 1293 3560 quomodolibet
1305 3481 1535 3560 praetendentes
1550 3480 1687 3562 cujusvis
1702 3487 1762 3544 sta·

123 3583 311 3651 quaeunque
337 3571 546 3648 anctoritate,
577 3572 740 3652 dignitate,
780 3571 911 3649 honore,
969 3572 1040 3645 tus,
1057 3568 1194 3648 gradus,
1211 3567 1348 3636 ordinis,
1364 3569 1608 3649 praeminentia
1623 3569 1764 3650 etdigni·

123 3657 359 3732 praeeminentia
384 3677 421 3721 ac
446 3659 665 3740 jurisdictione
699 3660 913 3741 iungentibus,
968 3655 1040 3718 tatis
1061 3655 1195 3719 enatent
1214 3675 1270 3720 seu
1292 3657 1355 3719 alie
1377 3657 1523 3737 specifice
1548 3662 1580 3720 et
1600 3658 1764 3721 individua

123 3740 215 3804 etiam
228 3745 469 3808 venerabilibus
480 3747 640 3808 Fratribus
653 3747 773 3809 Nostris
784 3748 817 3810 S.
828 3750 865 3808 R.
875 3749 911 3809 lo.
968 3744 1126 3807 mentione
1144 3749 1175 3808 et
1194 3745 1393 3824 expressione
1415 3745 1502 3826 digni
1524 3745 1583 3808 illis
1598 3765 1762 3810 consensa-

124 3827 348 3910 cardinalibus,
365 3833 435 3895 sive
449 3833 580 3914 singulis
594 3833 782 3896 sivceorum
807 3832 916 3896 (lardi-
969 3833 1049 3911 rint,
1073 3852 1131 3894 nec
1149 3834 1190 3896 ad
1201 3852 1240 3896 ea
1252 3835 1374 3912 vocati,
1397 3834 1483 3898 citati
1504 3838 1535 3898 et
1548 3835 1666 3914 auditi,
1689 3854 1764 3898 cau·

124 3915 238 3979 uallum
252 3920 567 3999 Gangregationibus,
585 3921 680 3984 etiam
693 3921 733 3982 de
747 3920 845 3983 latere
859 3923 915 3982 Le·
968 3940 1074 4004 sesque
1102 3928 1232 4003 propter
1259 3942 1336 4004 quas
1364 3926 1534 4003 praesentes
1564 3924 1760 3998 emanarint,

125 4003 211 4084 gatis,
228 4006 295 4068 sive
310 4009 363 4088 qui
378 4007 550 4072 Provinciis
565 4013 596 4072 et
614 4009 836 4090 Legationibus
851 4013 915 4072 sta·
968 4010 1159 4072 sufficienter
1169 4011 1333 4088 adductae,
1356 4011 1523 4073 verificetae
1544 4017 1575 4073 et
1585 4011 1762 4092 justificare

125 4091 171 4151 tus
184 4095 281 4156 nostri
295 4095 507 4158 Ecclesiastici
521 4114 578 4175 pro
593 4101 736 4177 tempore
760 4101 911 4176 praesunt,
968 4116 1032 4159 non
1044 4097 1178 4175 fuerint,
1199 4101 1254 4160 aut
1266 4117 1304 4159 ex
1325 4097 1540 4178 alioquolibet
1559 4098 1652 4161 etiam
1665 4119 1763 4182 quan·

125 4177 187 4240 sive
199 4200 279 4262 quos
293 4184 334 4245 ad
348 4184 531 4246 carissimos
546 4186 578 4247 in
592 4185 715 4248 Christo
729 4184 824 4248 Filios
838 4187 913 4247 Nos·
966 4185 1082 4248 tumvis
1090 4185 1230 4266 juridica
1243 4190 1274 4248 et
1291 4185 1482 4265 priviligieta
1496 4205 1611 4264 causa,
1634 4189 1759 4266 colore,

125 4267 185 4329 tros
196 4269 409 4335 Romanorum
424 4276 542 4353 Regem
557 4273 589 4336 in
598 4275 825 4353 Imperatorem
853 4292 912 4353 pro
966 4277 1119 4354 pretextu
1142 4277 1174 4336 et
1194 4274 1317 4353 capite,
1349 4273 1443 4336 etiam
1465 4274 1497 4335 in
1527 4292 1659 4354 corpore
1678 4274 1761 4356 juris

126 4354 261 4434 tempore
277 4359 469 4438 eligendum,
499 4361 549 4422 vel
577 4361 722 4438 electum,
753 4363 854 4440 Reges
882 4365 914 4423 et
966 4363 1093 4438 clauso,
1108 4359 1202 4424 etiam
1217 4363 1374 4440 enormis,
1397 4362 1622 4426 enormissimae
1637 4367 1762 4426 ettota-

128 4439 255 4522 lleginas
264 4447 412 4525 iNustres,
427 4447 567 4528 aliasque
577 4467 715 4512 summas
725 4452 909 4527 Potestates,
965 4449 1003 4510 lis
1017 4449 1163 4527 laesionis,
1175 4450 1260 4512 nullo
1272 4469 1412 4532 unquam
1421 4454 1563 4532 tempore
1578 4451 1618 4514 de
1631 4452 1760 4532 subrep-

8 4615 9 4618 ,
126 4535 213 4604 prout
231 4553 340 4597 rerum
367 4536 504 4600 conditio
524 4539 749 4618 postulaverit,
780 4539 858 4601 mitti
881 4543 913 4602 et
965 4537 1079 4618 tionis,
1104 4538 1155 4600 vel
1176 4538 1388 4618 obreptionis,
1414 4543 1469 4602 aut
1490 4539 1641 4604 nullitatis
1661 4541 1758 4611 vitio,

128 4613 258 4700 ablegari
271 4624 447 4704 contigerit,
461 4625 593 4706 siveqni
605 4627 679 4688 lieet
692 4628 825 4689 aliarum
837 4628 912 4690 insi·
966 4632 1021 4687 aut
1041 4625 1221 4688 intentionis
1241 4630 1376 4704 nostra,
1398 4627 1448 4690 vel
1470 4627 1620 4690 interesse
1641 4627 1761 4690 haben-

127 4704 228 4780 gnium
236 4712 448 4774 Ecclesiamm
457 4712 912 4795 Antistites,tamentanquam
965 4713 1044 4774 tium
1058 4731 1249 4791 consensus,
1270 4715 1371 4776 aliove
1387 4715 1641 4795 quomodolibet,
1665 4717 1761 4778 etiam

129 4792 305 4893 apostolice
326 4799 420 4879 hujus
442 4801 475 4864 S.
506 4801 596 4872 Sedis
622 4803 730 4882 Legati
754 4803 911 4865 delatore
967 4801 1333 4884 quantumvismagncet
1346 4803 1551 4866 substantiata
1564 4803 1760 4886 acincogita·

129 4878 198 4942 airas
209 4887 379 4966 nuncupati
400 4891 432 4949 et
447 4887 650 4968 babitisunt,
672 4890 911 4954 etlortasseha-
965 4894 997 4952 to
1018 4893 1050 4952 et
1070 4889 1324 4970 inexcogitabili,
1350 4891 1610 4973 individuamque
1634 4911 1760 4973 expres·

130 4963 233 5032 bentur
248 4977 304 5036 out
323 4973 433 5036 haberi
453 4979 486 5038 et
510 4993 583 5046 esse
597 4978 798 5057 praetendunt
827 4983 858 5041 et
875 4977 910 5039 in
965 4977 1085 5040 sionem
1097 4979 1276 5058 requirente
1290 4979 1414 5041 deiectu
1430 4980 1543 5056 notari,
1565 4979 1757 5060 impugnari,

130 5061 278 5130 posterum
296 5061 433 5124 habendi
454 5067 545 5140 sunt3
567 5065 633 5127 sive
647 5065 823 5142 Ordinarii,
845 5065 910 5127 sive
965 5063 1113 5146 infringi,
1130 5066 1316 5144 retractari,
1330 5067 1362 5128 in
1375 5067 1620 5130 controversiam
1633 5067 1757 5145 socan,

132 5139 363 5212 Exlmordinarii
385 5151 488 5214 Nostri
511 5155 543 5216 ot
564 5153 706 5232 ejusdem
724 5153 910 5233 Apostolioae
965 5157 1020 5213 aut
1040 5153 1081 5215 ad
1104 5153 1254 5216 terminos
1274 5154 1355 5236 juris
1378 5155 1506 5233 reduci,
1531 5173 1589 5218 seu
1607 5155 1759 5218 adversus

133 5227 509 5319 Sodisubicunqucetiam
526 5239 663 5319 adipsos
685 5242 911 5321 Imperatorem
965 5239 1033 5301 illas
1044 5240 1227 5319 aperitionis
1238 5241 1534 5319 orie,rastitutionis
1544 5242 1576 5302 in
1586 5241 1756 5321 integrum,

134 5319 161 5375 et
170 5319 283 5403 Reges,
304 5345 342 5387 ae
354 5345 493 5390 summos
508 5328 680 5390 Potestates
696 5327 822 5406 Nuntii,
846 5329 910 5389 sive
966 5327 1090 5389 aliudve
1105 5329 1316 5410 quodcunque
1340 5330 1421 5410 juris
1435 5330 1508 5392 facti
1522 5330 1572 5392 vel
1583 5330 1693 5411 gratia
1708 5349 1759 5392 re-

134 5401 324 5478 luterNuutii
336 5413 494 5490 resident;
515 5431 553 5478 cc
581 5414 709 5477 demum
721 5415 912 5496 quibuscun·
966 5413 1106 5479 medium
1126 5416 1272 5482 intentari
1284 5453 1297 5496 ,·
1313 5419 1362 5481 vel
1382 5417 1563 5500 impetrari,
1586 5421 1641 5483 aut
1658 5417 1758 5501 impe-
