4120 6348
962 618 1076 690 iiDRR
1101 620 1297 696 QUARTUS.

461 981 730 1099 indecentius
749 1031 855 1094 ΡΑΡΑ
875 1029 955 1093 ΧΙΙΙ.

413 1231 463 1295 Ad
503 1233 691 1312 perpetuam
724 1227 770 1289 rei
810 1224 1006 1288 memoriam.

354 1434 559 1516 »Apostolici
584 1431 761 1509 ministerii,
790 1429 877 1510 quod
905 1426 1007 1504 nobis,
1037 1425 1111 1486 licet

315 1522 564 1601 immerentibus,
603 1520 755 1601 imposuit
784 1517 912 1598 superni
947 1514 1109 1593 dispositio

317 1609 448 1689 consilii,
461 1610 541 1672 ratio
554 1609 712 1690 praecipue
728 1605 834 1686 exigit,
856 1611 891 1665 ut
917 1600 1110 1665 Ecclesiasti-

318 1717 363 1762 cae
378 1697 550 1780 disciplina
565 1700 597 1760 in
612 1697 660 1774 iis,
678 1695 775 1776 quiin
789 1697 906 1756 sortem
920 1691 1045 1754 Domini
1059 1708 1111 1750 vo·

318 1786 378 1848 cati
394 1791 477 1864 sunt,
494 1791 550 1850 aut
563 1785 738 1861 servandae,
763 1787 818 1845 aut
842 1781 896 1844 ubi
919 1799 1000 1859 opus
1019 1777 1113 1840 fuerit

318 1871 545 1953 restaurandae,
557 1873 647 1955 juxte
659 1891 825 1936 sacrorum
849 1874 1011 1933 Canonum
1025 1868 1113 1930 insti-

320 1967 399 2042 tuta,
416 1963 668 2026 etsanctissimas
678 1961 825 2024 Ecclesiae
836 1962 933 2042 leges,
948 1958 1113 2021 etordina·

319 2053 421 2116 tiones
444 2053 529 2116 omni
557 2051 660 2116 studio
684 2050 908 2132 advigilemus;
931 2050 1003 2128 post
1030 2047 1114 2108 enim

321 2142 414 2222 primi
435 2140 574 2222 parentis
596 2142 720 2222 lapsum
746 2159 872 2221 semper
897 2139 939 2200 ad
966 2137 1115 2198 inferiora

322 2246 380 2290 uos
394 2229 542 2309 deprimit
556 2229 702 2292 humanae
716 2229 915 2291 mortalitatis
938 2226 1113 2302 infirmitas,

324 2321 356 2380 et
369 2319 473 2381 carnis
487 2318 655 2400 fragilitate
670 2318 877 2381 observantiae
892 2317 983 2396 vigor
1008 2315 1115 2394 paula·

324 2405 381 2469 tim
407 2407 575 2486 relaxatur,
601 2408 685 2470 unde
706 2411 738 2469 et
759 2407 798 2468 de
812 2406 972 2468 mundano
986 2405 1116 2485 pulvere

324 2494 471 2574 religiosa
493 2495 588 2560 etiem
618 2497 715 2580 corda
738 2495 931 2570 sordescere,
957 2499 988 2556 et
1003 2493 1035 2553 in
1050 2491 1117 2570 ipso

324 2585 410 2663 Agre
438 2583 560 2646 Domini
589 2585 707 2664 spinas,
733 2603 770 2646 ac
794 2584 926 2646 tribulos
946 2580 1118 2644 identidem

327 2670 505 2752 germinare
532 2673 715 2752 quotidiana
738 2671 932 2752 experientia
946 2671 1116 2732 docemur:

329 2759 453 2841 quodsi
468 2759 643 2822 noxiainde
664 2761 851 2838 evellantur,
869 2765 901 2821 ct
927 2758 1014 2820 utilia
1033 2757 1120 2837 plan-

328 2852 445 2926 tentur,
470 2843 680 2910 dubitandum
702 2866 765 2909 non
791 2852 849 2926 est,
875 2847 950 2927 quin
978 2845 1118 2920 uberior,

329 2934 536 3000 benedicente
560 2935 705 3012 Domino,
731 2935 821 2997 electi
845 2939 1025 2997 sanctorum
1046 2950 1121 3011 ope-

330 3043 400 3086 rum
411 3023 560 3086 frumenti
574 3023 683 3086 messis
694 3028 836 3103 exurgat,
850 3023 1013 3103 omnisque
1023 3041 1121 3103 popu-

330 3113 380 3175 lus
397 3111 430 3172 in
445 3111 497 3173 via
510 3111 645 3190 Domini,
668 3113 861 3192 praelucente
885 3113 975 3176 Clero
991 3109 1123 3172 feliciter

330 3199 560 3281 progrediatur.

370 3311 385 3348 rr
402 3289 481 3351 Cum
494 3287 601 3370 itaque
623 3289 755 3352 dilectus
779 3291 875 3352 Filius
896 3295 1003 3351 noster
1021 3288 1123 3351 Ludo·

332 3375 420 3439 vicus
435 3377 468 3438 S.
479 3379 516 3440 R.
526 3379 562 3440 a.
577 3378 753 3440 Cardinelis
768 3380 909 3459 BeHuga,
926 3383 957 3440 et
970 3378 1124 3440 Moncada

332 3469 529 3546 nuncupatus
539 3466 929 3548 Ecclesiaetlarthaginensi
944 3488 982 3530 ex
996 3485 1123 3530 conces-

332 3556 438 3628 sione;
456 3558 488 3617 et
501 3553 732 3634 dispensatione
746 3558 926 3637 Apostolica
946 3557 1073 3632 Praesul,
1090 3556 1122 3616 in

336 3642 412 3723 ipsis
425 3641 630 3704 Pontificatus
644 3645 741 3706 nostri
763 3646 942 3725 primordiis
968 3645 1057 3707 nobis
1072 3663 1126 3705 err-

333 3729 489 3810 posuisset
516 3731 666 3792 nonnulla
701 3733 926 3795 Ecclesiastico
954 3733 1125 3812 disciplinre

335 3815 519 3894 rationibus,
535 3835 572 3880 ac
587 3819 801 3883 saluberrimis
826 3823 907 3886 sacri
928 3821 1127 3884 OEcumeniei

334 3904 509 3968 Tridentini
537 3907 665 3969 Consilii
705 3910 844 3973 Decretis
881 3911 1128 3990 haudquaquam

336 3999 547 4082 consentanea
561 3995 677 4057 sensim
691 3996 722 4057 in
738 3998 869 4060 dirersis
884 3999 1007 4078 inclytae
1023 3999 1129 4060 Natio-

338 4083 387 4144 nis
400 4081 576 4162 Hispanicae
591 4085 670 4146 locis
684 4085 871 4168 obrepsisse,
895 4089 994 4168 iisque
1018 4093 1053 4150 ut
1074 4106 1130 4167 op-

339 4174 509 4251 portunum
537 4172 713 4234 remedium
740 4176 944 4239 adhiberetur
967 4196 987 4238 a
1020 4178 1127 4254 Nobis,

339 4258 452 4340 quibus
466 4263 514 4320 eet
530 4261 698 4324 commissa
720 4264 884 4342 plenitudo
899 4265 1128 4342 sollicitudinis,

340 4347 456 4409 nedum
468 4347 535 4426 ipse
547 4349 725 4412 Ludovicus
740 4353 924 4432 Cardinalis,
950 4358 980 4416 et
1000 4353 1128 4430 Preesnl,

1165 809 1377 872 cardinalium
1389 827 1437 884 ea,
1455 826 1516 888 qua
1531 825 1589 886 par·
1603 809 1672 869 erat
1681 800 1860 868 maturitate
1873 822 1958 884 pree·

1161 899 1315 975 stitutum,
1332 897 1477 976 illiusque
1497 896 1652 957 sententia
1666 895 1706 956 ad
1723 897 1787 956 Nos
1804 913 1860 973 per
1872 891 1959 974 ejus-

1162 989 1235 1048 dem
1250 985 1505 1067 congregationis
1520 984 1732 1048 Secretarium
1743 983 1844 1044 relata
1852 981 1954 1054 luerit;

1162 1076 1201 1137 de
1225 1079 1472 1137 memoratorum
1493 1073 1709 1136 cardinalium
1724 1071 1868 1146 consilio,
1883 1089 1960 1132 eou-

1162 1184 1287 1245 gruum,
1305 1168 1336 1225 et
1350 1169 1560 1243 opportunum
1571 1161 1729 1240 duximus,
1747 1179 1787 1222 ea
1800 1178 1870 1240 quae
1880 1159 1960 1220 inira

1163 1257 1337 1334 sequuntur
1351 1253 1391 1313 ad
1406 1251 1635 1331 Omnipotentis
1656 1251 1712 1312 Dei
1728 1249 1878 1328 gloriam,
1899 1251 1962 1310 Ec-

1164 1342 1266 1403 elesiae
1280 1341 1458 1415 utilitatem,
1475 1341 1590 1402 veteris
1605 1337 1781 1418 disciplinae
1806 1337 1959 1398 instaura·

1163 1430 1292 1506 tionem,
1319 1434 1350 1492 et
1368 1430 1563 1508 spiritualem
1587 1431 1772 1506 Regnorum
1799 1423 1962 1503 Hispania-

1165 1537 1235 1578 rum
1250 1519 1489 1579 aedisrcationcrn
1504 1517 1563 1578 lrac
1578 1522 1687 1578 nostra
1712 1518 1872 1593 perpetuo
1887 1513 1964 1572 rali-

1165 1609 1236 1665 tura
1250 1606 1475 1668 Constitutione
1490 1609 1639 1682 statuere,
1656 1604 1845 1678 decernere,
1867 1605 1898 1661 ai
1910 1600 1963 1660 de

1167 1693 1297 1755 clarere.

1206 1805 1220 1840 rr
1241 1785 1264 1844 1.
1282 1781 1421 1843 Primum
1437 1781 1533 1862 igitur
1556 1800 1628 1843 cum
1648 1779 1832 1842 aPatribus
1846 1796 1965 1839 merno-

1168 1873 1227 1934 rati
1242 1871 1371 1933 Consilii
1386 1871 1571 1948 Tridentini,
1589 1869 1694 1931 divino
1706 1869 1838 1930 afflante
1849 1867 1966 1948 Spiritu

1168 1962 1395 2040 sapientissime
1411 1961 1666 2022 animadversum
1686 1959 1794 2037 fuerit,
1812 1963 1965 2039 quantum

1169 2050 1352 2112 Glrristianae
1368 2049 1557 2127 Reipublicae
1568 2048 1701 2124 intersit,
1714 2051 1902 2109 accuratum
1911 2045 1966 2104 lra-

1168 2139 1235 2201 beri
1252 2140 1408 2201 delectum
1422 2140 1507 2199 circa
1521 2157 1587 2216 eos,
1604 2137 1720 2218 quibus
1746 2137 1849 2199 Sacra
1861 2133 1967 2197 llinis·

1170 2227 1249 2289 teria
1270 2227 1497 2290 committenda
1518 2233 1601 2304 sunt,
1620 2227 1698 2288 etin
1714 2245 1855 2307 quorum
1871 2224 1968 2285 vitam

1171 2317 1266 2379 ceteri
1282 2316 1404 2378 Fideles
1414 2316 1532 2396 jugiter
1547 2315 1654 2377 oculos
1669 2313 1878 2393 conjicientes
1887 2329 1969 2372 surn-

1171 2406 1254 2485 pturi
1270 2405 1343 2466 inde
1357 2410 1435 2467 sunt
1455 2405 1645 2483 exemplum,
1671 2403 1758 2483 quod
1784 2403 1967 2472 imitentur;

1172 2497 1401 2574 proptereaque
1415 2493 1546 2572 provide
1561 2491 1601 2553 ab
1616 2492 1729 2553 iisdem
1738 2491 1889 2554 Patribus
1899 2508 1969 2552 cau-

1173 2587 1240 2645 tum
1255 2581 1348 2642 fuerit
1366 2581 1592 2643 Ecclesiasticae
1614 2580 1732 2641 Militiae
1755 2599 1816 2660 per
1837 2579 1972 2658 primam

1173 2675 1359 2748 Tonsuram,
1369 2669 1592 2731 adscribendos
1601 2669 1725 2730 nonnisi
1734 2668 1807 2730 illos
1822 2687 1903 2746 esse,
1917 2664 1971 2747 qui

1175 2759 1372 2841 probabilem
1399 2759 1562 2836 praebeant
1589 2758 1817 2838 conjecturam,
1848 2776 1883 2820 se
1909 2773 1972 2817 non

1174 2847 1332 2908 secueris
1351 2845 1461 2927 judicii
1476 2846 1652 2908 declinandi
1669 2847 1813 2926 consilio,
1831 2846 1888 2908 scd
1910 2845 1973 2905 sin-

1176 2953 1248 2996 cero
1263 2934 1369 2996 anirno
1384 2934 1553 3013 prestandi
1567 2936 1693 2996 fidelem
1709 2935 1845 3013 cultum,
1860 2949 1974 2994 acser-

1175 3023 1285 3085 vitium
1300 3025 1363 3084 Deo
1379 3023 1439 3085 hoc
1453 3023 1525 3084 vita
1539 3041 1639 3102 genus
1654 3022 1787 3102 elegisse
1803 3042 1810 3083 :
1829 3023 1972 3083 volumus

1177 3115 1211 3173 ut
1226 3130 1283 3191 pro
1299 3110 1405 3172 tutiori
1420 3110 1517 3190 ipsius
1532 3111 1715 3174 concilieris
1730 3110 1906 3173 sanctionis
1922 3128 1975 3169 ex·

1178 3202 1331 3277 ccutione,
1349 3199 1388 3260 ab
1403 3200 1548 3262 omnibus
1559 3203 1740 3279 Regnorum
1750 3199 1975 3279 Hispaniarum

1179 3288 1358 3368 hujusmodi
1373 3289 1637 3369 ArchiepiscopiS,
1664 3294 1695 3350 et
1718 3289 1897 3369 Episcopis,
1913 3305 1976 3348 non

1180 3377 1231 3439 alii
1247 3377 1286 3438 ad
1301 3376 1436 3457 primurn
1450 3381 1625 3440 Tonsuram
1639 3379 1671 3438 in
1686 3385 1849 3458 posterum
1864 3377 1976 3439 admit·

1180 3471 1298 3542 tantur,
1324 3485 1419 3545 quam
1441 3467 1554 3548 quibus
1568 3467 1825 3529 Ecclesiasticum
1847 3465 1976 3546 aliquod

1179 3554 1371 3617 Beneficium
1386 3557 1491 3616 statim
1506 3557 1733 3617 conferendum
1746 3557 1797 3633 sit,
1814 3560 1872 3616 aut
1900 3571 1977 3635 quos

1181 3644 1355 3706 constiterit
1368 3645 1557 3707 Litterarum
1573 3646 1677 3708 studio
1693 3663 1824 3724 operam
1839 3645 1887 3706 sic
1903 3645 1977 3705 dare

1181 3739 1216 3792 ut
1231 3733 1319 3812 quasi
1335 3733 1366 3792 in
1377 3734 1428 3794 ria
1442 3735 1481 3795 ad
1498 3735 1641 3812 Ordines,
1658 3741 1726 3795 turn
1741 3734 1892 3811 Minores,
1913 3739 1978 3795 turn

1183 3822 1304 3883 etiamsi
1319 3822 1433 3882 deinde
1455 3822 1589 3904 lllajores
1614 3823 1831 3902 suscipiendos
1857 3818 1978 3884 versari

1182 3909 1361 3971 videantur:
1378 3912 1428 3972 vel
1442 3911 1571 3972 domurn
1586 3932 1664 3992 quos
1678 3912 1814 3973 viderint
1828 3911 1978 3989 expedire

1184 3997 1315 4078 alicujus
1339 3999 1485 4062 Ecclesia
1500 4003 1639 4077 servitio,
1662 4002 1712 4062 vel
1731 3999 1913 4062 ministerio
1928 4000 1979 4060 de·

1184 4085 1297 4165 putari.

1225 4197 1239 4234 r>
1261 4177 1298 4236 11.
1316 4177 1355 4236 Et
1369 4175 1474 4238 tamin
1490 4175 1550 4256 his,
1568 4177 1621 4256 qui
1636 4177 1677 4238 ad
1698 4176 1835 4257 primam
1856 4179 1980 4239 Tonsu-

1184 4282 1264 4341 ram,
1281 4282 1377 4344 quam
1391 4264 1422 4326 in
1436 4265 1515 4342 aliis,
1532 4265 1585 4346 qui
1600 4266 1779 4345 promoveri
1793 4265 1834 4326 ad
1845 4265 1981 4329 Ordines

1186 4353 1280 4414 etiam
1303 4353 1438 4414 Minores
1466 4355 1654 4434 optaverint,
1683 4355 1811 4416 omnino
1835 4361 1982 4417 servetur
2051 4419 2052 4422 ,

340 4433 396 4496 sed
410 4433 503 4496 etalii
517 4437 712 4499 venerabiles
737 4441 861 4502 Fratres
882 4440 1129 4521 Archiepiseopi,
1186 4439 1304 4520 pariter
1318 4441 1428 4519 regula
1441 4443 1481 4503 ab
1499 4443 1611 4505 eodem
1633 4443 1771 4505 Concilio
1794 4443 1981 4506 Tridentino

342 4522 525 4602 ethiscopi
540 4525 723 4606 Regnorum
736 4529 958 4608 Hispaniarum
972 4530 1133 4591 humiliter
1186 4528 1316 4600 tradite;
1334 4530 1483 4591 nimirum
1498 4535 1532 4592 ut
1547 4533 1650 4593 nullus
1664 4532 1837 4610 ordinetur,
1855 4534 1913 4614 qui
1936 4533 1983 4613 ju-

342 4611 564 4690 postulassent,
590 4632 762 4695 eorumque
789 4618 887 4678 enixis
911 4619 1057 4697 precibus
1076 4636 1133 4680 sua
1187 4618 1268 4678 dicio
1283 4617 1330 4678 sui
1346 4619 1489 4698 Episcopi
1505 4639 1567 4682 non
1583 4622 1623 4683 sit
1636 4622 1731 4700 utilis,
1757 4627 1813 4684 aut
1836 4639 1982 4685 necessa·

343 4698 437 4758 etiam
451 4697 566 4775 studia,
583 4717 620 4760 ac
633 4705 707 4763 rota
728 4703 929 4766 charissimus
954 4705 985 4765 in
1009 4704 1132 4767 Christo
1187 4706 1252 4767 rius
1275 4707 1339 4767 suis
1364 4709 1521 4786 Ecclesia,
1548 4709 1664 4790 quique
1683 4711 1734 4771 ille
1750 4710 1914 4787 Ecclesia,
1934 4712 1983 4772 aut

343 4786 438 4884 Filius
453 4787 565 4848 Noster
578 4787 739 4868 Philippus
754 4792 975 4872 Hispaniarum
991 4796 1056 4854 Rex
1077 4795 1134 4854 Ca·
1187 4795 1238 4874 pio
1261 4797 1340 4872 loco,
1352 4859 1355 4864 ,
1366 4814 1422 4873 pro
1448 4797 1538 4877 cujus
1561 4799 1705 4876 utilitate,
1728 4805 1784 4860 aut
1797 4800 1982 4860 necessitate

343 4872 477 4936 tholrcus
491 4889 548 4951 pro
563 4872 630 4954 ejus
645 4875 795 4955 singulari
819 4879 946 4958 pietate,
970 4886 1001 4942 et
1021 4880 1133 4942 eximio
1189 4884 1368 4961 assumitur,
1386 4904 1448 4945 non
1463 4887 1671 4964 adscribatur,
1688 4887 1740 4948 ubi
1766 4888 1874 4968 reipsa
1897 4887 1983 4948 iuno·
2051 4917 2052 4950 r

344 4958 527 5023 Christianae
543 4961 712 5042 Religionis
726 4966 805 5044 zelo,
822 4967 903 5029 datis
918 4969 977 5031 hac
992 4971 1030 5030 de
1046 4988 1079 5029 re
1094 4967 1135 5028 ad
1190 4972 1291 5033 tiones
1318 4973 1441 5033 muneri
1474 4993 1531 5035 suo
1563 4980 1791 5037 consentaneas
1827 4981 1981 5038 exerceat.
2050 4955 2052 5028 i

345 5065 402 5109 nos
414 5047 556 5148 pluribus
571 5049 692 5129 litteris,
708 5055 944 5134 conjunxisset:
971 5061 1034 5120 Nos
1059 5061 1136 5120 Con·
1191 5059 1281 5132 Quod
1304 5061 1329 5121 si
1356 5061 1408 5140 qui
1430 5063 1524 5123 modo
1546 5063 1743 5142 reperiantur
1769 5065 1822 5126 vel
1843 5061 1982 5126 Clericali
2050 5093 2051 5112 .

345 5140 521 5236 gregatronr
535 5137 715 5216 particulari
737 5143 958 5205 nonnullorum
980 5165 1018 5206 ex
1038 5148 1137 5206 Vane·
1191 5151 1334 5209 Tonsura
1344 5147 1410 5228 jeur
1426 5150 1549 5229 initiati,
1565 5153 1615 5212 vel
1630 5153 1670 5213 ad
1686 5153 1821 5214 Ordines
1841 5153 1907 5214 sire
1934 5153 1983 5216 lli

345 5223 497 5284 rabrhbus
522 5225 683 5287 Fratribus
710 5229 836 5307 uostris,
867 5231 1010 5311 ejusdem
1034 5237 1137 5298 Sacrae
1192 5254 1295 5314 nores,
1322 5237 1387 5300 sive
1411 5238 1545 5318 lllajores
1567 5240 1638 5319 jam
1663 5242 1811 5320 promoti,
1837 5242 1893 5324 qui
1910 5240 1983 5304 nulli

346 5313 501 5413 litim&
520 5313 666 5377 Ecclesiae
686 5317 901 5382 cardinalibus
925 5322 1051 5384 Concilii
1073 5322 1138 5384 Tri·
1193 5329 1286 5386 certer
1301 5325 1459 5395 Ecclesiae,
1475 5328 1524 5388 rel
1537 5328 1607 5388 loco
1623 5329 1675 5408 pio
1688 5329 1843 5410 adscripti
1857 5331 1981 5405 luerint,

347 5401 467 5463 dentrnr
492 5404 715 5482 ruterpretibus
741 5425 761 5467 a
794 5408 884 5470 nobis
917 5410 1138 5490 deputatorum
1193 5413 1338 5492 Episcopi
1354 5415 1598 5494 adscriptionem
1612 5417 1795 5498 hujusmodi
1811 5419 1982 5498 velaseip-

348 5505 415 5549 rem
430 5506 556 5549 omnem
571 5491 679 5553 sedulo
706 5496 946 5558 examinandam
970 5500 1139 5560 demanda·
1193 5502 1246 5577 sis,
1264 5503 1313 5562 vel
1328 5523 1346 5562 a
1360 5505 1647 5568 Predecessoribns
1670 5508 1736 5568 suis
1760 5509 1909 5571 omissam
1927 5515 1982 5568 sta·

348 5573 461 5641 rimus.
479 5576 514 5637 ld
529 5583 634 5640 auteur
649 5599 721 5642 cunr
747 5584 787 5644 ab
806 5584 874 5666 ipsa
889 5589 1138 5670 congregatione
1194 5591 1250 5652 tinr
1265 5593 1430 5674 suppleant
1445 5613 1506 5655 rrorr
1521 5593 1624 5656 miuus
1639 5598 1746 5680 quoad
1760 5598 1911 5662 omuesin
1921 5599 1982 5660 bla-
