3998 6344
533 561 586 626 Dli
612 559 849 626 corrasam]
877 560 928 624 ΕΤ
956 559 1195 624 ΒΟΟΙΕΤΑΤΙΒ.
1623 561 1680 622 351

53 752 127 823 reat3
143 747 175 810 in
188 747 341 814 societate
365 749 482 827 autem,
499 747 552 828 qni
573 752 691 811 sortem
704 745 835 825 confert,
893 746 968 810 dom
982 745 1088 824 initur,
1105 742 1206 808 videri
1221 746 1352 826 possunt
1371 743 1456 824 apud
1478 746 1558 825 Lug.
1587 742 1618 807 d.
1633 746 1684 824 30,

53 838 324 901 eamnonomnino
335 838 528 913 alienatase,
541 836 626 899 etuti
637 836 837 898 commodum
891 840 956 896 rect.
973 837 1004 912 5,
1021 837 1053 896 et
1065 836 1152 897 Less.
1168 834 1199 895 in
1210 843 1287 896 nuel.
1303 853 1333 897 v.
1351 833 1483 896 Societas
1501 831 1683 914 officiorum.

54 925 212 986 eolucrnm
221 927 261 988 ad
274 945 348 988 enm
357 929 488 1007 spectat,
503 926 548 986 sic
559 924 652 986 etiam
663 923 837 1005 periculum
935 923 995 1001 52.
1012 921 1044 984 Si
1060 921 1152 984 (laius
1166 921 1220 984 det
1232 921 1312 983 Titio
1326 923 1365 984 l0
1378 920 1521 1001 gallinas,
1539 939 1576 983 eo
1590 925 1685 1000 pacto
1713 924 1768 972 ¹⁰⁹⁹

54 1012 251 1092 aldomnum,
267 1016 385 1078 Borrae.
399 1033 433 1097 p.
450 1017 480 1090 3,
501 1015 607 1075 n.3et
623 1016 672 1075 lt.
893 1013 927 1072 ut
962 1009 1091 1089 singulis
1123 1009 1234 1071 diebus
1267 1009 1381 1071 reddat
1407 1027 1506 1072 unum
1531 1028 1627 1072 ovum
1655 1013 1687 1072 et

87 1102 164 1164 olll.
184 1104 295 1164 Potest
314 1109 421 1166 tamen
445 1101 542 1164 etiam
556 1101 623 1162 lieri
638 1100 670 1162 in
689 1100 750 1162 hoc
765 1117 838 1162 con·
889 1101 1035 1161 teneatur
1049 1115 1213 1158 nnmerum
1228 1099 1386 1176 integrum
1405 1098 1594 1179 gallinarum
1615 1117 1683 1160 scr-

54 1193 146 1252 lractu
169 1193 205 1253 ut
230 1191 302 1270 quis
321 1191 406 1272 juste
425 1196 528 1252 servet
546 1193 663 1252 sortem
682 1205 772 1250 suam
791 1188 839 1249 irr-
891 1203 977 1261 rare,
989 1183 1123 1264 ideoque
1137 1183 1162 1244 si
1178 1203 1241 1244 una
1254 1184 1418 1261 moriatur,
1444 1184 1495 1246 vel
1518 1185 1682 1264 eripiatur,

54 1277 189 1340 mmnem
203 1283 237 1342 et
249 1279 386 1359 insuper
400 1283 520 1342 certum
534 1278 658 1339 lucrum
672 1277 836 1358 percipiat,
891 1272 1079 1334 substituere
1092 1273 1196 1349 aliam,
1207 1274 1288 1335 Med.
1307 1273 1414 1335 Rebel.
1432 1272 1529 1336 etalii
1544 1293 1616 1336 cum
1631 1276 1686 1336 Al-

54 1365 77 1426 si
86 1365 232 1428 nimirum
241 1367 283 1428 ad
293 1371 489 1429 contractum
497 1365 654 1428 societatis
662 1363 840 1444 adjungan—
892 1360 951 1422 loz.
968 1378 996 1422 o.
1013 1358 1140 1422 Societas
1153 1379 1185 1422 ιι.
1200 1361 1251 1438 43,
1268 1365 1380 1440 putant
1393 1360 1478 1422 hunc
1488 1364 1685 1424 contractum

6 1483 8 1512 ;
54 1451 839 1533 turdnoalii,assecurationisetrenditionis,cujus
894 1465 961 1510 esse
976 1447 1137 1528 injustum,
1154 1447 1228 1529 quia
1243 1449 1335 1512 Caius
1348 1448 1449 1511 habet
1472 1450 1595 1512 lucrum
1617 1465 1687 1509 cer-

55 1540 109 1603 ule
130 1543 313 1621 exemplum
335 1543 424 1623 ponit
445 1545 555 1622 Laym.
582 1541 644 1603 luis
658 1541 840 1603 societatem
893 1542 972 1614 tum,
986 1536 1084 1600 Titius
1099 1541 1204 1600 autem
1218 1541 1319 1599 totum
1333 1537 1510 1616 periculum
1532 1536 1625 1599 sortis
1652 1539 1685 1598 et

6 1671 7 1690 .
55 1647 118 1689 cnm
131 1633 310 1701 mercatore
323 1635 356 1692 et
378 1630 550 1692 contribuis
564 1629 592 1690 ei
608 1631 667 1691 100
689 1630 838 1704 florenos,
896 1631 1050 1704 praeterea
1064 1644 1142 1686 onus
1153 1626 1256 1687 alendi
1266 1627 1485 1704 gallinns35ed
1497 1629 1607 1705 Laym.
1621 1623 1643 1687 i.
1654 1627 1685 1702 3,

6 1697 18 1790 i
54 1734 81 1778 r.
103 1735 132 1795 g.
156 1735 230 1796 spes
254 1720 303 1780 est
324 1718 409 1797 quod
434 1718 460 1779 is
481 1717 648 1797 quotannis
663 1717 840 1776 lucraturus
894 1721 915 1774 t.
941 1716 972 1788 l,
998 1731 1023 1773 c.
1049 1715 1100 1789 20,
1122 1732 1152 1773 n.
1169 1718 1206 1788 43
1223 1710 1405 1792 Castrop.d.
1422 1717 1452 1790 8,
1463 1733 1498 1794 p.
1514 1717 1544 1788 6,
1560 1733 1591 1776 n.
1609 1717 1638 1790 2,
1656 1716 1688 1774 et

6 1803 8 1816 '
55 1805 89 1865 sit
100 1807 166 1880 300,
182 1803 277 1884 cujus
290 1805 369 1867 lucri
384 1806 552 1868 dimidium
566 1825 597 1866 v.
614 1825 646 1885 g.
659 1803 730 1884 jure
745 1802 840 1864 socie·
897 1799 949 1862 olii
977 1801 1170 1879 probabilius
1197 1801 1306 1863 dicunt
1336 1820 1428 1880 posse
1456 1821 1524 1863 esse
1553 1802 1685 1882 justum,

6 1937 7 1942 ι
55 1891 118 1954 talis
130 1893 185 1954 tibi
200 1893 338 1955 debetur
350 1912 414 1956 una
428 1911 501 1955 curn
514 1895 619 1967 sorte3
637 1890 691 1954 sed
711 1889 787 1972 quia
799 1890 840 1952 ad
896 1889 969 1968 quio
984 1889 1157 1968 periculum
1172 1891 1369 1968 compensari
1384 1893 1488 1969 potest
1501 1909 1558 1970 per
1581 1889 1688 1970 plures

6 2019 7 2022 =
56 1984 223 2060 bonoque
253 1980 412 2060 pertinere
438 1980 568 2043 deberet
589 1979 730 2061 ejusdem
748 1978 841 2040 sortis
895 1978 1024 2054 fruetus,
1051 1977 1095 2040 uti
1119 1983 1203 2040 recte
1226 1980 1301 2041 (ἔοι.
1328 1977 1351 2040 i.
1377 1981 1416 2052 33
1443 1979 1686 2054 turicremas,

6 2079 7 2114 1
56 2067 231 2147 perieulum,
249 2073 285 2131 ut
299 2067 366 2147 ipse
378 2069 596 2148 idperioulum
606 2069 637 2129 in
647 2085 681 2128 se
693 2065 843 2145 suscipiat
896 2083 927 2127 n.
954 2069 993 2139 ἃς
1022 2083 1100 2126 onus
1122 2071 1228 2126 sortem
1244 2065 1347 2126 alendi
1375 2069 1598 2144 compensatur
1627 2083 1685 2145 per

6 2155 7 2202 i
57 2156 281 2218 ettibisortem
302 2162 461 2218 assecurat
482 2158 515 2218 in
531 2155 624 2236 hujus
639 2155 742 2218 oneris
759 2173 842 2216 com·
895 2153 988 2232 longe
1003 2153 1345 2233 pluraovanreliquis
1373 2154 1497 2234 gallinis
1523 2154 1680 2216 habenda.

6 2261 7 2264 ¹
58 2244 278 2323 pausationem,
295 2244 446 2325 relinquis
460 2245 487 2306 ei
503 2244 655 2326 majorem
665 2248 787 2323 partem
797 2243 842 2305 lu·
936 2242 997 2320 53.
1013 2241 1196 2320 Expenseea
1210 2241 1388 2303 conterente
1404 2260 1533 2321 operam
1547 2242 1638 2304 factae
1658 2242 1689 2303 in
1716 2252 1772 2300 troo

6 2383 8 2404 ,
57 2333 95 2393 eri
115 2331 243 2411 sperati,
270 2336 307 2393 ut
329 2333 448 2394 scilicet
470 2333 541 2395 duae
565 2335 669 2412 parles
695 2331 773 2393 lucri
801 2329 842 2391 ad
895 2329 1053 2391 mercibus
1067 2328 1269 2408 deportandis
1284 2328 1315 2389 in
1331 2329 1493 2392 itineribus
1514 2349 1572 2410 pro
1593 2330 1690 2392 socie·

6 2461 7 2464 ,
58 2420 148 2498 ipsum
175 2426 207 2481 et
236 2420 332 2483 tertia
354 2421 395 2482 ad
418 2425 448 2482 te
471 2421 638 2500 pertineat.
664 2422 704 2482 at
720 2438 839 2496 rursus,
896 2417 1072 2494 tatetactis,
1089 2417 1121 2477 in
1136 2417 1321 2497 aegritudine
1332 2435 1370 2480 ex
1389 2420 1547 2482 societatis
1564 2419 1689 2499 negotio

6 2535 8 2570 ι
58 2509 122 2590 qnia
133 2527 204 2588 spes
218 2509 301 2570 lucri
315 2508 409 2588 hujus
424 2510 544 2572 incerta
558 2514 616 2588 est,
641 2509 714 2571 ideo
738 2508 842 2570 adbuc
898 2511 983 2581 orta3
999 2508 1076 2570 item
1091 2506 1207 2568 damna
1218 2507 1258 2569 ob
1268 2507 1368 2587 ipsam
1377 2508 1550 2571 formaliter
1559 2509 1692 2571 societa-

6 2623 8 2668 ὲ
59 2602 170 2676 partem
184 2598 270 2659 hanc
284 2597 363 2659 lucri
383 2599 520 2678 sperati,
542 2617 655 2677 nempe
675 2601 733 2660 100
751 2598 843 2658 llore-
897 2601 960 2659 tem
971 2599 1099 2657 causata
1109 2596 1176 2656 sine
1187 2595 1290 2674 eulpa,
1299 2615 1330 2658 v.
1341 2615 1372 2676 g.
1382 2596 1588 2676 perfuresvel
1598 2597 1691 2658 latro-

6 2727 7 2730 ,
59 2703 107 2746 nos
125 2685 155 2746 in
174 2703 253 2764 spe,
280 2684 391 2746 vendis
417 2685 512 2747 etiam
536 2685 639 2746 eidem
661 2686 701 2746 50
719 2684 770 2746 vel
790 2687 840 2761 60,
898 2688 1118 2764 nes,speotant
1132 2683 1172 2745 nd
1188 2701 1308 2762 omnes,
1325 2684 1369 2747 uti
1384 2684 1519 2746 habetur
1534 2683 1556 2744 l.
1568 2687 1618 2762 52,
1631 2684 1689 2763 §b

6 2803 8 2832 ς
59 2790 121 2852 ug.
133 2772 247 2834 annuis
263 2772 400 2835 certiset
413 2773 445 2833 in
457 2792 492 2834 re
507 2777 539 2834 et
551 2774 596 2834 sic
609 2772 737 2835 taudem
752 2773 784 2834 id
797 2772 843 2832 ln·
897 2771 1015 2850 ffiPrc
1026 2774 1112 2851 socio,
1128 2772 1303 2852 docentque
1316 2773 1526 2835 communiter
1538 2775 1692 2835 Auctores

6 2885 8 2914 ι
59 2877 137 2922 crum
157 2860 237 2922 lacis
263 2864 297 2922 et
316 2864 434 2922 sortem
454 2879 562 2924 servas
582 2861 776 2923 indemnem.
803 2863 840 2923 V.
898 2879 970 2922 cum
990 2866 1069 2941 Lug.
1095 2881 1125 2922 n.
1142 2864 1181 2923 28
1195 2869 1223 2922 et
1236 2863 1293 2935 313
1323 2863 1464 2941 Castrop.
1478 2880 1511 2941 p.
1526 2865 1557 2922 7.
1569 2862 1609 2923 ut
1627 2878 1691 2922 non

59 2949 156 3026 haym.
172 2953 205 3012 et
218 2951 340 3010 Bonae.
354 2947 390 3011 il.
407 2968 449 3011 cc.
898 2949 1014 3012 debere
1024 2949 1146 3012 detrahi
1156 2951 1394 3016 aestimationem
1402 2950 1528 3012 illarum
1539 2967 1693 3028 expensa·

6 3059 7 3070 ι
92 3037 171 3098 slV.
188 3036 333 3099 Societas
347 3036 443 3099 etiam
456 3037 489 3098 in
507 3037 673 3116 pecoribus
687 3036 791 3098 valide
813 3040 845 3098 et
898 3057 980 3116 rum,
991 3037 1240 3119 quassociusille
1251 3039 1335 3100 domi
1346 3040 1473 3118 faceret,
1484 3039 1598 3101 docent
1609 3041 1688 3100 Nar.

6 3159 8 3198 ,
61 3122 132 3186 licite
143 3124 341 3198 instituitur;
367 3129 399 3187 et
414 3125 571 3188 interdum
592 3125 719 3206 quidem
740 3124 785 3186 ita
810 3130 845 3186 ut
898 3126 971 3188 Mol.
989 3126 1074 3188 Less.
1090 3127 1200 3204 Laym.
1218 3127 1271 3203 Sa,
1288 3128 1429 3207 Castrop.
1446 3147 1476 3191 n.
1492 3130 1522 3204 Ξ),
1549 3127 1692 3207 quamvis

6 3267 8 3294 ,
60 3213 339 3291 tampecoraipsa,
364 3229 433 3292 quae
458 3212 548 3274 alteri
571 3211 844 3291 pascendaetnu-
900 3212 1116 3276 contradicant
1138 3214 1224 3292 Sylv.
1250 3216 1332 3295 Arg.
1357 3217 1445 3278 Arm.
1476 3213 1551 3296 Maj.
1581 3215 1689 3279 Rebel.

6 3307 8 3336 ι’
60 3299 171 3362 trienda
184 3301 367 3377 traduntur,
384 3318 479 3380 quam
495 3301 707 3362 emolumenta
718 3304 750 3363 et
762 3300 846 3361 fruc·
899 3304 977 3384 Lug.
994 3319 1025 3363 o.
1041 3304 1090 3366 39.

6 3357 8 3450 i
62 3389 113 3489 tos,
127 3389 258 3471 ipsaque
274 3388 464 3452 detrimenta
477 3396 509 3451 et
522 3389 639 3451 damna
651 3389 737 3452 danti
752 3394 783 3450 et
793 3406 846 3450 ac-
939 3399 999 3478 54,
1012 3399 1044 3461 Si
1059 3398 1149 3461 caius
1163 3399 1294 3462 eontulit
1307 3399 1485 3479 pecuniam,
1502 3400 1601 3464 Titius
1615 3419 1691 3464 vero
1718 3410 1771 3456 ιιιι

6 3455 8 3510 i
62 3477 178 3556 cupienti
190 3478 376 3540 communia
388 3478 465 3556 siut,
482 3478 640 3541 interdum
654 3497 729 3540 vero
749 3478 793 3541 ita
812 3481 846 3540 ut
901 3503 1041 3565 opernm,
1070 3490 1102 3548 et
1123 3485 1212 3548 valor
1237 3504 1341 3566 operae
1364 3490 1432 3550 erat
1445 3487 1574 3568 equalis
1592 3489 1691 3551 valeri

6 3537 8 3636 i
63 3581 199 3644 pecorum
215 3566 405 3644 dominium,
418 3565 552 3646 ideoque
565 3567 660 3629 etiam
672 3568 846 3646 periculum
900 3573 1059 3654 pecunie,
1075 3573 1238 3652 probabile
1253 3579 1300 3636 est
1314 3574 1408 3637 etium
1422 3577 1588 3656 pecuniam
1606 3581 1692 3657 post-

6 3667 8 3716 ι
64 3653 222 3716 siraconus
236 3654 397 3732 fortuitus,
413 3657 534 3734 spectet
547 3655 588 3716 nd
602 3657 704 3717 solum
719 3655 846 3717 dantem
900 3663 1031 3725 modum
1045 3662 1159 3725 debere
1174 3662 1270 3725 dividi
1285 3663 1366 3726 inter
1380 3664 1475 3744 ipsos,
1491 3664 1630 3746 alioquin
1645 3684 1692 3728 es·

64 3742 266 3806 emolumenta
275 3747 331 3804 aut
344 3743 514 3820 fructuum,
537 3761 650 3823 nempe
672 3743 778 3821 fietne,
803 3743 847 3804 la·
902 3754 950 3812 set
962 3748 1176 3829 inaequalitas;
1194 3750 1385 3830 operaenim
1401 3751 1692 3830 perdilasstinbo-

65 3845 115 3907 na,
128 3831 227 3910 lactis,
244 3833 390 3912 spectent
402 3832 444 3893 ad
459 3835 637 3912 utrumque.
654 3833 692 3894 V.
708 3834 794 3895 Less.
817 3837 848 3896 et
903 3855 979 3900 num
991 3838 1173 3918 utriusque:
1198 3839 1404 3919 ergeridetur
1418 3857 1543 3922 aequum
1558 3846 1593 3905 ut
1607 3841 1692 3904 etsie

6 3937 10 4008 p
63 3919 160 3998 haym.
185 3941 200 3980 ιι
903 3925 1054 4006 perdatur
1066 3926 1210 4004 pecnnia,
1227 3927 1300 3990 Mol.
1329 3931 1414 3990 besa.
1430 3931 1518 4010 Lugo
1539 3948 1571 3992 n.
1588 3933 1637 3993 l6.
1659 3926 1693 3994 Si

903 4012 1121 4115 aptemhitius
1136 4015 1276 4078 conferat
1289 4033 1418 4096 operam
1432 4017 1464 4079 in
1478 4018 1586 4081 valore
1599 4037 1693 4100 pecu-

322 4171 575 4234 russum.
904 4102 1694 4270 lieltfliibthllttlhl‘dilituitlh

904 4278 999 4340 etiam
1009 4279 1179 4357 probaliter
1188 4285 1304 4359 negant
1314 4281 1408 4344 Fach.
1424 4284 1531 4346 ltebel.
1551 4287 1691 4348 etGastr.

24 4384 26 4386 ·
102 4361 203 4438 Ocea.
224 4369 353 4430 lau-
371 4364 665 4448 eridticpraetereo
687 4367 724 4428 ait
745 4375 849 4431 notan·
902 4385 935 4448 p.
948 4369 977 4444 3,
992 4366 1045 4446 qui
1066 4365 1127 4429 hoc
1142 4366 1244 4446 ipsum
1269 4367 1416 4430 videntur
1430 4370 1547 4450 dicere,
1571 4371 1694 4435 etiamsi

69 4449 193 4517 duelli.
211 4457 307 4536 Seqq.
324 4455 385 4535 §L
401 4455 451 4519 Ad
473 4459 669 4519 contractum
691 4455 849 4519 societatis
903 4455 993 4517 valor
1020 4472 1123 4533 operae
1152 4455 1262 4518 luisset
1280 4457 1420 4537 aqualis,
1458 4459 1532 4539 quia
1567 4459 1694 4541 quando

69 4542 257 4622 requiruntur
271 4544 321 4607 hae
334 4545 502 4624 praecipuae
526 4543 741 4606 conditiones:
760 4549 787 4608 l.
808 4547 849 4608 Ut
904 4542 1128 4606 contrahentes
1145 4541 1229 4606 aliud
1244 4562 1306 4604 non
1323 4545 1511 4624 exprimunt,
1527 4552 1696 4610 censentur

70 4628 152 4691 detio
163 4632 375 4712 negotiatione
391 4632 522 4696 honesta
536 4637 569 4694 et
581 4632 677 4695 licita.
688 4637 718 4694 2.
735 4633 849 4697 Utsin-
904 4632 982 4694 vella
997 4634 1119 4694 tantum
1134 4633 1367 4694 communicare
1381 4651 1473 4696 usum
1484 4637 1695 4699 etoommodi-

71 4716 126 4796 guli
146 4719 263 4801 aliquid
286 4720 319 4782 in
342 4739 509 4783 commune
530 4719 703 4799 conferant,
729 4723 794 4784 sive
808 4722 849 4785 sit
902 4724 1000 4783 tatem
1015 4720 1140 4782 illorum
1155 4739 1224 4800 quse
1241 4722 1415 4800 conterunt,
1434 4740 1496 4784 ιιοιι
1508 4726 1612 4786 autern
1623 4742 1694 4803 pro·

71 4807 200 4886 omunia,
217 4809 283 4869 sive
298 4807 405 4889 opera,
420 4807 486 4870 sive
501 4807 665 4870 industria.
682 4811 711 4871 3.
733 4811 774 4872 Ut
795 4827 850 4870 er·
903 4809 1079 4889 prietatem,
1095 4809 1184 4873 sicuti
1201 4811 1253 4890 qui
1268 4811 1308 4872 ad
1321 4811 1564 4890 negotiationem
1575 4812 1695 4876 confert

71 4906 173 4973 pausa,
197 4896 321 4958 lucrum
344 4900 376 4958 et
399 4895 517 4957 damna
538 4894 601 4957 sint
623 4895 801 4958 communia
817 4898 849 4958 et
903 4896 1019 4972 navim,
1037 4896 1291 4960 conferttnntum
1305 4897 1501 4978 illiususum‚
1515 4904 1694 4962 nouantem

74 4981 191 5060 aqualia
204 4983 378 5047 secundum
400 4984 636 5063 proportionem
658 4984 740 5046 illius
764 4983 848 5064 quod
903 4984 1145 5065 proprietatem;
1163 4985 1236 5046 hine
1251 4986 1341 5049 navis
1354 4990 1426 5067 post
1443 4988 1627 5052 societatem
1640 5007 1694 5051 re·

74 5065 270 5134 incommune
285 5072 454 5136 confertur.
472 5075 696 5135 Potesttamen
715 5073 848 5134 societas
903 5075 1011 5135 monet
1037 5072 1150 5152 ipsius;
1180 5073 1270 5136 aliter
1297 5079 1403 5138 autem
1435 5078 1550 5157 poterit
1582 5077 1693 5158 attingi

75 5154 131 5217 fleri
149 5176 209 5222 non
232 5161 272 5223 ad
286 5161 421 5240 luorum,
437 5161 493 5222 sed
508 5161 549 5222 ad
563 5161 665 5222 solum
681 5179 782 5236 nsum,
803 5160 848 5223 uti
904 5159 1066 5240 aequalitas
1080 5162 1176 5222 etiam
1188 5162 1292 5241 quoad
1306 5164 1466 5243 pecunias,
1488 5167 1533 5228 uti
1557 5165 1695 5230 ostendit

76 5240 98 5302 si
120 5246 242 5311 studiosi
262 5248 296 5311 in
318 5249 437 5312 eisdem
460 5249 580 5312 aedibus
608 5249 785 5312 habitantes
809 5249 850 5311 ad
904 5249 1037 5329 ipsemet
1050 5252 1136 5331 Lugo
1150 5271 1252 5335 cupra.

77 5347 256 5399 communem
270 5355 362 5400 usum
376 5337 539 5401 conferant
551 5337 661 5417 libros,
678 5337 730 5400 hio
739 5340 848 5417 talem,
944 5338 1005 5417 §5.
1022 5339 1054 5400 Si
1069 5342 1214 5421 pecunia,
1231 5361 1327 5423 quam
1347 5344 1431 5406 solus
1445 5342 1537 5407 Caius
1551 5346 1692 5426 contulit,
1722 5371 1777 5422 llos

77 5415 126 5481 istc
137 5421 237 5488 olium.
254 5425 409 5507 Specialia
427 5429 533 5489 autem
561 5425 646 5489 circa
669 5426 851 5489 societatem
905 5433 1025 5507 pereat,
1042 5429 1134 5491 Saliz.
1154 5432 1185 5491 et
1200 5431 1251 5493 alii
1267 5433 1407 5495 absolute
1421 5433 1695 5516 dicuntjacturam

78 5506 248 5595 libiciorum,
265 5531 335 5596 qum
349 5514 523 5596 prasertim
537 5515 570 5577 in
584 5514 852 5596 Curiisaqnibue
907 5516 1022 5580 debere
1041 5516 1114 5580 terri
1138 5519 1178 5582 ab
1205 5523 1338 5601 urbeque
1357 5520 1530 5602 aequaliter,
1556 5520 1695 5604 alioquin

6 4009 8 4066 l

6 4067 9 4148 l

6 4152 8 4256 l
