4086 6348
757 632 809 702 ob
829 633 990 717 MEDICO,
1013 639 1099 704 buc.

103 837 175 890 eum
192 821 343 891 fractione
357 821 450 909 sigilli
464 847 470 890 :
486 829 555 890 tum
569 827 644 910 quia
660 827 685 890 si
701 827 746 889 rei
763 844 896 908 eognos-

102 919 185 993 eant,
197 933 271 976 eum
284 933 340 994 pro
353 916 571 979 innocentibus
586 917 790 994 intercedere,
802 935 890 978 occa-

101 1002 220 1065 sionem
235 1004 396 1084 arripient,
409 1023 482 1066 eum
494 1005 606 1067 callide
620 1025 677 1068 sua
687 1006 827 1067 facinora
841 1023 893 1067 oe-

100 1090 198 1154 landi.
215 1094 294 1158 vide
309 1095 419 1173 Laym.
436 1095 457 1156 l.
474 1097 504 1171 3,
521 1102 543 1156 1.
559 1099 589 1174 6,
603 1115 628 1158 6.
645 1099 679 1170 5;
696 1097 796 1156 1666.
813 1115 842 1177 6.
859 1098 890 1172 5,

100 1178 130 1242 d.
146 1185 180 1259 1,
195 1200 226 1242 6.
245 1185 294 1244 96.

138 1290 153 1326 u
175 1271 213 1331 ll.
238 1271 302 1332 11161
324 1289 381 1351 666
405 1271 478 1352 6616,
504 1275 599 1338 etiam
618 1273 702 1354 juste
724 1271 891 1350 damnatis,

100 1357 297 1420 intercedere
320 1359 489 1442 aliquando
515 1363 624 1443 possit,
649 1362 784 1422 maxime
809 1361 894 1440 apud

99 1447 323 1528 magistratum
347 1469 539 1529 supremum,
561 1451 651 1532 juxta
674 1449 862 1530 scripturam
886 1469 892 1510 :

102 1535 197 1597 Proo.
211 1539 260 1614 24,
275 1535 360 1598 Erue
370 1555 416 1598 eos
428 1543 488 1600 etc.
502 1539 594 1601 valde
606 1543 711 1600 tamen
725 1537 896 1617 prudenter

100 1624 537 1705 atmoderateidiaciendum,
551 1628 624 1708 quia
633 1627 784 1689 relaxatio
793 1631 896 1707 potest

100 1731 171 1774 esse
189 1713 307 1792 illicita,
329 1715 494 1797 iudexque
517 1718 590 1797 (uon
612 1723 717 1779 temen
734 1716 898 1779 Confessa-

100 1802 180 1877 rius,
197 1801 255 1863 nisi
277 1821 315 1865 ea
334 1805 525 1886 praeviderit)
548 1807 638 1867 lieret
657 1824 729 1868 reus
743 1806 898 1867 malorum

101 1891 257 1968 omnium,
280 1910 349 1972 666
370 1911 409 1954 ex
428 1894 613 1957 liberatione
634 1901 818 1976 sequuntur,
835 1896 898 1957 imo

100 1983 132 2041 et
145 1979 207 2059 ipsi
223 1979 473 2060 imputabuntur,
494 2001 566 2044 oum
586 2001 624 2044 ex
639 1984 741 2046 616616
757 1984 900 2046 debuerit

101 2066 269 2148 impedire.
286 2070 323 2131 V.
344 2071 422 2132 Bon.
445 2081 467 2133 t.
492 2077 522 2150 1,
546 2073 578 2132 16
599 2076 619 2135 8
637 2071 784 2155 Proecept.
802 2074 831 2136 d.
848 2077 897 2150 10,

99 2175 130 2237 q.
149 2159 262 2232 9613ς
278 2160 378 2221 Teon.
397 2158 426 2221 d.
443 2164 474 2222 1.

358 2409 555 2474 DUBIUM
580 2412 642 2473 lX.

123 2583 200 2660 0666
212 2582 349 2665 61166116
360 2581 552 2654 Medicorum,
567 2584 877 2668 Pburmucopoeorum,

359 2689 386 2744 et
401 2680 645 2766 Chirurporum?

22 2881 74 2930 45„
149 2880 164 2916 u
178 2861 272 2938 11666.
297 2861 458 2922 Tenentur
480 2859 511 2921 in
533 2860 661 2941 primis,
685 2862 814 2942 quando
839 2863 901 2925 tale

99 2947 244 3011 officium
257 2951 377 3028 petunt,
389 2949 439 3010 vel
449 2947 623 3028 suscipiunt
633 2950 703 3030 (sub
718 2951 807 3030 gravi
823 2951 902 3013 obli-

100 3034 244 3116 gatione)
267 3035 473 3098 sufficientem
496 3037 614 3098 habere
636 3037 810 3116 scientiam,
835 3039 901 3100 sive

101 3123 272 3205 peritiem3
293 3125 370 3186 Nav.
392 3128 484 3186 615.
505 3125 624 3186 Deinde
642 3126 674 3186 in
694 3128 842 3188 curandis
856 3128 901 3188 16-

100 3212 215 3290 firmis,
228 3229 355 3274 servare
365 3217 531 3293 sequentes
544 3214 679 3292 regulas:
694 3219 721 3275 1.
735 3215 900 3277 Ordinarie

102 3299 224 3362 debent
237 3301 327 3381 sequi
341 3301 503 3380 opiniones
520 3302 714 3365 Medicorum
728 3322 855 3365 securas
870 3308 901 3367 et

100 3393 200 3452 tutas.
209 3390 299 3452 Ratio
308 3391 547 3471 est,pcriculum
555 3396 586 3454 et
594 3392 897 3472 damnumproximi;

100 3478 185 3539 Bon.
208 3481 317 3557 Laym.
339 3479 454 3541 Sanob.
480 3482 508 3541 1.
527 3497 602 3541 mor.
619 3499 644 3540 6.
660 3482 690 3541 9.
714 3484 742 3542 2.
768 3481 899 3553 Quando

101 3571 229 3630 eertum
238 3567 645 3648 aliquodestpharmacum,
655 3569 739 3648 quod
751 3569 899 3630 nimirum

103 3660 193 3718 certo
210 3656 342 3718 infirmis
362 3657 560 3736 profuturum
582 3660 639 3735 est,
661 3662 807 3720 tenentur
821 3657 898 3719 illud

103 3743 270 3821 adbibere,
286 3743 400 3806 omisso
416 3762 465 3822 eo,
482 3745 521 3806 de
536 3764 598 3825 quo
612 3745 774 3808 dubitatur
793 3767 800 3808 :
824 3747 899 3827 quia

104 3831 185 3892 alias
204 3830 420 3911 imprudenter
439 3831 617 3912 proximum
639 3832 671 3892 in
693 3835 831 3913 periculo
847 3853 897 3896 re-

103 3917 272 3999 linqueret.
288 3923 318 3983 3.
335 3921 368 3984 Si
383 3938 444 3981 666
467 3921 529 3982 6161
542 3925 628 3983 66616
641 3921 823 4001 pharmaca,
842 3922 897 3984 de-

103 4007 183 4069 bent
204 4007 355 4070 adbibere
380 4008 592 4088 probabiliora
618 4013 651 4071 et
677 4011 803 4090 tutiora,
828 4015 897 4074 tum

106 4095 181 4176 quia
205 4096 321 4178 alioqui
349 4098 482 4159 salutem
508 4096 640 4177 proximi
668 4096 700 4158 16
728 4097 896 4160 discrimen

105 4182 320 4259 adducerent;
340 4187 409 4247 tum
426 4185 501 4265 quia
512 4187 659 4247 tenentur
672 4185 760 4265 iungi
779 4186 894 4266 ollicio,

104 4274 259 4353 quantum
274 4277 416 4352 possunt,
433 4291 505 4335 cum
519 4273 648 4334 minimo
665 4273 798 4353 proximi
813 4276 896 4355 peri·

103 4361 177 4422 culo
196 4367 228 4422 et
246 4361 373 4424 damno.
395 4366 425 4424 1.
448 4362 578 4434 Quando
600 4362 685 4423 nulla
706 4366 753 4424 661
772 4380 842 4443 6666
857 4363 896 4424 66

103 4448 206 4510 salute
214 4447 400 4527 insumimus
409 4449 498 4510 adest
504 4447 743 4510 remediumnisi
752 4449 894 4529 dubium,

105 4537 147 4599 de
163 4554 224 4618 quo
238 4537 356 4600 scilicet
369 4537 539 4616 dubitetur,
552 4557 629 4598 num
642 4539 841 4617 profuturum
856 4559 897 4602 eu

104 4623 286 4687 nociturum
299 4627 349 4705 sit,
371 4631 511 4706 possunt,
534 4627 597 4688 imo
612 4626 728 4690 debent
751 4628 827 4690 illud
841 4629 898 4690 ed-

105 4713 227 4776 hibere.
251 4715 340 4778 116116
365 4720 423 4793 661,
446 4715 519 4796 quia
533 4715 578 4776 sic
598 4715 712 4776 infirmi
736 4716 897 4797 negotium

107 4801 224 4865 utiliter
237 4803 371 4882 geritur3
387 4805 455 4866 etsi
471 4821 555 4866 mors
570 4807 729 4885 sequatur,
746 4805 821 4883 ipsis
836 4823 899 4867 uon

105 4890 324 4970 imputabitur,
341 4910 413 4954 oum
428 4892 504 4954 alias
518 4911 606 4972 spem
621 4893 692 4955 ritae
707 4911 770 4954 non
784 4893 895 4967 habet3

105 4981 218 5057 Laym.
235 4978 289 5042 e'b.
306 4983 335 5058 l,
351 4989 390 5043 tr.
408 4983 436 5060 l,
459 5001 484 5044 6.
501 4985 519 5042 5
532 5002 539 5056 ;
563 4981 631 5043 Fill.
649 4989 688 5043 tr.
705 4985 754 5058 ill,
770 5001 799 5042 6.
817 4983 896 5055 1523

105 5065 325 5150 1166166666.
341 5067 371 5131 d.
387 5073 418 5148 2,
433 5090 465 5151 q.
480 5075 511 5148 1,
524 5090 557 5152 p.
573 5074 602 5132 9.
623 5069 706 5132 Unde
718 5069 862 5132 resolves:

149 5179 164 5217 u
192 5157 216 5219 l.
243 5158 383 5221 Medicus
406 5163 517 5240 peccat
539 5179 546 5221 :
570 5163 599 5220 1.
624 5159 656 5221 81
671 5159 789 5239 absque
812 5159 900 5220 6616-

107 5245 204 5308 616611
217 5245 329 5327 6661116
346 5266 476 5327 grarem
490 5248 635 5308 morbum
656 5265 766 5310 666666
786 5249 895 5310 166161.

106 5337 138 5397 2.
152 5332 184 5398 81
193 5339 359 5398 ocoureute
369 5335 458 5416 gravi
469 5341 500 5399 ct
509 5335 631 5397 insolito
638 5335 760 5412 morbo,
771 5334 898 5412 speciali

106 5423 212 5488 studio
227 5441 356 5504 operam
377 5443 439 5486 uon
458 5423 664 5505 1666661613.
682 5422 715 5486 81
736 5422 792 5486 661
804 5422 900 5502 phar·

78 5557 121 5604 ‘⁰
139 5615 153 5661 ¹
168 5617 237 5674 Vide
251 5619 288 5672 oio
301 5619 351 5672 buc
362 5619 395 5674 de
406 5633 433 5674 re
447 5618 685 5673 1666661166661.
696 5617 810 5673 adduc.
821 5633 847 5688 p.
859 5620 897 5671 18.

949 845 1075 889 mecum
1100 827 1245 906 infirmo,
1276 829 1361 910 quod
1385 829 1580 910 probabilius
1606 829 1744 892 creditur

948 917 1137 994 nociturum,
1164 936 1258 999 quam
1273 920 1484 998 profuturum.
1502 924 1532 982 1.
1557 921 1589 985 81
1604 919 1744 980 medioa-

948 1009 1055 1068 menta
1080 1006 1293 1085 inexplorata,
1319 1008 1504 1088 explorandi
1528 1006 1744 1088 6661166661-

947 1092 1032 1171 beat,
1048 1093 1222 1172 praesertim
1238 1095 1364 1174 quando
1379 1094 1418 1156 de
1439 1095 1475 1157 iis
1491 1113 1552 1158 666
1568 1100 1616 1158 661
1638 1094 1743 1173 661616

948 1181 1119 1260 probabilis
1134 1186 1166 1243 61
1179 1181 1275 1246 habet
1294 1183 1524 1246 medicamenta
1538 1183 1744 1262 probabiliter

949 1269 1048 1331 611116.
1066 1273 1096 1332 6.
1109 1269 1142 1332 81
1157 1289 1220 1332 666
1232 1271 1312 1333 bene
1323 1276 1488 1352 perspecta
1501 1271 1603 1333 morbi
1619 1278 1741 1350 natura,

949 1362 1068 1421 temere
1093 1359 1243 1422 adhibeat
1261 1361 1401 1422 remedia
1426 1361 1530 1436 obvia,
1550 1362 1601 1422 vel
1620 1362 1745 1440 pericu-

949 1445 1034 1524 lose,
1062 1448 1237 1526 prasertim
1265 1467 1337 1511 cum
1365 1449 1545 1510 discrimine
1573 1451 1662 1527 vitae,
1692 1449 1744 1510 vel

950 1537 1056 1614 gravis
1074 1536 1220 1599 laesionis.
1238 1539 1268 1599 6.
1287 1537 1319 1600 81
1342 1538 1447 1616 agnito
1472 1538 1580 1616 egroti
1604 1537 1743 1617 periculo

952 1629 1127 1703 opportune
1149 1644 1210 1688 non
1233 1626 1325 1702 adsit,
1347 1629 1402 1687 661
1421 1626 1630 1688 necessariam
1654 1644 1745 1689 eura·

951 1711 1070 1774 tionem
1092 1714 1240 1793 negligat,
1265 1721 1319 1775 aut
1343 1714 1481 1775 Medicos
1502 1713 1579 1774 alios
1602 1711 1745 1775 adhiberi

953 1819 1015 1861 666
1030 1801 1201 1879 permittet.
1218 1807 1247 1863 1.
1271 1803 1303 1864 81
1323 1802 1441 1880 aliquid
1461 1800 1592 1862 suadeat
1610 1800 1665 1862 Dei
1688 1801 1746 1861 bo-

954 1889 1034 1966 nori,
1050 1889 1099 1950 vel
1114 1895 1271 1970 praecepto
1286 1890 1490 1966 eontrarium,
1506 1909 1537 1950 v.
1554 1889 1746 1969 61666616-

954 1977 1082 2054 tionem,
1092 1978 1307 2058 pollutionem,
1316 1978 1581 2059 superstitionem,
1594 1983 1654 2040 etc.
1667 1981 1697 2042 8.
1713 1978 1745 2040 81

955 2066 1177 2129 166116616166
1197 2069 1392 2145 necessitate,
1408 2087 1427 2129 a
1446 2067 1568 2150 jejunio
1591 2068 1744 2146 absolvat,

956 2155 1098 2216 carnium
1123 2175 1211 2218 esum
1235 2157 1404 2236 permittet.
1430 2161 1460 2219 9.
1484 2155 1517 2218 81
1541 2162 1747 2236 egrotantem

955 2263 1127 2323 pauperem
1143 2245 1173 2306 in
1188 2246 1327 2324 66616616
1336 2245 1539 2307 constitutum
1553 2249 1744 2310 contemnet.

957 2334 995 2395 V.
1014 2331 1162 2394 1166166.
1178 2335 1227 2396 eit.
1244 2337 1321 2395 Nar.
1337 2333 1538 2407 6.16;1666.
1556 2337 1584 2411 1,
1595 2332 1744 2414 66611,

957 2439 982 2484 6.
1001 2425 1053 2494 1’1;
1070 2421 1173 2483 116666.
1189 2420 1307 2498 1611.
1322 2425 1352 2499 3,
1368 2439 1433 2503 666.
1446 2425 1475 2483 9.

996 2531 1010 2568 6
1030 2510 1067 2571 ll.
1086 2509 1478 2590 Pharmaoopolapeocat:
1503 2513 1532 2572 1.
1556 2511 1588 2575 81
1615 2511 1702 2574 rudis
1717 2514 1750 2574 61

957 2597 1086 2678 ignarus
1093 2617 1207 2659 munus
1216 2603 1369 2660 exerceat.
1382 2601 1411 2659 2.
1423 2597 1455 2661 Si
1466 2597 1609 2661 sinearte
1620 2598 1747 2662 6616111-

956 2685 1488 2766 666116,66616666616666116161.
1506 2690 1535 2750 3.
1555 2687 1587 2750 81
1607 2688 1699 2749 melle
1714 2687 1747 2748 in

956 2775 1136 2855 potionibus
1146 2793 1203 2854 pro
1217 2793 1345 2837 saccaro
1356 2779 1473 2837 ututur.
1484 2779 1515 2837 1.
1531 2775 1564 2838 81
1574 2795 1671 2838 unum
1681 2793 1748 2836 me-

957 2863 1169 2926 dicamentum
1183 2881 1239 2944 pro
1255 2865 1315 2926 alio
1332 2863 1402 2944 (nisi
1422 2867 1529 2927 tamen
1553 2870 1635 2927 esset
1657 2883 1746 2946 aeque

955 2951 1074 3014 bonum
1089 2960 1120 3015 et
1143 2953 1271 3034 majoris
1286 2953 1394 3033 pretii)
1410 2958 1519 3018 contra
1536 2954 1648 3016 Medici
1667 2973 1748 3034 prae·

956 3041 1108 3121 scriptum
1122 3059 1193 3104 curu
1208 3041 1314 3122 gravis
1329 3042 1434 3102 damni
1444 3042 1584 3122 periculo
1595 3043 1745 3124 porrigat.

956 3132 993 3193 V.
1010 3131 1099 3192 Sales
1112 3130 1180 3193 dub.
1198 3135 1247 3192 3l.
1263 3135 1293 3192 5.
1317 3131 1349 3193 81
1370 3130 1601 3193 medicamenta
1625 3132 1665 3193 ad
1684 3150 1747 3193 nou

955 3218 1152 3297 pariendum,
1168 3218 1218 3280 vel
1238 3219 1279 3280 ad
1297 3218 1408 3281 foetum
1432 3218 1652 3297 expellendum
1673 3238 1747 3280 ven-

955 3306 1019 3369 dat.
1041 3311 1071 3369 6.
1095 3308 1128 3370 81
1148 3307 1321 3387 pharmaca
1344 3307 1461 3370 vendat
1481 3307 1613 3385 16611116,
1630 3311 1689 3370 616.
1706 3310 1744 3371 V.

954 3396 1066 3458 Escob.
1084 3397 1104 3459 l.
1120 3417 1147 3459 6.

993 3508 1008 3544 6
1031 3488 1082 3548 lll.
1100 3489 1214 3550 Peccat
1227 3486 1398 3566 Chirurgus
1415 3505 1422 3547 ε
1442 3488 1469 3548 1.
1488 3486 1601 3550 816166
1616 3485 1748 3549 66166116

954 3581 985 3639 61
1011 3576 1124 3656 6661116
1151 3575 1316 3638 sufficienti
1343 3575 1475 3636 volnera
1501 3579 1744 3653 666666166161,

954 3684 1026 3728 cum
1041 3664 1178 3745 periculo
1194 3665 1319 3726 erroris.
1336 3668 1365 3725 9.
1383 3663 1415 3725 81
1430 3663 1598 3741 Medicum,
1621 3665 1747 3744 quaudo

953 3755 1093 3835 gravitas
1116 3753 1255 3814 vulneris
1277 3753 1372 3832 ergit,
1397 3770 1458 3813 non
1481 3753 1633 3814 consulat.
1657 3754 1687 3815 3.
1714 3752 1746 3816 81

952 3843 1031 3903 16661
1047 3860 1153 3904 amore
1168 3840 1363 3903 curationem
1376 3840 1551 3919 protrahet.
1573 3844 1603 3902 1.
1621 3841 1653 3903 81
1667 3859 1749 3901 mer-

953 3931 1063 3991 cedem
1082 3930 1166 4010 justo
1191 3928 1344 4009 majorem
1370 3929 1486 4006 exigat.
1507 3931 1537 3990 5.
1562 3928 1595 3990 Si
1619 3928 1748 3990 abortus

952 4037 1048 4080 cause
1061 4037 1174 4080 venam
1189 4017 1322 4098 aperiat,
1335 4015 1460 4078 aliudue
1472 4016 1648 4077 remedium
1660 4015 1748 4078 adhi-

950 4107 1041 4182 beat;
1058 4108 1095 4171 V.
1109 4107 1221 4170 Escob.
1237 4106 1260 4168 1.
1276 4124 1302 4168 6.

1218 4410 1479 4473 abendon.

995 4632 1102 4709 06661.
1116 4635 1185 4695 116.
1201 4666 1243 4680 -
1261 4627 1341 4708 Quid
1362 4641 1507 4714 preterea
1525 4631 1604 4695 circo
1625 4631 1749 4697 Medicus

951 4721 1187 4784 6116616666661
1201 4724 1294 4799 Resp.
1309 4723 1354 4782 De
1372 4721 1422 4782 his
1434 4721 1533 4784 videri
1552 4726 1654 4800 potest
1668 4725 1748 4784 Β66-

952 4811 1078 4874 666616
1107 4809 1212 4872 Ventil.
1233 4807 1468 4872 Medico-Theoi
1485 4809 1538 4871 ubi
1558 4811 1626 4873 fuse
1652 4811 1746 4891 expli-

953 4904 1014 4977 cat,
1032 4899 1107 4981 quid
1122 4899 1171 4959 his
1184 4899 1279 4960 liceat
1292 4903 1323 4960 et
1345 4900 1502 4979 quomodo
1523 4893 1656 4978 peccare
1675 4918 1748 4979 pos·

953 4988 1059 5050 sintin
1075 4988 1139 5048 suis
1153 4985 1274 5049 61116116.
1288 4987 1378 5049 Adde
1393 4993 1499 5050 temen
1511 4988 1578 5048 haec
1592 5005 1704 5067 66666.

993 5078 1012 5156 5
1026 5081 1054 5138 1.
1073 5078 1104 5140 8.
1122 5076 1196 5137 Pius
1211 5077 1237 5140 V
1252 5076 1284 5137 in
1295 5077 1396 5153 Bulla,
1413 5078 1511 5156 Super
1524 5079 1670 5157 prepem3
1685 5079 1748 5137 sta-

952 5166 1022 5244 tuit,
1039 5185 1078 5226 66
1096 5165 1237 5227 Μ661666
1255 5170 1319 5226 1666
1342 5165 1423 5227 61166
1442 5165 1508 5226 dies
1527 5164 1642 5226 invisat
1662 5164 1749 5225 1666-

952 5272 1051 5331 mum,
1062 5253 1121 5314 nisi
1136 5253 1252 5333 scripto
1265 5251 1450 5315 Gonlessarii
1466 5251 1580 5312 resciat
1591 5268 1664 5312 eum
1677 5268 1746 5312 esse

953 5343 1140 5418 confessum,
1156 5359 1225 5421 666
1240 5341 1343 5402 (16661.
1357 5357 1419 5400 666
1435 5344 1481 5401 661
1493 5339 1622 5419 quidem
1637 5339 1667 5398 in
1684 5357 1746 5399 usu

952 5449 1009 5512 pro
1032 5431 1081 5492 his
1094 5430 1236 5509 partibus
1256 5429 1280 5506 ¹,
1297 5431 1435 5490 attamen
1456 5428 1537 5489 16661
1560 5427 1654 5505 611116,
1671 5445 1748 5508 pos·

1686 643 1744 706 ’163

1774 4689 1828 4738 1533
