4144 6336
714 493 832 563 elene
852 495 1034 577 rennes,
1057 501 1159 567 PARS
1179 493 1204 565 Ῑ.
1738 509 1779 576 09

137 677 223 740 11000
233 677 421 758 consentire,
433 697 488 742 sen
499 699 562 744 000
572 683 744 762 reprobare
759 685 936 747 001010010-
991 703 1104 750 nocere
1119 684 1302 761 valetudini,
1316 691 1347 746 et
1357 685 1401 748 sic
1412 686 1659 751 abbreviandam
1673 690 1782 770 vitem,

135 784 197 826 000
220 765 441 829 desiderium:
466 787 483 829 e
507 774 617 832 contra
641 772 755 834 occisio
779 773 827 834 sui
851 781 934 836 esset
990 776 1089 854 Lago,
1106 794 1136 835 0.
1152 776 1211 847 3ος
1229 774 1307 836 Gob.
1332 794 1363 835 0.
1388 778 1438 836 bt.
1465 778 1700 858 consequenter
1721 797 1784 841 000

138 859 230 916 00000
245 855 355 916 ellieax
365 857 497 918 tendens
507 859 547 919 ad
557 858 660 937 ipsum
676 863 821 924 etiectum
837 867 935 925 exter·
989 863 1114 922 tenetur
1128 861 1301 941 Religiosus
1315 866 1421 942 petere
1440 863 1559 926 victum
1580 884 1602 926 0
1623 867 1784 928 communi

134 959 216 1002 num
238 943 360 1020 mortis,
386 945 471 1024 quod
484 947 651 1010 laederetur
660 947 724 1029 jus,
741 951 826 1030 quod
840 951 937 1014 habet
989 947 1159 1026 diversum,
1175 950 1249 1012 licet
1272 950 1447 1012 communis
1467 958 1578 1016 noceat
1598 955 1781 1021 valetudini.

138 1029 227 1091 solus
241 1031 324 1092 Deus
344 1031 376 1092 in
396 1031 493 1095 vitam
516 1041 667 1099 nostram.
694 1040 858 1101 Neminem
881 1059 934 1102 au·
989 1036 1067 1098 Gob.
1083 1055 1114 1097 0.
1130 1040 1179 1116 60,
1200 1056 1258 1099 000
1273 1038 1479 1101 salubriorem
1492 1041 1611 1120 locum,
1638 1043 1783 1123 quamvis

1 1169 2 1176 ,
131 1119 251 1180 temad
265 1127 431 1198 peccatum
440 1121 603 1184 vitandum
618 1143 710 1205 posse
724 1145 758 1188 se
775 1128 931 1208 occidere,
987 1123 1019 1183 in
1036 1141 1084 1202 eo,
1101 1125 1133 1184 in
1148 1144 1210 1205 quo
1225 1129 1283 1202 est,
1300 1126 1403 1188 minus
1414 1128 1466 1189 diu
1482 1129 1522 1190 sit
1535 1129 1686 1192 victurus.
1698 1130 1779 1193 Vict.

131 1205 198 1268 late
212 1207 326 1286 probat
339 1209 482 1287 Bouaesp.
497 1209 530 1270 in
539 1209 657 1276 Noctua
667 1213 735 1277 000.
748 1219 840 1294 000.
853 1219 930 1291 60ος
990 1212 1165 1275 8010600.
1186 1234 1216 1275 0.
1241 1217 1291 1276 09.
1316 1215 1405 1288 00οᾶ
1426 1216 1510 1278 idem
1531 1225 1615 1280 recle
1638 1227 1784 1284 asserunt

130 1291 222 1356 idem
233 1299 343 1360 tenent
356 1297 446 1359 Dian.
457 1316 492 1378 p.
507 1302 555 1378 ll,
573 1309 612 1364 tr.
632 1305 660 1382 l,
677 1303 714 1366 R,
730 1306 781 1383 23,
798 1310 830 1367 et
843 1307 931 1386 Lugo
988 1300 1083 1362 etiam
1097 1301 1136 1362 de
1152 1302 1277 1364 homine
1287 1304 1440 1382 seculari,
1453 1306 1533 1369 vict.
1551 1312 1582 1370 et
1595 1310 1675 1387 Lug.
1688 1328 1718 1372 0.
1729 1311 1780 1387 36,

128 1399 163 1444 0.
180 1385 232 1446 23.
988 1388 1062 1467 quia
1071 1389 1237 1469 applicatio
1247 1393 1529 1455 rerumvaletudini
1540 1395 1717 1475 noxiarum,
1729 1405 1784 1461 aut

60 1479 103 1524 rrs
172 1471 236 1549 §3-
253 1473 323 1534 Non
337 1478 385 1534 est
398 1473 511 1536 00000
526 1476 676 1558 obligatio
690 1477 788 1542 vitam
804 1483 933 1559 prolon·
988 1476 1114 1538 omissio
1129 1477 1300 1540 valetudini
1319 1479 1442 1542 utilium
1464 1499 1484 1543 a
1504 1483 1699 1562 sapientibus
1719 1503 1782 1547 000

129 1560 242 1638 gaudi,
259 1577 330 1640 qua
345 1565 393 1623 est
411 1578 473 1623 000
498 1563 715 1644 abbreviandi,
733 1585 789 1628 sen
804 1585 931 1630 conser-
989 1569 1136 1626 censetur
1149 1564 1263 1627 occisio
1278 1566 1337 1644 sui,
1355 1568 1481 1648 quando
1495 1571 1531 1632 fit
1544 1589 1583 1632 ex
1603 1588 1700 1633 cause
1712 1591 1782 1652 pro·

1 1635 2 1664 ¹
129 1647 240 1724 sandi,
257 1647 302 1710 ita
312 1649 403 1729 Pasq.
420 1649 453 1710 in
462 1649 562 1712 Praei
559 1652 660 1734 jejun.
671 1653 731 1716 dee,
744 1659 799 1728 27;
812 1657 928 1720 Sancb.
989 1653 1169 1734 portionale
1182 1653 1276 1716 statui
1291 1672 1359 1732 suo,
1376 1657 1426 1718 vel
1440 1657 1629 1721 Sanctorum
1639 1661 1781 1739 exemplo

128 1740 162 1795 in
177 1735 265 1798 Cone.
283 1735 336 1798 lit.
352 1741 382 1814 5,
399 1757 424 1799 c.
449 1740 478 1816 l,
504 1739 534 1802 d.
551 1742 609 1813 33;
627 1743 704 1804 600.
722 1743 752 1803 ia
769 1742 872 1817 Oatat.
894 1745 929 1807 T.
985 1740 1149 1802 conformi.
1167 1741 1200 1804 Si
1215 1745 1320 1804 00000
1336 1743 1437 1805 vietus
1451 1746 1629 1808 ordinarius
1652 1747 1783 1812 inferret

128 1827 161 1902 5,
177 1843 203 1887 c.
223 1828 252 1902 l,
267 1844 299 1886 0.
316 1827 365 1888 30.
383 1826 473 1888 Ratio
489 1835 546 1905 est,
570 1830 661 1891 vitam
671 1830 856 1912 prolongare
872 1831 931 1893 im·
985 1829 1142 1908 Religioso
1166 1847 1264 1910 grave
1288 1829 1534 1910 incommodum,
1549 1839 1710 1897 teneretur
1724 1837 1782 1898 Su·

126 1917 237 1995 portat
250 1914 411 1992 singulare
424 1915 582 1995 studium,
599 1919 641 1980 ad
661 1921 746 2001 quod
764 1937 830 1982 000
846 1923 932 1982 tene·
985 1916 1100 1994 periuri
1125 1917 1281 1995 indicare,
1308 1923 1344 1980 ut
1359 1920 1587 1998 praeveniretur
1608 1921 1781 2003 maJ'oribus

127 2019 214 2077 mur,
230 2018 248 2062 e
263 2005 446 2063 corbonen
460 2002 627 2066 abbreviare
649 2015 676 2068 et
689 2025 861 2070 coacervare
874 2007 930 2068 im·
985 2003 1204 2082 incommodis,
1228 2023 1292 2066 000
1315 2011 1422 2068 autem
1445 2012 1606 2071 teneretur
1626 2010 1779 2088 indicare,

1 2095 2 2164 j
128 2091 238 2167 portat
261 2105 427 2150 commune
456 2093 581 2154 tantum
604 2094 754 2174 studium,
780 2096 822 2157 ad
845 2094 930 2174 quod
985 2090 1150 2151 sitantum
1173 2095 1280 2151 causet
1299 2090 1418 2153 leviora
1440 2093 1659 2175 incommoda,
1682 2101 1781 2159 utca-

127 2181 278 2236 tenemur
293 2194 301 2236 ε
317 2175 477 2239 0000000
493 2181 717 2243 0001000000
739 2183 929 2262 prolongare
985 2176 1126 2254 tharros,
1142 2194 1288 2238 somnum
1309 2178 1539 2260 inquietiorem,
1566 2187 1625 2246 eto.
1652 2184 1729 2246 Gob.
1747 2205 1778 2247 0.

128 2265 163 2324 00
175 2262 365 2342 abmmpere
379 2263 487 2345 vitam,
506 2267 549 2328 uti
565 2273 650 2331 recte
665 2269 805 2333 Victoria
816 2268 880 2332 Bel.
893 2270 931 2334 de
984 2267 1022 2326 65
1037 2274 1065 2325 et
1079 2267 1130 2327 66.
1154 2265 1243 2338 Quod
1266 2265 1292 2326 si
1313 2266 1461 2330 indicarit
1483 2275 1515 2330 et
1528 2287 1591 2332 non
1614 2271 1778 2351 providea-

128 2348 232 2430 Temp.
262 2369 343 2413 nem.
373 2358 412 2431 9,
443 2354 496 2434 qui
524 2373 598 2417 cum
625 2357 794 2436 llagundez
822 2357 926 2436 docet,
983 2357 1045 2431 tur,
1082 2354 1175 2416 debet
1193 2353 1393 2434 acquiescere
1415 2359 1447 2419 et
1464 2358 1659 2438 permittere,
1686 2360 1780 2442 qnid-

1 2455 2 2482 1
129 2438 278 2517 quamvis
291 2439 433 2502 medicus
447 2441 566 2505 diceret
579 2443 727 2524 aliquem,
744 2465 774 2507 v.
791 2463 823 2526 g.
840 2451 929 2508 uten·
985 2441 1062 2522 quid
1076 2447 1257 2503 secuturum
1273 2445 1330 2506 est.

125 2523 271 2603 devino,
287 2529 929 2612 0000000000000000000100ορ00100·
1023 2529 1084 2608 56.
1101 2533 1210 2607 Nemo,
1237 2530 1294 2592 nisi
1314 2533 1450 2610 postulet
1470 2533 1641 2597 necessitas
1663 2533 1780 2614 Reipu-
1806 2567 1847 2615 us

125 2633 217 2694 gare,
233 2619 442 2696 tamenposse
453 2635 491 2678 ex
501 2619 742 2682 mortificatione
757 2621 926 2684 abstinere.
983 2617 1085 2694 blica,
1103 2618 1151 2680 vel
1167 2617 1325 2696 Ecclesia,
1342 2624 1467 2683 tenetur
1479 2621 1577 2684 vitam
1592 2641 1778 2686 conservare

1 2597 2 2642 l

58 2717 99 2762 m
169 2702 240 2780 §t
266 2703 383 2764 Omnes
406 2702 522 2767 000000
549 2723 611 2766 000
634 2707 731 2769 licere
757 2707 926 2781 abstinere,
982 2704 1096 2767 mediis
1111 2705 1377 2784 extraordinariis,
1403 2713 1458 2771 ant
1476 2709 1633 2788 pretiosis,
1658 2711 1776 2774 Sancb.

1 2799 2 2872 l
127 2809 162 2852 v.
178 2809 210 2870 g.
223 2789 309 2868 vino,
320 2789 438 2853 directe
449 2809 488 2853 00
499 2791 682 2871 intentione,
699 2795 929 2859 utetiambora
983 2792 1064 2854 Vict.
1082 2791 1162 2855 Sair.
1183 2794 1262 2872 Lug.
1284 2812 1315 2854 0.
1332 2796 1386 2868 36;
1405 2794 1482 2857 600.
1500 2816 1530 2858 0.
1546 2799 1596 2858 31.
1614 2797 1775 2877 10000000,

1 2877 2 2948 l
126 2879 221 2940 citius
234 2878 399 2957 moriatur,
415 2881 514 2960 Lugo,
531 2901 561 2942 0.
574 2885 631 2956 3ος
649 2883 726 2944 Gob.
740 2901 771 2943 0.
784 2883 928 2963 323quia
983 2880 1058 2960 quia
1072 2899 1134 2942 non
1149 2885 1297 2943 tenemur
1310 2900 1497 2946 conservare
1519 2885 1577 2947 nisi
1600 2887 1713 2949 mediis
1727 2906 1779 2949 or·

129 2983 226 3028 nemo
240 2967 281 3028 ad
296 2964 409 3028 horam
423 2972 471 3030 est
484 2969 630 3031 dominus
653 2970 725 3032 vitae
743 2989 819 3049 suae,
843 2971 927 3032 idem
983 2968 1122 3046 dinariis,
1140 2969 1314 3030 secundum
1328 2970 1412 3032 dicta
1423 2971 1444 3032 l.
1457 2975 1487 3049 0,
1497 2992 1528 3034 0.
1540 2975 1610 3049 001,
1622 2972 1774 3037 imoViot.

126 3057 235 3116 00000
246 3055 346 3134 Lugo,
357 3075 387 3116 0.
401 3057 451 3134 31,
464 3056 824 3137 docetstrangulandum
835 3076 927 3138 posse
982 3075 1013 3119 0.
1031 3061 1060 3135 1,
1077 3062 1108 3120 00
1122 3057 1202 3121 Sair.
1220 3056 1243 3118 l.
1259 3062 1291 3134 l,
1313 3078 1339 3120 c.
1362 3063 1392 3137 9,
1415 3078 1446 3121 0.
1469 3062 1520 3138 28,
1544 3061 1652 3124 dicunt
1675 3062 1778 3124 horni-

1 3165 3 3242 ,
124 3141 216 3221 prius
231 3141 389 3204 abstinere
404 3162 422 3204 a
437 3143 518 3222 cibo,
546 3149 580 3207 ut
603 3145 647 3206 sic
671 3144 804 3209 debilior
824 3147 924 3209 lactus
984 3161 1132 3205 nemnou
1148 3144 1248 3206 teneri
1272 3163 1459 3209 conservare
1482 3148 1579 3210 vitam
1598 3149 1772 3219 medicinis.

1 3256 2 3316 p
123 3229 221 3291 citius
235 3232 415 3309 suffocetur,
441 3249 503 3312 quo
528 3233 605 3295 Gob.
627 3252 658 3295 0.
681 3237 731 3311 70,
761 3233 837 3295 dicit
859 3251 926 3294 0000
982 3231 1057 3310 quia
1069 3231 1224 3292 incertum
1239 3235 1296 3309 est,
1313 3249 1353 3292 00
1368 3251 1438 3294 000
1457 3251 1520 3294 000
1541 3236 1612 3314 plus
1630 3236 1775 3300 minuant

1 3375 2 3388 ,
122 3316 305 3395 probabile,
322 3335 355 3378 se
371 3321 476 3380 tamen
491 3338 553 3380 000
568 3337 745 3398 suasurum,
763 3319 822 3382 uisi
843 3324 927 3382 esset
985 3335 1080 3397 quam
1101 3319 1299 3398 prolongent.
1325 3321 1474 3383 Similiter
1496 3323 1588 3384 docet
1611 3325 1726 3386 Sancb.
1742 3345 1772 3386 0.

1 3415 2 3434 ¹
122 3401 306 3483 periculum
319 3403 558 3483 desperationis,
580 3413 635 3467 aut
648 3406 863 3488 blasphemia.
983 3410 1014 3484 0,
1031 3405 1189 3466 neminem
1204 3407 1304 3468 teneri
1321 3408 1488 3487 quotannis
1510 3427 1635 3472 sumere
1649 3411 1776 3473 medici·

1 3549 2 3578 ,
50 3514 95 3560 m
169 3491 236 3570 §5-
258 3491 393 3554 Licitnm
419 3499 467 3554 est
492 3493 648 3557 abstinem
672 3515 692 3558 a
714 3499 803 3576 parte
831 3496 925 3558 etiam
985 3511 1070 3572 nam,
1087 3512 1117 3554 v.
1134 3513 1166 3573 g.
1186 3493 1227 3554 00
1249 3496 1473 3574 praecavendas
1492 3495 1610 3575 febres,
1632 3497 1775 3579 quamvis

1 3586 2 3640 i
125 3580 308 3641 communis
331 3579 392 3643 cibi
416 3586 450 3642 et
466 3587 569 3661 potus,
586 3585 731 3664 quamvis
753 3602 838 3646 mors
853 3583 926 3644 inde
983 3584 1066 3642 esset
1087 3580 1250 3660 probabile
1275 3582 1451 3660 periculum
1471 3583 1567 3646 febris
1595 3591 1627 3647 et
1652 3587 1773 3664 mortis,

1 3659 2 3730 ἶ
122 3667 398 3746 sequatnrcitins,
416 3667 754 3747 dummodosumatur,
774 3673 926 3751 quodne·
981 3669 1049 3730 baeo
1068 3669 1155 3729 enim
1179 3685 1242 3729 non
1270 3672 1343 3732 0000
1365 3669 1526 3735 ordinaria
1550 3672 1656 3734 media
1677 3673 1775 3735 vitam

1 3775 2 3838 p
122 3755 304 3818 cessarium
328 3759 376 3817 est
394 3755 435 3816 00
463 3759 732 3819 conservationem
760 3757 923 3838 individui,
981 3756 1188 3818 conservandi
1202 3775 1208 3818 :
1221 3755 1309 3818 addit
1323 3760 1439 3836 00000,
1450 3777 1482 3820 0.
1494 3762 1525 3834 5,
1538 3776 1646 3821 00000
1661 3763 1771 3839 teneri,

1 3881 2 3912 ÷
124 3843 581 3925 Saneh.n.rr;1>asq.n.a;
599 3848 820 3926 Lugo‚n.3e;
844 3847 922 3909 Gob.
980 3846 1056 3906 dum
1079 3847 1253 3924 aegrotant,
1279 3843 1304 3904 si
1320 3846 1483 3908 commode
1506 3847 1636 3926 possint,
1661 3867 1774 3911 00000-

1 3973 2 4022 ,
118 3931 656 4012 0.00.100010000,0010010000
678 3936 765 4012 tollo,
786 3935 926 3998 sedtan·
982 3933 1047 3994 lere
1070 3933 1227 4009 Medioos‚
1254 3934 1348 3995 etuti
1372 3935 1450 3996 cibis
1473 3936 1673 4014 salutaribus,
1699 3937 1773 4018 quia

117 4027 196 4084 tum
211 4037 275 4081 non
290 4021 443 4100 prolongo
454 4021 562 4099 vitam,
575 4022 615 4083 ad
626 4024 710 4103 quod
725 4041 787 4085 000
803 4027 922 4102 teneor,
978 4021 1047 4083 000
1061 4026 1134 4082 0000
1147 4019 1253 4081 media
1266 4020 1425 4082 ordinaria
1443 4025 1476 4084 00
1496 4022 1587 4084 facile
1601 4024 1765 4102 parabilia,

117 4107 252 4171 habene
265 4109 359 4168 fluam
373 4108 503 4187 bonnm,
520 4110 573 4190 qui
589 4115 636 4172 est
649 4111 766 4174 utilitas
780 4110 924 4191 spiritua·
978 4107 1111 4189 ideoque
1131 4107 1226 4169 etiam
1249 4108 1450 4187 Boudewins,
1473 4129 1506 4190 p.
1527 4114 1557 4179 2,
1583 4130 1614 4192 q.
1637 4115 1672 4190 8,
1694 4112 1771 4174 dicit

2 4207 3 4216 ’
116 4198 161 4260 lis
179 4195 355 4276 praevalens
369 4197 535 4276 corporali,
552 4203 583 4261 00
597 4198 641 4260 ita
658 4199 801 4262 lecerunt
824 4199 923 4262 sancti
977 4213 1099 4276 aegrum
1112 4194 1285 4275 periculose
1309 4194 1517 4275 laborantem,
1540 4199 1590 4258 cui
1615 4200 1707 4279 copia
1721 4203 1768 4260 est

1 4276 3 4316 ⁵
115 4285 201 4358 000-ῖς
219 4285 305 4365 qnod
319 4285 345 4346 si
359 4284 420 4345 hoo
433 4285 554 4348 licitum
569 4305 631 4349 non
645 4294 738 4365 esset,
755 4292 924 4367 peccarent
976 4283 1172 4345 medicorum
1196 4285 1228 4343 et
1250 4281 1438 4359 mediorum,
1461 4285 1560 4345 teneri
1580 4286 1640 4347 illis
1662 4287 1718 4364 uti,
1743 4287 1771 4347 si

114 4371 256 4454 plurimi
271 4388 329 4450 per
341 4371 446 4433 studia
466 4377 497 4434 et
507 4377 591 4435 artes
600 4373 772 4437 laboriosas
782 4375 923 4436 nativum
977 4371 1068 4432 aliter
1089 4369 1193 4432 sanari
1216 4385 1279 4429 000
1301 4369 1400 4446 possit
1415 4389 1423 4430 :
1439 4368 1529 4431 addit
1541 4390 1571 4452 q.
1590 4377 1620 4449 9,
1645 4373 1769 4453 quoties

114 4459 267 4523 calorem
281 4459 591 4538 consumendarum
606 4463 651 4524 sic
662 4463 757 4524 etiam
770 4463 923 4524 minuitur
977 4459 1112 4520 notabile
1122 4457 1296 4537 periculum
1306 4457 1447 4518 imminet
1460 4477 1497 4518 ex
1510 4459 1679 4522 omissione
1695 4480 1771 4524 000-

112 4549 209 4621 vim
227 4547 311 4608 unde
334 4547 553 4611 universaliter
571 4550 664 4612 docet
683 4549 819 4612 Granad.
837 4549 922 4630 apud
976 4546 1046 4623 silii,
1062 4547 1162 4609 teneri
1182 4563 1302 4626 regrum
1324 4545 1356 4606 in
1379 4545 1471 4607 licitis
1485 4551 1517 4610 et
1530 4547 1670 4611 honestis
1694 4550 1770 4612 000-

112 4637 218 4700 Dian.
232 4653 267 4716 p.
282 4637 312 4712 0,
328 4643 351 4696 t.
366 4639 398 4712 l,
417 4635 455 4696 n.
481 4639 531 4714 33,
556 4637 748 4698 movendum
771 4655 833 4700 000
854 4655 921 4700 esse
976 4634 1043 4696 dire
1058 4634 1191 4696 medico.

111 4723 320 4804 scrupulum,
336 4723 459 4787 etiamsi
475 4727 544 4806 quis
558 4725 769 4804 poenitentiiS,
794 4725 919 4805 vigiliis,
1015 4723 1077 4802 57.
1093 4727 1190 4785 Docet
1203 4724 1288 4785 idem
1302 4721 1449 4785 Boudaw.
1465 4742 1496 4803 q.
1514 4726 1561 4799 10,
1584 4721 1609 4783 si
1629 4724 1768 4786 notabile
1795 4767 1837 4814 ,,,

111 4810 418 4876 modificationibus
451 4812 491 4875 ad
527 4814 713 4893 obsequium
740 4812 796 4876 Dei
823 4813 922 4876 vitam
976 4809 1098 4889 corpori
1120 4808 1270 4870 damnum
1294 4809 1343 4871 vel
1370 4807 1442 4869 vite
1467 4808 1642 4886 periculum
1664 4808 1767 4870 immi-

112 4917 219 4964 suam
234 4899 414 4974 abbreviet3
432 4900 493 4964 000
514 4902 597 4962 enim
621 4906 742 4981 spectat
755 4902 795 4963 ad
809 4902 922 4982 guber·
976 4904 1059 4977 neat,
1081 4897 1179 4960 teneri
1203 4898 1374 4976 patientem
1398 4897 1563 4958 admittere
1587 4896 1682 4958 etiam
1703 4897 1768 4958 ins-

111 4989 288 5054 0000000
311 4989 394 5068 rite,
419 5007 489 5070 quae
513 4990 603 5051 nobis
626 5009 646 5052 a
668 4993 732 5052 Deo
754 4989 922 5052 commissa
974 4987 1151 5066 pactionem
1166 4985 1325 5065 corporis;
1350 4984 1504 5047 rationem
1523 4985 1588 5061 dat,
1605 4984 1679 5064 quia
1693 5003 1765 5046 ern-

109 5085 179 5157 est,
198 5083 235 5142 ut
249 5078 293 5138 ita
306 5078 462 5156 possimus
476 5079 529 5140 illa
543 5079 587 5140 uti
603 5079 643 5140 ad
659 5078 842 5140 exercitium
856 5077 922 5138 vir-
974 5075 1144 5151 bescentia,
1168 5093 1237 5155 quea
1261 5074 1409 5151 deterret,
1434 5073 1530 5134 habet
1543 5077 1646 5135 ortum
1662 5091 1679 5135 0
1695 5091 1769 5152 peo-

106 5173 228 5232 tutum
254 5171 284 5228 et
313 5167 354 5228 ad
373 5166 528 5248 maJ'orem
555 5168 587 5227 in
615 5167 695 5229 coelo
716 5165 921 5229 obtinendam
975 5169 1065 5241 0000,
1089 5169 1121 5224 00
1142 5161 1298 5224 vincenda
1321 5167 1368 5224 est
1397 5179 1454 5241 per
1479 5161 1765 5237 mortificationem,

108 5256 259 5340 gloriam
275 5275 283 5316 :
300 5255 374 5317 hino
383 5260 486 5334 potest
496 5255 565 5336 quis
576 5255 769 5336 Religionem
785 5253 919 5335 ingredi,
975 5271 1048 5314 nam
1071 5251 1192 5314 ratione
1217 5251 1314 5328 illius,
1340 5251 1424 5331 quod
1448 5252 1541 5329 culpa
1563 5255 1671 5311 nostra
1692 5264 1768 5310 oon·

110 5363 181 5409 nec
206 5347 333 5406 tenetur
357 5363 395 5406 ex
422 5345 475 5406 illa
501 5348 557 5407 aut
577 5361 594 5405 0
617 5343 777 5405 Novitiatu
799 5341 918 5423 egredi,
974 5341 1136 5420 traximus,
1153 5359 1216 5402 000
1228 5343 1275 5402 000
1289 5339 1378 5401 nobis
1392 5340 1511 5401 licitum
1526 5339 1645 5420 aliquid
1656 5341 1765 5399 contra

108 5431 246 5500 etiamsi
261 5431 408 5496 advertat
421 5432 656 5509 abstinentiam,
672 5433 796 5513 aliaque
806 5430 921 5494 similia
971 5428 1035 5510 jus,
1052 5447 1114 5510 quo
1138 5430 1222 5491 Deus
1244 5445 1302 5489 000
1324 5426 1444 5508 obligat
1461 5429 1501 5491 ad
1516 5425 1767 5490 conservandam

192 5543 232 5606 'l'-
258 5539 297 5604 ll.
351 5579 353 5584 -
1627 5535 1646 5600 0
