3994 6344
674 513 726 574 DE
748 513 1057 576 CONTRAC'l'lBUS.

57 697 244 759 douatcuem
259 698 344 759 inter
361 698 448 760 rivos
463 701 494 760 ει
508 698 590 760 ἱιιιει
604 697 839 776 dispositionem

58 784 159 846 ultime
181 784 376 860 voluntatis,
398 783 555 865 habetque
580 801 747 845 commune
767 801 840 845 oum

57 872 209 933 donatione
234 871 319 933 inter
333 873 432 948 vivos,
450 873 534 952 quod
549 873 707 951 acceptari
726 872 840 933 debeat

56 967 81 1023 et
93 978 149 1020 uon
164 960 308 1040 requirat
333 962 543 1022 accessionem
557 960 767 1032 haereditatis;
784 961 840 1022 sed

55 1053 142 1108 morte
163 1047 329 1109 donatoris
349 1054 457 1109 secuta
472 1050 582 1110 atterat
597 1048 724 1128 plenum
740 1048 840 1108 domi-

55 1135 129 1196 nium
144 1153 152 1194 t
170 1139 318 1196 econtra
332 1153 406 1196 cum
425 1135 629 1216 dispositione
654 1137 770 1198 ultimae
785 1152 841 1197 vo-

55 1223 168 1284 luntatis
196 1223 300 1285 habet
332 1241 498 1285 commune
522 1225 607 1306 quod
627 1226 768 1305 requirat
791 1241 840 1284 so-

14 1393 15 1398 *
54 1310 234 1374 lemuitetem
259 1313 402 1388 testium,
429 1313 513 1392 quod
533 1317 659 1375 maneat
677 1311 840 1373 revocabi-

14 1399 16 1446 i
54 1409 98 1484 lis,
113 1411 169 1468 etc.
185 1409 231 1469 Do
253 1408 370 1488 quibus
385 1409 476 1489 plura
489 1409 589 1471 videri
609 1413 741 1488 possunt
755 1407 840 1487 apud

14 1507 16 1558 t
55 1499 139 1558 Cmtr.
156 1504 178 1557 t.
205 1499 256 1574 32,
274 1496 306 1557 d.
323 1501 353 1573 2,
369 1517 400 1579 p.
419 1501 467 1577 13,
484 1519 514 1559 n.
540 1502 570 1572 5;
587 1499 650 1561 Ills.
666 1505 689 1558 t.
706 1501 736 1574 t,
760 1496 790 1558 d.
807 1499 837 1574 ι,

14 1577 16 1616 ²
54 1605 78 1646 n.
92 1587 155 1658 3803
171 1586 254 1646 Onu.
272 1583 305 1647 d.
322 1587 373 1664 (tl,
389 1607 412 1647 s.
431 1590 460 1664 l,
480 1591 540 1649 let
554 1589 584 1649 5.

14 1675 37 1752 ιι
85 1673 101 1753 §
116 1675 142 1734 ι.
159 1672 191 1736 Si
206 1672 373 1735 donationi
388 1675 478 1736 iacto
492 1676 600 1737 mortis
613 1692 708 1735 causa
718 1673 840 1755 adjace-

14 1767 16 1794 ι
56 1760 225 1838 n'spactum
248 1777 314 1821 nou
339 1761 526 1839 revocandi,
543 1763 589 1824 Gl.
612 1762 702 1824 Bald.
726 1761 839 1823 Decius

14 1849 15 1908 l
55 1845 152 1928 alique
166 1847 280 1910 dicunt
294 1866 358 1909 uon
372 1848 442 1910 ideo
456 1851 525 1911 ficri
544 1849 746 1912 donationem
759 1851 840 1910 inter

55 1934 138 2012 riuos,
153 1935 229 2015 quia
248 1937 392 1998 clausule
407 1937 461 1999 illa
481 1941 627 2000 censetur
643 1939 759 2000 frustra
784 1939 840 1999 ed-

54 2021 139 2101 jecta;
164 2041 238 2084 cum
254 2028 342 2086 enim
362 2029 541 2087 contractus
555 2027 606 2088 ille
621 2026 661 2089 sit
675 2045 712 2087 ex
727 2031 841 2088 natura

57 2129 102 2171 sua
121 2113 331 2190 revocabilis,
358 2115 454 2176 etiem
476 2111 662 2176 revocabilis
685 2120 733 2177 εει
755 2117 842 2176 clau-

57 2199 128 2276 sula,
152 2219 224 2262 cum
251 2204 466 2265 accessorium
483 2209 633 2286 sequatur
655 2205 837 2283 principale.

14 2317 15 2320 ι
57 2289 188 2350 licentra
203 2291 315 2369 plures
339 2291 391 2353 elii
413 2311 486 2353 cum
505 2295 594 2355 Gom.
619 2293 748 2355 Fachin.
765 2293 837 2354 ltlol.

14 2399 16 2424 ι
57 2376 180 2454 Cestrop.
203 2396 239 2458 p.
264 2383 316 2454 ll,
335 2399 366 2441 n.
393 2383 423 2453 5;
440 2382 519 2442 Onu.
536 2399 559 2440 s.
576 2385 606 2454 ἰς
627 2381 688 2444 Ιιιε.
709 2400 739 2443 a.
764 2384 838 2456 3973

14 2457 15 2494 ³
57 2464 184 2526 Βιεειιιιι.
201 2483 304 2545 supra
324 2467 434 2529 dicunt
454 2467 521 2528 fieri
545 2467 746 2530 donationem
761 2468 841 2530 inter

14 2531 17 2656 ἱ
57 2550 130 2611 siros
143 2557 173 2613 ει
185 2553 232 2614 ita
251 2553 380 2616 videtur
392 2555 502 2616 haberi
515 2554 552 2617 L.
569 2559 618 2623 27,
634 2555 669 2635 ff.
690 2555 725 2616 de
739 2558 842 2618 mettis

57 2659 129 2700 macc
142 2637 244 2703 donat.
262 2643 355 2705 Unde
366 2643 405 2704 ad
421 2645 574 2706 rationem
589 2644 841 2707 adversariorum

14 2793 15 2816 ξ
57 2729 220 2806 negandum
241 2733 293 2792 εει
314 2732 530 2813 suppositum
555 2733 720 2794 nonenim
735 2738 842 2796 manet

14 2829 15 2852 ι
57 2818 151 2880 mortis
173 2837 284 2896 causa,
309 2821 365 2882 sod
382 2823 574 2885 convertitur
588 2823 619 2884 in
640 2822 841 2884 donationem

57 2904 126 2966 iuter
137 2907 239 2982 risos3
259 2909 341 2972 Onu.
358 2929 382 2971 s.
398 2913 429 2971 8.

14 3007 38 3080 ps
89 2993 140 3072 53.
156 2995 188 3059 Si
204 2995 331 3058 donans
345 3000 467 3058 teutmn
481 2997 673 3078 promisisset
682 3003 737 3062 eut
746 3001 842 3062 etiem

14 3109 16 3164 ι
57 3082 180 3161 jurasset
202 3101 269 3146 nou
299 3087 516 3148 contravenire
544 3087 704 3148 donationi
732 3088 841 3150 mortis

14 3169 18 3276 ι
58 3187 150 3248 causa,
166 3172 241 3234 llol.
258 3178 351 3253 putat
365 3175 537 3236 etiamfieri
549 3175 749 3238 donationem
761 3178 843 3238 inter

15 3281 17 3342 p
57 3255 144 3334 sivos,
159 3259 234 3338 quia
258 3261 425 3339 promissio
448 3281 510 3323 uon
525 3264 781 3324 contraveniendi
798 3265 842 3325 vi·

15 3357 17 3430 ξ
59 3343 137 3406 detur
150 3365 216 3410 esse
232 3350 401 3427 promissio
423 3368 484 3410 nou
505 3351 675 3412 revocandi
692 3372 697 3412 :
715 3353 769 3412 sed
789 3371 842 3432 op·

15 3433 18 3530 l
58 3431 178 3510 positum
194 3437 306 3497 tenent
319 3437 425 3516 plures
440 3457 512 3500 cum
522 3441 663 3518 Castrop.
676 3426 706 3502 ι’.
721 3445 751 3518 7,
769 3440 844 3522 quia

15 3533 17 3616 ι
59 3531 263 3594 contravenire
290 3537 338 3594 est
360 3534 478 3614 aliquid
500 3553 593 3614 agere
611 3541 721 3598 contra
745 3537 844 3599 dona-

15 3619 17 3708 ι
59 3615 162 3678 tionem
189 3625 467 3700 perseuerantem
491 3641 639 3684 revocare
664 3629 768 3685 atatem
792 3625 843 3686 hic

59 3721 111 3765 ooo
125 3710 169 3768 εει
183 3725 281 3788 agere
292 3709 411 3790 aliquid
422 3716 529 3773 contra
544 3713 747 3774 donationem
761 3732 844 3776 mor-

15 3797 17 3896 ι
60 3790 92 3851 tis
104 3811 203 3874 causa,
221 3797 280 3858 sed
295 3803 343 3860 est
357 3799 429 3860 huic
441 3800 576 3862 maximo
588 3803 759 3879 conlorme,
772 3819 844 3863 cum

15 3903 18 3984 ἑ
61 3877 173 3944 ιοιειιο
192 3885 305 3947 mortis
320 3904 416 3947 causa
430 3905 466 3947 ex
487 3892 600 3949 natura
619 3907 677 3950 sua
703 3889 743 3949 sit
761 3907 843 3950 sem-

15 3987 18 4058 ι
60 3983 107 4044 per
126 3973 322 4036 resecabilis.
350 3975 512 4048 Quomodo
535 3981 642 4040 eutem
663 3983 839 4056 revocetur,

60 4055 120 4116 ride
133 4060 216 4138 apud
232 4065 313 4123 Onu.
329 4081 353 4124 s.
371 4066 400 4124 6.

78 4143 151 4234 §a
176 4149 211 4211 ln
239 4149 335 4211 dubio
361 4169 401 4212 an
430 4151 557 4213 donatio
586 4151 627 4214 sit
656 4153 739 4215 lucta
763 4155 845 4216 inter

61 4239 145 4301 uros,
160 4245 201 4289 au
215 4247 313 4292 cause
333 4231 454 4308 mortis,
476 4232 615 4312 Castrop.
632 4253 661 4295 a.
682 4237 711 4310 2,
728 4235 844 4314 aliique

63 4325 121 4371 cum
135 4315 212 4380 Onu.
231 4337 294 4380 cn.
317 4321 369 4396 84,
394 4319 614 4382 universaliter
640 4321 749 4383 dicunt
771 4341 845 4383 cen-

62 4399 176 4463 sendam
197 4423 266 4466 esse
284 4407 381 4468 vetuti
404 4405 485 4469 inter
508 4407 596 4468 vivos
619 4407 752 4482 lactam;
770 4411 844 4489 quia

63 4481 173 4551 donatio
183 4489 267 4554 inter
280 4493 369 4554 vivos
384 4495 577 4574 praecipuum
588 4497 691 4558 locum
708 4496 841 4573 obtinet3

16 4657 18 4674 Ι
63 4573 145 4636 adea
157 4579 421 4658 legibustraduut
434 4583 533 4645 Gloss.
547 4583 640 4646 etalii
658 4585 751 4646 :hinc
766 4586 845 4648 inie-

16 4675 18 4694 ¹
63 4669 133 4739 ruet,
147 4666 171 4727 si
185 4669 313 4732 donatio
328 4671 447 4752 ubsque
462 4672 527 4732 ulla
542 4672 701 4733 mentione
730 4677 842 4737 mortis

16 4767 18 4792 ¹
63 4759 198 4834 concepta
211 4758 252 4820 sit
261 4759 358 4820 etiam
372 4760 412 4820 ab
427 4760 550 4822 infirmo
565 4761 675 4822 mortis
687 4763 841 4840 proximo,

65 4843 238 4906 sumendam
261 4863 330 4908 csse
350 4848 431 4908 iuter
458 4848 557 4924 vivos,
584 4849 658 4928 quia
683 4849 704 4911 l.
737 4853 786 4926 lt,
809 4850 840 4931 j.

1628 515 1689 578 283

894 704 947 760 tur
960 698 1132 776 donationi,
1150 700 1206 762 sed
1221 699 1289 780 ejus
1305 701 1499 762 exsecutioni
1517 721 1523 762 :
1538 717 1614 780 ergo
1628 715 1691 762 nou

895 788 999 851 obstat
1008 789 1359 857 donationiintervivos‚
1372 788 1445 851 lilol.
1459 793 1541 852 Gutt.
1558 787 1689 851 Fachin.

895 877 1036 954 Castrop.
1059 896 1089 937 n.
1107 877 1136 937 3.
1161 876 1290 948 Quodsi
1311 875 1417 957 eliqua
1436 875 1563 939 donatio
1584 873 1691 936 valere

895 979 958 1022 non
981 963 1083 1041 potuit
1104 961 1214 1023 mortis
1235 981 1349 1039 causa,
1376 963 1432 1024 sed
1455 965 1579 1025 tantum
1607 961 1691 1023 inter

894 1050 992 1127 vivos,
1010 1051 1040 1110 in
1056 1051 1152 1112 dubio
1172 1049 1341 1111 dicendum
1363 1056 1410 1111 est
1430 1049 1524 1114 finisse
1544 1050 1627 1110 inter
1646 1047 1690 1109 vi·

895 1155 971 1214 vos,
1006 1137 1080 1218 qtaia
1106 1137 1254 1200 standum
1280 1143 1328 1198 est
1355 1155 1412 1216 pro
1441 1137 1548 1198 valore
1582 1139 1689 1211 actus,

894 1225 1041 1370 ιιιιεΰιιιὲειιί
1056 1227 1145 1290 Nald.
1163 1226 1258 1290 etalii
1276 1244 1349 1288 cum
1365 1229 1452 1306 Lugo
1468 1225 1592 1308 inliesp.
1610 1223 1688 1285 Mor.

909 1354 916 1369 .
952 1353 960 1384 ,
1000 1353 1007 1368 .
1047 1353 1055 1370 .

1145 1555 1364 1618 DUBlUlll
1400 1557 1436 1618 v.

896 1742 1018 1818 Quidait
1033 1740 1265 1822 Commodutum‚
1281 1740 1693 1824 Precart'umctDmositum?

939 1953 954 1990 n
969 1935 1060 2015 Resp.
1089 1931 1330 1996 commodatum
1353 1933 1400 1993 est
1418 1933 1599 1993 contractus
1627 1947 1690 2010 quo
1717 1947 1759 1995 ero

895 2041 944 2084 res
957 2021 1196 2102 aliquamohilis
1214 2020 1265 2081 vel
1282 2017 1570 2098 immobilis-quoad
1588 2018 1691 2080 solum

895 2127 986 2170 usum
1010 2107 1147 2188 gratuito
1162 2109 1355 2183 conceditur,
1373 2106 1468 2187 idque
1494 2106 1534 2167 ud
1556 2106 1686 2186 aliquod

896 2203 1017 2262 certum
1033 2203 1157 2279 tempus
1178 2197 1323 2276 explicite
1349 2197 1398 2258 val
1422 2196 1572 2275 implicite
1588 2196 1690 2258 deter-

895 2289 1059 2361 minatum;
1071 2287 1226 2368 explicite,
1244 2288 1279 2347 ιιι
1293 2285 1318 2346 si
1329 2284 1434 2346 dicas:
1452 2285 1617 2347 commodo
1633 2285 1691 2348 tihi

895 2377 979 2438 huuc
1003 2377 1120 2439 librum
1137 2375 1186 2437 uel
1203 2375 1333 2438 domum
1353 2373 1393 2434 ad
1409 2391 1507 2434 unum
1521 2391 1687 2447 mensem;

895 2465 1055 2545 implicite,
1079 2469 1114 2526 ut
1136 2465 1163 2524 si
1178 2463 1265 2525 dicas
1280 2483 1287 2523 :
1304 2461 1470 2524 commodo
1495 2461 1549 2523 tibi
1572 2462 1690 2524 librum

895 2561 930 2616 ut
944 2571 1017 2615 eum
1036 2553 1206 2626 describas,
1224 2551 1297 2632 quia
1311 2555 1386 2612 tunc
1400 2549 1550 2630 implicite
1566 2555 1689 2612 tantum

894 2641 1284 2722 temporisdcterminatur
1297 2643 1450 2721 wantum
1474 2639 1690 2700 necessarium

895 2737 942 2794 ost
954 2731 995 2792 ad
1009 2729 1176 2792 commode
1192 2729 1446 2790 describendum.

936 2843 951 2878 n
970 2819 1152 2881 Precarium
1166 2822 1213 2882 est
1225 2835 1287 2900 quo
1302 2817 1486 2880 conceditur
1499 2817 1614 2896 petenti
1639 2835 1690 2879 res

895 2909 1024 2986 utenda,
1041 2924 1102 2969 non
1119 2907 1159 2968 ed
1174 2910 1294 2968 certum
1304 2911 1428 2989 tempus
1445 2906 1493 2986 (iu
1510 2922 1571 2987 quo
1586 2905 1691 2970 differt

896 2995 1165 3076 acommodata),
1182 2995 1236 3056 sed
1252 2995 1353 3058 donec
1364 2994 1539 3057 concedens
1554 2999 1688 3074 repetat,

896 3089 962 3149 sive
984 3103 1141 3165 expresse,
1158 3084 1224 3146 sive
1248 3084 1351 3162 tacite,
1368 3088 1403 3146 ιιι
1423 3084 1448 3144 si
1463 3084 1518 3147 det
1532 3083 1622 3146 alteri
1637 3086 1692 3144 aut

897 3176 1024 3242 vendat.
1042 3177 1151 3256 Laym.
1171 3173 1192 3234 t.
1210 3175 1240 3251 3,
1258 3181 1279 3235 ι.
1297 3177 1327 3247 l,
1344 3193 1369 3235 c.
1393 3176 1440 3235 ta.

936 3289 950 3324 n
966 3265 1149 3345 Depositum
1161 3266 1208 3327 est
1223 3279 1285 3341 quo
1297 3262 1416 3343 aliquid
1439 3261 1576 3324 traditur
1589 3265 1691 3323 custo-

898 3354 1048 3417 diendum
1069 3357 1104 3415 ut
1124 3353 1284 3430 integrum
1297 3351 1459 3413 reddetur.
1483 3353 1521 3413 llt
1550 3367 1691 3412 commu-

897 3445 979 3505 nitor
999 3448 1047 3505 εει
1067 3459 1118 3503 res
1133 3439 1268 3516 mobilis,
1290 3441 1339 3501 val
1354 3459 1387 3501 se
1407 3457 1547 3515 movens,
1570 3444 1605 3500 ut
1622 3456 1690 3499 ves-

898 3534 948 3608 tis,
965 3536 999 3596 ut
1013 3549 1122 3611 equus,
1138 3533 1196 3590 etc.
1217 3527 1295 3589 unde
1314 3528 1396 3590 circo
1409 3527 1471 3588 tec
1484 3526 1690 3589 resolventem

938 3643 951 3678 n
966 3623 990 3683 l.
1004 3617 1227 3681 Commodator
1235 3635 1297 3679 nou
1307 3619 1410 3697 potest
1420 3619 1563 3696 repetere
1571 3616 1690 3696 absque

898 3708 1050 3792 injustitia
1064 3711 1136 3770 ante
1153 3706 1316 3768 definitum
1331 3708 1466 3787 tempus,
1484 3707 1594 3786 Laym.
1612 3703 1634 3765 ι.
1661 3723 1687 3766 c.

937 3819 951 3854 n
971 3797 1010 3857 ll.
1036 3794 1164 3867 Quodsi
1183 3798 1288 3856 tamen
1304 3793 1514 3856 commodanti
1539 3793 1691 3854 damnum

898 3883 1106 3962 impenderet,
1124 3885 1227 3962 potest
1241 3887 1394 3962 repetere,
1407 3882 1480 3942 licet
1489 3880 1589 3942 simile
1604 3879 1691 3941 dem-

899 3991 973 4035 num
993 3971 1192 4052 impenderet
1217 3969 1463 4033 commodatario
1485 3989 1523 4031 cx
1547 3970 1594 4030 rei
1617 3973 1690 4031 ante

898 4069 1022 4144 tempus
1038 4061 1233 4142 repetitione,
1246 4065 1281 4122 ut
1292 4059 1388 4121 habet
1402 4063 1485 4121 Losa.
1512 4059 1532 4120 l.
1550 4062 1579 4136 Ξ,
1596 4078 1622 4120 c.
1637 4061 1687 4135 27,

899 4150 927 4212 d.
937 4155 966 4227 5,
980 4150 1063 4230 quia,
1081 4153 1115 4212 ut
1130 4149 1174 4210 ait
1189 4151 1266 4210 Nau.
1284 4150 1315 4210 in
1332 4148 1584 4210 commodatione
1599 4146 1691 4208 iutel-

898 4237 1006 4316 ligitur
1022 4235 1116 4298 tacita
1137 4237 1203 4298 hcc
1223 4236 1359 4299 conditio
1378 4235 1456 4297 :nisi
1477 4236 1599 4298 interca
1616 4253 1692 4296 cuu-

898 4324 1004 4404 tigorit
1029 4345 1097 4390 rem
1124 4342 1192 4389 esse
1215 4325 1426 4389 necessariam
1455 4324 1687 4402 commodanti,

898 4419 1007 4493 Laym.
1026 4414 1046 4476 l.
1063 4435 1088 4476 ε.

938 4524 951 4560 ι
977 4503 1030 4566 lll.
1062 4503 1094 4566 Si
1116 4501 1323 4581 depositarius
1344 4503 1427 4564 bona
1448 4503 1511 4565 tide
1535 4502 1691 4565 existimet

899 4582 1068 4661 depositori
1091 4601 1152 4644 uon
1180 4583 1409 4662 displiciturum
1436 4583 1461 4644 si
1486 4601 1520 4644 re
1546 4582 1691 4663 deposita

897 4675 1014 4746 utatur,
1031 4669 1137 4732 licebit
1151 4671 1207 4747 uti,
1221 4671 1297 4731 alias
1313 4689 1388 4749 non,
1404 4675 1490 4734 Less.
1507 4670 1537 4732 d.
1555 4673 1584 4732 2.

937 4783 951 4818 n
971 4761 1022 4824 lv.
1040 4760 1072 4821 Si
1091 4761 1269 4840 depositum
1292 4761 1333 4823 sit
1351 4779 1402 4823 res
1416 4780 1475 4823 usu
1495 4761 1689 4839 consumpti·

897 4849 978 4926 hilis,
991 4853 1026 4909 ut
1038 4848 1188 4927 triticum,
1201 4849 1319 4926 viuum,
1339 4850 1484 4930 pecunie,
1507 4865 1578 4929 quac
1593 4867 1689 4928 expo-

63 4929 276 5004 iamdictus
290 4951 373 5009 eum,
391 4933 444 5012 qui
459 4934 602 4996 absolute
619 4935 762 5013 donaret,
780 4955 843 5000 uon
898 4937 1001 4997 nendo
1015 4935 1200 5012 absumitur,
1217 4955 1318 5016 eaque
1340 4937 1456 4998 tradita
1471 4936 1511 4999 sit
1531 4941 1617 4998 certo
1633 4955 1689 4997 uu·

64 5011 242 5082 temnentis
263 5037 472 5103 causaquum
491 5021 680 5084 morientem
702 5024 840 5102 dcuere,
897 5043 1003 5100 mero,
1040 5025 1179 5103 pondere
1214 5031 1432 5102 atinensem,
1468 5041 1531 5086 uon
1564 5025 1690 5088 uidetur

65 5094 223 5200 flooeutapue
235 5107 331 5169 ctiam
341 5111 417 5186 Lop.
430 5111 518 5170 Gom.
535 5111 619 5171 uutt.
636 5110 708 5172 ltlol.
725 5111 754 5172 d.
771 5115 840 5189 ⁶287,
898 5105 1365 5192 depositariuspeccaresaltem
1375 5113 1513 5194 graviter
1528 5113 1565 5173 iis
1584 5118 1686 5191 utens,

65 5193 168 5256 tudae.
184 5195 223 5256 ut
235 5195 312 5257 licet
332 5196 386 5257 tlat
405 5195 523 5258 mentio
541 5198 663 5275 mortis,
689 5217 752 5260 non
771 5199 842 5262 idco
898 5201 922 5262 si
938 5207 1041 5264 cortus
1065 5202 1106 5264 sit
1119 5219 1153 5264 se
1168 5202 1366 5266 tantumdem
1380 5203 1521 5283 ejusdam
1539 5201 1688 5264 bonitatis

67 5293 175 5360 temper
199 5287 246 5346 est
263 5285 376 5345 mortis
398 5303 503 5361 causa,
527 5285 573 5347 uti
588 5286 613 5346 si
635 5286 705 5366 quis
728 5286 839 5349 dicat:
897 5289 1078 5352 habiturum
1100 5289 1226 5368 quaudo
1246 5295 1414 5369 repetetur,
1431 5292 1516 5352 Lesa.
1540 5289 1563 5349 l.
1583 5307 1609 5350 e.
1631 5291 1689 5350 Sc-

68 5363 136 5428 donc
148 5369 226 5433 litio
252 5375 322 5449 l00,
349 5389 418 5451 quaa
441 5373 468 5434 ei
488 5379 559 5452 post
579 5379 714 5436 mortem
739 5393 842 5435 meam
896 5395 951 5439 cus
965 5377 990 5440 si
1006 5377 1140 5457 pecunia
1166 5379 1282 5439 tradita
1295 5378 1388 5439 fucrit
1401 5377 1526 5439 sacculo
1540 5377 1590 5440 vel
1606 5393 1687 5440 arcas

69 5463 261 5538 praetentum
281 5465 405 5546 tempus
426 5461 509 5524 enim
533 5465 643 5526 mortis
658 5481 720 5524 uon
735 5463 841 5546 adjici·
897 5463 1032 5541 inclusa,
1057 5463 1106 5524 vel
1125 5464 1247 5526 munita
1264 5463 1377 5544 sigillo,
1395 5462 1470 5526 Silv.
1488 5466 1580 5528 Azor.
1597 5466 1683 5538 Lesa,
