4120 6348
615 496 667 562 ee
690 498 904 568 anaemaris
927 494 1251 572 ecetesrlsrlcra
1694 513 1751 572 eci

102 689 341 752 examinatores
370 690 483 768 1111ιί1,ι
498 691 593 753 etiam
625 699 903 782 quantumcunque
959 715 998 755 en
1012 701 1094 768 actu,
1111 697 1222 757 sallem
1236 696 1267 755 in
1282 713 1348 773 spe,
1366 699 1520 766 curatum,
1533 695 1582 756 rel
1597 682 1745 774 simplex-3

100 777 168 840 lere
184 785 368 858 acceptare,
385 781 530 861 quamuis
545 782 653 859 graiis,
676 789 707 844 et
730 783 904 844 liberaliter
957 802 998 846 an
1009 784 1262 864 jaspatronetus;
1279 802 1319 844 an
1340 783 1371 844 iu
1394 784 1534 846 Ecclesia
1553 783 1745 863 Gatbedaeli,

102 868 245 936 oblatum
262 868 425 949 abaliquo
442 869 662 946 examinanda,
678 873 729 932 rel
744 871 904 932 examine·
958 877 1012 936 aut
1024 873 1138 954 insigni
1150 873 1334 952 collegiata3
1351 891 1389 933 an
1405 872 1617 950 residentiale,
1630 874 1746 949 Gesta,

101 961 144 1033 te,
160 973 256 1036 posse
273 962 382 1019 temen
398 957 588 1052 llpiqcopum
601 959 720 1039 aliquid
742 961 781 1021 dc
796 957 852 1023 sric
868 959 903 1022 il·
956 979 1018 1020 ce.
1042 963 1094 1034 ll;
1114 964 1240 1038 Rosea
1262 979 1292 1021 e.
1316 962 1375 1022 130
1397 969 1423 1040 ει
1447 963 1515 1024 lec.
1541 963 1647 1038 Leuc,
1660 981 1692 1042 p.
1717 965 1747 1037 1,

101 1045 138 1105 lis
165 1046 246 1108 dere
275 1046 368 1108 titulo
396 1047 528 1124 praemii,
556 1047 719 1127 stipendii,
740 1049 791 1110 uel
815 1047 904 1108 labe-
956 1068 986 1129 q.
1003 1051 1072 1110 175.
1097 1049 1186 1122 Quod
1202 1049 1226 1109 si
1242 1049 1365 1110 dicatur
1379 1067 1447 1122 esse
1462 1052 1616 1126 curatum,
1638 1051 1686 1112 vel
1701 1068 1749 1110 re·

102 1133 142 1196 ris
162 1153 176 1196 a
198 1135 322 1197 docent
350 1135 444 1196 etiam
467 1139 545 1198 Nau.
570 1137 623 1198 lit.
645 1143 675 1214 1,
704 1137 820 1200 Concil.
849 1141 901 1214 53,
956 1135 1131 1213 sidentiale,
1154 1137 1280 1217 quande
1302 1155 1364 1198 nen
1388 1140 1446 1214 est,
1467 1137 1603 1216 provisio
1625 1137 1750 1200 videtur

102 1223 136 1284 de
156 1224 299 1301 ciaconio,
325 1227 356 1285 et
379 1226 479 1286 Zcrcl.
497 1226 529 1285 in
542 1226 637 1306 praei
653 1225 754 1307 Eprio.
775 1247 809 1308 p.
829 1229 857 1303 1,
873 1245 900 1287 c.
956 1223 1056 1300 irrita,
1073 1225 1216 1302 ltlencch,
1233 1225 1334 1287 Castr.
1352 1244 1382 1286 a.
1406 1228 1454 1299 l5,
1476 1224 1520 1286 uti
1536 1229 1567 1284 et
1580 1227 1647 1286 tum
1660 1225 1750 1287 irrita

103 1310 250 1374 Pcrccluia
270 1313 332 1392 §R
349 1312 378 1374 d.
396 1316 445 1390 ll,
462 1313 487 1374 si
503 1314 682 1393 acciperent
704 1315 781 1397 quid
803 1313 903 1375 modi·
957 1315 1015 1389 εει,
1028 1313 1055 1372 si
1069 1318 1230 1375 narratum
1245 1332 1308 1375 non
1322 1315 1362 1374 sit
1373 1332 1439 1374 esse
1451 1313 1627 1389 electivum,
1640 1317 1747 1391 Acce,

104 1421 184 1478 cum,
218 1420 252 1462 v.
285 1417 318 1480 g.
348 1402 488 1463 valorem
521 1402 614 1463 trium
642 1404 809 1480 Julicrum,
840 1420 903 1464 non
958 1401 1199 1478 Sauch.,Cestr.
1217 1404 1296 1463 Item
1309 1402 1335 1462 si
1350 1401 1508 1462 saecularis
1519 1399 1690 1478 impetrans
1704 1404 1750 1460 la-

104 1489 243 1552 incidere
258 1490 294 1550 in
310 1490 573 1567 lebemsimcniae,
591 1493 903 1572 quoadforumccns·
957 1493 1028 1549 ccat
1054 1487 1242 1550 beneficium
1271 1508 1338 1550 esse
1366 1489 1521 1568 regulare,
1546 1486 1595 1546 vel
1622 1491 1747 1559 centre;

104 1579 239 1658 cientice,
256 1579 355 1640 medo
371 1579 430 1640 hcc
450 1597 512 1640 non
539 1580 694 1661 accipient
717 1600 773 1661 pre
795 1582 902 1642 lavore
958 1575 1088 1654 Sench„
1106 1579 1219 1654 Casta,
1236 1597 1265 1637 a.
1290 1582 1341 1650 19;
1360 1580 1473 1638 Rosea
1493 1597 1523 1637 a.
1541 1578 1610 1637 136.
1627 1575 1704 1636 Item
1722 1575 1750 1634 si
1818 1619 1823 1633 .

104 1669 301 1750 prestando,
318 1668 374 1729 scd
388 1667 516 1730 omnino
530 1670 677 1749 gratiose,
703 1671 778 1750 quie
792 1670 823 1730 in
838 1688 903 1730 ma·
956 1663 1130 1743 impetrans
1151 1664 1305 1743 hospitale
1329 1671 1420 1726 vocet
1437 1663 1637 1738 beneficium,
1654 1666 1709 1722 aut
1723 1661 1748 1721 si

105 1757 182 1820 teria
192 1755 339 1818 simoniae
346 1757 427 1837 juris
437 1761 559 1818 tantum
571 1758 780 1820 Ecclesiastici
792 1761 904 1837 putant
957 1752 1128 1831 impetrans
1138 1752 1326 1814 beneficium
1336 1753 1458 1814 unitum
1472 1754 1574 1812 taceat
1584 1751 1744 1827 unionem,

106 1845 169 1907 dari
186 1845 382 1927 parvitatem
396 1847 547 1921 materiae,
564 1847 707 1925 quamvis
729 1865 790 1908 nou
811 1847 904 1907 detur
957 1846 992 1902 ut
1005 1841 1031 1902 si
1046 1859 1109 1902 nen
1122 1848 1229 1903 narret
1241 1843 1428 1903 beneficium
1444 1860 1512 1902 esse
1527 1839 1746 1912 monoculare;

106 1933 136 1993 in
163 1933 305 1996 simonia
326 1933 406 2013 juris
434 1933 595 2010 naturalis,
620 1935 795 1996 secundum
817 1935 905 1996 dicte
957 1932 1070 2006 Ceste,
1087 1950 1148 1993 ce.
1169 1934 1219 1992 30.
1237 1932 1269 1993 Si
1291 1936 1396 1992 eutem
1420 1931 1461 1992 sit
1476 1933 1638 2004 'curatum
1655 1927 1750 1988 debet

107 2023 156 2086 lit.
184 2026 216 2098 3,
237 2031 328 2104 part.
352 2024 380 2098 l,
396 2041 427 2083 e.
453 2025 521 2094 1983
548 2022 714 2101 dispariles
740 2027 798 2100 est,
829 2022 903 2103 quia
957 2033 1202 2095 expressacurea
1218 2018 1362 2080 etaetatis
1384 2018 1452 2078 sieri
1467 2015 1600 2090 mentio;
1618 2013 1750 2077 Lucede

108 2112 233 2192 quaudo
249 2111 427 2190 temporale
443 2111 505 2172 don
526 2111 628 2188 datur,
645 2115 681 2174 ut
699 2112 835 2192 pretium
858 2111 903 2174 rel
956 2104 1061 2186 Renes·
1082 2104 1151 2169 disc.
1168 2109 1217 2183 55,
1236 2125 1300 2167 aa·
1318 2111 1366 2168 17.

107 2199 291 2280 spiritualis,
309 2199 364 2259 sed
379 2198 460 2260 actio
475 2199 546 2261 ideo
559 2202 681 2262 tantum
696 2205 744 2262 est
757 2200 903 2263 simonia·
998 2195 1016 2274 ἓ
1037 2198 1067 2256 3.
1099 2197 1173 2257 Post
1200 2195 1373 2273 expositam
1399 2195 1582 2274 qualitatem
1605 2191 1748 2256 beneficii
1775 2208 1816 2256 aas

109 2307 154 2365 ce,
171 2289 247 2368 quia
260 2287 423 2367 prohibita
437 2292 484 2349 cst
498 2307 535 2348 ox
549 2287 666 2350 motivo
681 2287 851 2368 Religionis
862 2283 904 2348 eti
957 2273 1149 2344 narrandu‘m
1174 2288 1231 2360 est,
1249 2284 1334 2362 quod
1357 2289 1458 2360 uacet,
1476 2302 1534 2362 per
1554 2283 1623 2344 haec
1639 2281 1746 2370 verbe,

110 2379 287 2440 cauendam
314 2395 439 2438 omnem
463 2376 608 2456 speeiem,
623 2376 782 2462 simonie,
798 2377 904 2454 reipsa
956 2390 1020 2434 cum
1048 2372 1197 2434 coacuerat
1219 2379 1252 2432 er
1267 2381 1347 2437 vacet
1369 2371 1411 2433 cd
1430 2390 1567 2452 presens,
1593 2371 1749 2452 debetque

111 2485 169 2527 non
184 2466 221 2526 lit
235 2464 355 2546 injuria
368 2464 414 2526 rei
429 2465 592 2544 spirituali,
609 2485 681 2527 cum
695 2483 758 2527 non
771 2465 904 2527 aestime-
957 2459 1025 2520 hec
1039 2459 1162 2520 vacatio
1179 2458 1305 2538 probari
1320 2477 1412 2538 posse
1425 2459 1623 2534 indubitate;
1640 2461 1746 2536 Leuc,

109 2557 159 2614 tur
180 2552 363 2631 temporali,
389 2552 444 2612 sed
478 2557 601 2614 tentum
623 2558 670 2614 est
697 2550 902 2631 transgressio
951 2568 985 2629 p.
1003 2551 1032 2626 3,
1055 2567 1084 2629 q.
1104 2551 1151 2624 16,
1169 2548 1233 2608 sive
1254 2547 1294 2610 sit
1314 2547 1436 2610 vacatio
1460 2549 1500 2609 de
1520 2547 1603 2628 jure,
1620 2548 1685 2609 sire
1709 2548 1748 2610 de

110 2641 258 2720 precepti
287 2641 482 2720 respicientis
511 2641 718 2704 reverentiam
742 2641 787 2700 rei
814 2637 903 2719 spiri-
957 2637 1059 2710 fectc;
1076 2638 1189 2714 Gesta,
1209 2654 1241 2716 p.
1262 2639 1311 2712 33,
1328 2637 1346 2714 ἓ
1365 2639 1396 2712 5,
1414 2656 1444 2697 a.
1460 2641 1491 2722 9,
1508 2641 1540 2698 et
1554 2635 1611 2706 uisi
1633 2636 1748 2697 benefi-

111 2729 184 2790 tuali
208 2729 353 2792 debitam
379 2750 385 2790 :
416 2747 490 2809 ergo
514 2729 604 2791 sicuti
628 2735 732 2809 potest
755 2729 824 2809 quis
842 2726 904 2790 elie
957 2725 1040 2785 cium
1068 2729 1169 2801 vacet,
1197 2724 1287 2786 sicuti
1311 2730 1472 2786 narratum
1497 2728 1554 2803 cst,
1580 2724 1682 2805 gretia
1702 2729 1749 2786 εει

112 2823 270 2896 praecepte
297 2817 474 2896 transgredi
509 2817 658 2898 graviter,
695 2820 749 2878 aut
779 2816 902 2892 leuiter,
957 2814 1057 2890 nulla,
1088 2812 1244 2892 debetque
1273 2813 1395 2873 vacatio
1424 2812 1579 2874 verificari
1596 2819 1747 2890 tempore

111 2911 202 2985 prout
214 2906 352 2968 materia
367 2911 414 2968 est
427 2905 543 2985 graiis,
560 2907 609 2968 vel
623 2905 712 2983 leuis,
728 2905 772 2967 ita
786 2909 817 2968 ει
831 2905 900 2966 hic:
958 2901 1050 2978 datae,
1080 2920 1145 2982 cop.
1176 2899 1209 2961 Ε
1209 2920 1267 2979 cm,
1293 2901 1329 2962 de
1351 2901 1497 2982 Rescrrpt.
1521 2900 1634 2978 Paris,
1650 2901 1746 2988 Latt,

114 2995 265 3074 quidquid
282 2994 324 3057 sit
337 2995 377 3056 de
391 2994 462 3072 hcc,
479 2994 504 3061 si
520 2987 732 3074 supponamus
747 2993 903 3073 abaliquo
957 2989 1008 3051 ct.
1025 2991 1053 3050 3.
1069 3007 1099 3070 q.
1116 2993 1146 3065 8,
1162 3007 1194 3050 a.
1209 2992 1229 3049 1

102 3083 338 3160 ‚examinatore
353 3084 403 3144 vel
411 3084 617 3145 examinando
628 3083 825 3144 commissam
836 3100 903 3143 esse
996 3077 1057 3156 51.
1075 3077 1223 3150 Quemvis
1241 3077 1312 3156 jure
1334 3077 1475 3158 antiquo,
1492 3077 1538 3138 uti
1558 3081 1590 3140 ει
1610 3095 1692 3140 nouo
1716 3076 1747 3136 in
1774 3084 1816 3131 cac

113 3171 277 3234 simonium
294 3191 423 3252 grauem
439 3175 601 3236 occasione
616 3191 798 3250 concursus,
815 3174 905 3250 putat
958 3165 1066 3242 Gellia,
1084 3184 1145 3226 non
1160 3165 1200 3227 sit
1214 3183 1292 3244 opus
1308 3184 1436 3227 narrare
1455 3161 1597 3243 medum,
1615 3185 1676 3246 quc
1691 3183 1748 3226 ve·

115 3263 202 3324 Gerc.
219 3266 324 3326 totum
339 3280 470 3323 examen
486 3281 553 3324 esse
567 3262 636 3341 ipso
658 3263 739 3324 lecto
755 3261 876 3322 irritum
894 3280 900 3322 :
956 3259 1017 3330 cut,
1033 3259 1139 3315 tamen
1154 3253 1228 3313 alibi
1244 3257 1291 3314 est
1304 3269 1382 3332 opus
1400 3271 1457 3333 per
1477 3249 1549 3334 1209.
1564 3255 1603 3316 16
1627 3252 1744 3316 Caesel.

99 3349 166 3410 -scd
179 3351 295 3412 melius
310 3350 528 3413 contradicunt
541 3353 681 3429 Castrop.
698 3352 759 3430 54,
780 3369 810 3411 a,
825 3354 855 3428 Ἰ,
873 3354 903 3412 et
956 3341 1014 3402 sub
1029 3359 1123 3420 poena
1138 3340 1298 3418 nullitatis,
1315 3345 1350 3401 ut
1368 3347 1514 3403 narretur
1535 3360 1615 3402 uirus
1636 3342 1747 3404 saltem

114 3438 194 3498 Luca
206 3457 237 3501 n.
256 3441 306 3515 16,
318 3456 391 3500 narn
406 3438 465 3499 hcc
480 3438 679 3519 nonattingit
691 3441 835 3515 sormam,
847 3439 903 3500 sed
955 3428 1079 3507 modus,
1096 3445 1157 3509 quo
1173 3435 1279 3508 vacat,
1295 3430 1404 3506 Barb,
1420 3433 1516 3507 Lctt,
1534 3431 1617 3490 Rosa
1630 3429 1696 3519 cap.
1713 3431 1743 3506 5,

113 3529 231 3588 tautum
245 3528 396 3607 reprobat
410 3527 554 3606 abusum,
567 3534 682 3592 etcum
695 3529 848 3609 ejusmodi
862 3529 903 3590 si·
955 3537 974 3582 a
1003 3539 1033 3580 n·
1061 3521 1099 3579 36
1126 3525 1154 3578 et
1180 3535 1245 3598 cap·
1266 3521 1297 3595 6,
1326 3537 1398 3579 aa.
1430 3520 1497 3595 191,
1523 3517 1582 3580 nisi
1603 3516 1746 3579 contera-

113 3615 215 3676 monia
228 3617 329 3695 possit
342 3615 441 3697 sequi,
458 3636 521 3678 non
536 3617 630 3682 debet
645 3635 758 3680 necere
772 3617 826 3695 illi,
849 3615 901 3698 qui
954 3612 1008 3667 tul·
1037 3624 1073 3666 ex
1109 3605 1328 3684 devolutione,
1358 3603 1478 3684 lond,
1503 3605 1612 3682 Barh.‚
1645 3608 1742 3683 Lett,

110 3699 265 3780 judicatus
281 3711 328 3768 est
342 3705 476 3786 dignior.
955 3698 1047 3758 Leur.
1063 3715 1094 3777 q.
1115 3698 1163 3772 10,
1180 3700 1212 3757 ει
1235 3696 1360 3776 quando
1379 3705 1422 3756 ex
1445 3695 1665 3772 devolutione,
1683 3713 1745 3756 non

151 3793 207 3865 Qui
231 3795 324 3873 plum
347 3795 431 3856 volet
450 3795 534 3856 oisc&
555 3792 784 3856 examinamreg
807 3811 903 3872 gyno.
954 3781 1199 3863 potestintelligi
1215 3784 1349 3860 vacatio,
1367 3782 1440 3846 licet
1464 3784 1496 3842 in
1512 3781 1673 3861 Rescripta
1689 3780 1746 3842 ad—

115 3869 677 3956 dees‚1egetcerb.,an.3recer,
697 3875 772 3936 item
792 3876 899 3951 Lean,
956 3870 1072 3932 datur:
1096 3870 1166 3932 Siue
1191 3879 1272 3932 vacet
1288 3865 1454 3952 praemisso,
1478 3871 1540 3932 siue
1562 3869 1663 3952 quovis
1684 3869 1745 3931 clio

115 3977 142 4039 q·
160 3965 347 4045 tecaseqq.
695 4013 703 4022 .
954 3957 1050 4028 modo,
1063 3961 1220 4022 Roseae.
1234 3963 1304 4036 339,
1317 3963 1426 4040 estque
1437 3959 1547 4020 saltem
1562 3957 1658 4020 tutius
1673 3975 1746 4018 uer-

151 4051 224 4124 Quea
238 4053 342 4116 torma
362 4052 518 4114 servanda
531 4053 571 4114 sit
593 4051 623 4112 in
647 4052 825 4131 provisione
847 4052 902 4113 be·
954 4067 1036 4125 rare,
1054 4067 1093 4109 an
1108 4054 1199 4109 vacet
1221 4048 1260 4110 de
1280 4047 1353 4129 jure
1376 4052 1510 4124 tentum,
1527 4065 1567 4108 en
1589 4046 1684 4108 etiam
1705 4044 1744 4107 de

116 4140 211 4202 cellcii
231 4142 421 4222 magistralis
442 4148 474 4204 et
494 4142 690 4214 doctrinalis;
716 4141 790 4204 item
805 4141 901 4202 bene·
954 4135 1048 4214 fecto,
1072 4137 1110 4198 dc
1133 4155 1194 4217 quo
1218 4136 1290 4198 vide
1314 4135 1448 4198 dicenda
1471 4156 1502 4198 a.
1529 4138 1587 4198 885
1613 4137 1644 4197 et
1663 4135 1746 4196 Rosa

114 4227 171 4288 ficii
193 4230 362 4311 simplicis,
381 4230 476 4293 hebet
494 4233 649 4310 (testrep,
672 4229 704 4291 d.
728 4233 757 4308 3,
779 4239 859 4312 port.
881 4233 899 4290 3
954 4242 1016 4284 aa.
1029 4226 1098 4286 313.
1110 4223 1199 4298 Quod
1213 4225 1238 4285 si
1254 4229 1398 4287 narretur
1412 4241 1524 4286 uacare
1539 4242 1597 4303 per
1610 4219 1741 4300 obitum,

115 4320 139 4374 et
152 4319 180 4378 1.
954 4330 1027 4373 cum
1040 4318 1144 4374 tamen
1161 4318 1250 4376 vacet
1264 4332 1321 4393 per
1335 4313 1591 4393 resignationem,
1607 4307 1657 4373 uel
1671 4327 1744 4371 con-

58 4407 105 4456 te.
154 4405 258 4480 Queat.
276 4411 379 4471 33-
395 4407 473 4484 Ouid
485 4406 630 4489 spondam
648 4405 760 4474 attilii,
777 4407 830 4488 qni
841 4407 900 4468 Be·
953 4405 1013 4478 tra,
1037 4403 1233 4482 Rescriptum
1257 4401 1352 4466 etiem
1374 4391 1611 4482 mctu⁸propric
1635 4399 1745 4462 datum

102 4493 247 4573 aeficium
266 4515 373 4560 accone
396 4497 459 4560 cult
476 4496 625 4558 obticere?
639 4497 760 4575 Resp.§
775 4499 803 4558 1.
821 4499 900 4558 Nar·
952 4488 1091 4568 Vitiatur,
1119 4509 1182 4573 cap·
1210 4490 1392 4574 Suseeptum,
1417 4490 1453 4552 de
1474 4489 1619 4571 aesempt.
1646 4488 1677 4549 in
1704 4490 1740 4561 8;

115 4595 181 4642 rere
195 4584 290 4648 debet
303 4605 336 4648 sc
355 4605 422 4648 esse
443 4585 608 4662 clericum,
624 4585 761 4664 legitime
777 4591 897 4662 netum,
952 4579 1064 4658 Felin,
1091 4581 1191 4660 Syia,
1207 4579 1365 4657 Menoeis,
1388 4583 1495 4657 Auen,
1521 4581 1619 4642 Gesta
1634 4597 1667 4660 p.
1691 4580 1742 4656 31,

116 4684 178 4731 csse
204 4673 371 4751 idoneum,
403 4674 519 4738 habere
552 4679 695 4751 aetatem,
723 4690 787 4756 cap.
824 4673 898 4736 Cum
951 4669 1013 4747 54,
1029 4688 1059 4731 e.
1076 4672 1134 4744 33;
1151 4672 1308 4732 Rosaoa.
1324 4672 1393 4732 333.
1412 4669 1443 4733 Si
1459 4670 1743 4730 temeunarretum

114 4754 191 4827 odeo,
210 4759 254 4822 De
277 4761 442 4843 Recepto,
460 4765 542 4823 Rosa
555 4761 591 4823 de
603 4780 693 4823 essee.
711 4761 771 4823 litt.
792 4762 895 4842 Apcal.
952 4760 1034 4818 esset
1052 4756 1240 4836 dubitative,
1263 4777 1293 4822 v.
1319 4777 1351 4838 g.
1369 4776 1427 4838 per
1448 4755 1574 4826 Forsan,
1598 4764 1629 4817 ut
1646 4753 1743 4815 credi-

115 4861 144 4922 ρ.
161 4850 189 4924 1,
203 4868 266 4932 cap.
283 4855 313 4926 6,
331 4870 394 4914 aa.
415 4854 484 4912 315.
502 4854 648 4913 Attamen
663 4869 726 4912 non
741 4851 830 4913 obest
843 4869 898 4912 va·
951 4854 1011 4916 tur,
1035 4847 1113 4908 sicut
1131 4857 1266 4930 putatur,
1289 4856 1382 4930 prout
1401 4847 1549 4914 αεεενὶιιιν,
1575 4863 1638 4906 acu
1662 4847 1744 4906 essct
1789 4839 1790 4844 ’

116 4929 170 4992 lori
182 4936 206 4996 si
219 4955 366 5018 expressa
377 4939 489 5000 herum
502 4938 619 5000 mentio
631 4938 806 5012 amiticiam
824 4936 898 5017 quie
952 4951 1030 5013 opus
1058 4935 1265 4998 determinate
1292 4935 1447 4998 verificari
1476 4936 1570 4996 telem
1598 4932 1738 5006 medum,

117 5015 152 5077 de
163 5019 229 5100 jure
245 5026 311 5105 ipse
326 5031 545 5106 supponuntur
559 5026 591 5086 in
605 5031 730 5105 petente
749 5031 781 5087 et
796 5027 898 5088 veriti·
951 5040 1023 5083 cum
1049 5041 1111 5084 non
1135 5029 1308 5097 asseretur;
1326 5025 1420 5086 chz.
1438 5022 1480 5086 ad
1500 5021 1572 5103 Req.
1589 5025 1619 5098 8,
1648 5017 1739 5082 Coae.

117 5109 176 5168 ceri
190 5111 304 5176 debent
317 5115 645 5194 apud'Exsecutcrem,
662 5117 768 5190 Azan,
782 5116 894 5194 Gastn,
949 5110 1036 5189 piosa.
1059 5113 1109 5188 33,
1125 5132 1144 5174 a
1161 5133 1191 5174 n.
1205 5115 1254 5189 13,
1272 5111 1353 5173 unde
1369 5111 1495 5190 expedit
1507 5127 1624 5189 ponere
1640 5127 1646 5167 :
1666 5105 1740 5168 Com

118 5201 199 5261 acet.
216 5205 262 5279 13,
279 5201 310 5265 d.
326 5209 356 5282 3,
370 5223 401 5284 p.
414 5206 465 5280 31,
480 5204 498 5282 §
511 5207 541 5280 1,
557 5223 588 5264 η.
604 5207 634 5265 3.
950 5205 1031 5258 vacet
1045 5196 1099 5259 lucc
1110 5198 1206 5268 modo,
1222 5201 1268 5262 vet
1282 5218 1456 5282 quocunqne
1468 5197 1542 5265 clio,
1560 5195 1634 5277 quia
1648 5195 1680 5254 in
1695 5195 1741 5255 al-

63 5293 96 5350 tu
153 5283 210 5363 §2
225 5291 362 5370 Exprimi
378 5293 472 5354 debet
486 5291 619 5372 qualitas
638 5289 782 5352 beneficii
796 5291 896 5371 impe·
949 5287 1111 5349 temativis
1124 5287 1240 5350 sufficit
1252 5287 1406 5350 reritleari
1423 5304 1529 5348 unum.
1551 5283 1631 5346 vide
1645 5284 1737 5344 Leur.

118 5375 223 5455 baadi,
243 5379 364 5440 etiamsi
385 5379 481 5443 detur
502 5377 689 5459 rescriptum
711 5383 798 5439 motu
821 5396 896 5457 pro·
948 5395 979 5456 q.
990 5377 1038 5436 13.
1055 5377 1121 5439 lma
1136 5376 1280 5439 Menoch.
1293 5380 1325 5438 ct
1338 5379 1479 5454 Gestrep.
1497 5373 1616 5450 dicunt,
1629 5369 1655 5444 si
1670 5369 1739 5432 nul-

120 5459 191 5541 prio,
202 5467 321 5547 Rosea
334 5489 364 5532 a.
377 5473 445 5547 133,
458 5487 498 5531 an
514 5485 627 5547 nempe
637 5467 677 5530 sit
690 5472 892 5573 perpetuum3
947 5462 1014 5524 lum
1041 5465 1212 5527 uacationis
1239 5465 1368 5528 modum
1396 5463 1569 5544 exprimas,
1603 5459 1738 5540 gretiam

208 5573 242 5642 Τ.
258 5576 295 5646 ΙΙ,
1577 5569 1617 5636 36
