3998 6344
756 593 807 657 DE
829 592 1029 657 CENSlBUS.

88 777 147 842 nale
161 797 219 840 non
231 775 346 840 transit
359 775 400 839 ad
415 777 574 840 haeredem
590 798 597 840 :
615 797 689 860 ergo
705 797 776 840 cnm
793 785 865 841 ante

88 869 239 930 terminum
255 871 378 948 Regum
403 872 476 929 lior
493 887 555 930 non
575 869 614 929 sit
637 869 785 947 obligatio
806 870 866 929 sol-

88 957 177 1032 rcndi,
193 961 223 1017 et
236 974 374 1034 persona
396 955 466 1017 Titii
481 960 548 1017 tum
570 956 704 1035 amp'ius
726 956 864 1029 nonsit,

93 1063 172 1104 nemo
191 1051 257 1104 tum
278 1047 326 1104 est
349 1043 399 1104 cui
421 1044 529 1122 pensio
551 1043 728 1105 deberetur.
759 1047 787 1104 2.
812 1045 869 1104 llic

91 1131 292 1211 pensionarius
320 1137 367 1194 cst
388 1132 483 1194 veluti
502 1133 772 1210 usufructuariuS,
803 1133 867 1211 qui,

89 1220 247 1280 secundum
271 1239 471 1280 communem
493 1221 643 1296 omnium,
667 1221 783 1300 gaudet
797 1221 871 1281 solis

94 1307 232 1369 [ructibus
255 1313 327 1368 actu
343 1308 498 1386 perceptis
524 1327 578 1368 seu
603 1308 749 1370 collectis,
772 1311 801 1368 3.
818 1309 872 1368 Est

90 1393 181 1471 praxis
193 1395 330 1472 plurium
346 1396 487 1458 locorum
502 1399 536 1457 ut
551 1395 665 1474 nequid
681 1416 788 1476 ompro
803 1402 872 1458 rata

93 1483 226 1560 temporis
239 1485 380 1544 solvatur
396 1483 450 1544 tali
464 1484 592 1544 haeredi.

124 1570 275 1652 Propertc
299 1569 533 1652 offirmoaleost
558 1591 564 1632 :
592 1575 620 1634 l.
647 1572 735 1644 Quod
760 1589 872 1632 census

19 1707 20 1710 ,
96 1657 231 1719 vitalitius
245 1659 286 1721 sit
300 1661 340 1720 ad
355 1661 505 1722 alimenta
516 1665 547 1722 et
561 1661 601 1720 ad
614 1661 872 1722 sustentationem

91 1747 163 1824 rita,
184 1766 256 1808 nam
280 1749 438 1811 collocans
453 1750 520 1810 vult
533 1750 639 1808 vivere
656 1749 816 1828 pensione,
833 1767 871 1808 ne

91 1835 186 1896 rirens
217 1837 364 1916 capitali,
403 1839 530 1900 tandem
565 1843 749 1900 consumat:
795 1855 872 1915 ergo

91 1941 202 2002 equum
218 1931 265 1984 cst
279 1930 313 1986 ut
327 1925 438 2004 pensio
459 1931 564 1987 currat
579 1944 650 1986 cum
672 1925 872 2004 proportione

92 2017 117 2071 el
128 2017 263 2090 respectu
284 2014 437 2074 advitam
453 2032 522 2094 qum
537 2015 704 2074 sustentari
720 2013 825 2090 debet,
841 2019 872 2073 et

19 2151 21 2178 ,
94 2105 305 2162 sustentatura
319 2101 369 2162 die
385 2102 542 2163 constituti
564 2121 694 2175 census;
711 2101 784 2162 bino
799 2103 871 2162 blol.

92 2197 109 2246 t.
124 2191 150 2264 3,
164 2188 193 2265 d,
209 2191 278 2266 636,
294 2209 324 2250 a.
341 2193 371 2265 8,
397 2194 479 2250 rccte
496 2193 526 2250 et
541 2189 757 2250 universaliter
772 2188 849 2248 dixit
865 2207 871 2247 :

19 2287 20 2300 ¹
95 2277 188 2336 Priario
214 2277 245 2336 in
273 2277 413 2338 alimento
437 2277 682 2359 prasionorr'oesl
705 2277 872 2358 assr'paoto,

19 2411 20 2416 ι
93 2383 171 2445 enque
195 2365 229 2427 de
250 2387 337 2427 causo
363 2386 419 2447 pro
440 2375 505 2428 rota
534 2367 690 2448 temporib,
715 2385 773 2447 quo
794 2365 875 2425 vire-

94 2455 147 2521 rit,·
164 2463 202 2513 cst
226 2475 259 2516 ec
273 2454 315 2516 od
335 2455 433 2517 coclear
453 2456 594 2516 olinaento
617 2455 764 2516 soluendo.
788 2458 818 2514 2.
843 2454 875 2516 Si

19 2603 20 2610 ,
94 2541 179 2602 'litias
189 2545 277 2604 Festo
290 2543 436 2605 Omnium
456 2546 644 2606 Sanctorum
666 2543 874 2605 transtulisset

19 2653 20 2656 ¹
95 2629 120 2688 in
137 2630 240 2690 Caium
254 2630 307 2709 jus
322 2631 363 2691 ad
382 2631 579 2710 pensionem,
599 2631 794 2710 respondens
810 2650 874 2691 sarae

19 2749 20 2752 ¹
100 2718 173 2793 rita,
188 2719 288 2779 Titius
302 2719 411 2780 fuisset
426 2723 569 2798 respectu
593 2719 681 2780 istius
699 2719 779 2799 juris
794 2737 878 2778 mor-

19 2809 20 2876 Ϊ
99 2807 160 2864 tuus
173 2805 314 2882 civiliter,
332 2810 481 2866 ettamen
498 2809 587 2867 Festo
604 2808 726 2886 llogum
748 2806 879 2866 debere-

19 2937 20 2944 ι
97 2899 140 2953 tur
159 2893 199 2954 illi
214 2895 322 2972 pensio
337 2913 394 2973 pro
418 2899 487 2956 rota
506 2895 665 2975 temporis,
691 2893 734 2956 uti
758 2897 878 2955 certum

99 2985 138 3041 cst
152 3002 158 3042 :
173 3001 245 3060 ergo
266 2983 458 3044 etiamnunc
482 2985 615 3046 debetur
638 2984 711 3044 licet
735 2987 879 3045 mortuus

19 3071 20 3076 ’
98 3070 132 3132 sit
144 3071 330 3149 naturaliter,
351 3073 424 3152 quia
438 3073 470 3132 in
486 3073 533 3133 bis
549 3077 580 3134 ct
601 3076 745 3150 respectu
759 3076 878 3150 tempo-

19 3217 20 3242 ,
99 3159 135 3217 ris
152 3159 270 3220 decursi
285 3161 473 3240 aequivalent
488 3178 572 3223 mors
588 3160 686 3221 civilis
702 3167 733 3220 ct
752 3164 878 3221 natura-

19 3255 20 3268 *
101 3245 142 3322 lis,
156 3251 190 3307 ut
202 3251 284 3308 recte
302 3247 403 3308 innuit
417 3248 541 3311 Cardia.
566 3248 604 3309 dc
619 3251 703 3310 Luca
718 3247 752 3308 de
774 3247 878 3326 Renes.

19 3365 21 3410 3
101 3331 148 3393 dis.
172 3338 237 3412 100,
263 3356 294 3398 a.
325 3340 353 3397 l.
374 3339 403 3397 3.
431 3337 541 3398 Pensio
566 3336 697 3397 ritalitia
724 3336 820 3398 babet
847 3355 879 3396 se

19 3487 20 3490 ¹
101 3439 216 3499 prorsus
234 3425 278 3485 uti
304 3424 412 3503 pensio
436 3425 594 3505 assignata
617 3426 735 3487 Clerico
755 3444 811 3504 pro
828 3424 881 3485 ali-

19 3519 21 3564 ἕ
105 3510 207 3570 mentis
221 3514 251 3572 et
273 3512 498 3574 sustentatione
521 3513 605 3591 ritae,
626 3513 670 3574 uti
686 3519 769 3575 recte
790 3514 878 3575 Garz.

100 3605 178 3676 port.
202 3602 230 3675 t,
254 3617 320 3681 cop.
347 3603 376 3678 l,
400 3621 431 3662 a.
459 3604 526 3678 1⁶20,
553 3607 584 3663 et
606 3607 726 3663 certum
745 3602 878 3679 videtur,

19 3705 21 3744 r
105 3703 169 3745 nam
183 3692 311 3767 utraque
327 3695 374 3749 ost
392 3689 576 3768 personalis,
600 3694 648 3751 cst
668 3691 708 3751 ad
730 3693 881 3751 sustenta-

104 3772 219 3851 tionem,
239 3776 347 3837 linitur
361 3781 462 3839 morte
477 3777 679 3856 pensionarii,
697 3797 754 3839 ncc
774 3781 820 3838 est
830 3777 882 3858 jus

106 3861 139 3920 ad
153 3881 216 3922 eam
230 3863 286 3924 nisi
300 3883 382 3927 anno
398 3866 523 3944 elaps03
541 3866 628 3945 atqui
649 3866 757 3945 pensio
773 3866 882 3928 Clerici

108 3955 219 4012 mortuo
233 3952 431 4030 pensionario
448 3953 580 4014 debetur
594 3953 711 4014 harodi
735 3973 791 4032 pro
816 3958 884 4015 rata

19 4077 20 4080 ,
108 4039 241 4116 temporis
263 4039 398 4113 decursi,
420 4040 467 4102 uti
484 4045 592 4103 tenent
617 4041 763 4121 Albcrgb.
787 4042 880 4104 Gabr.

108 4122 191 4186 Zcob.
207 4129 330 4208 Peregr.
348 4134 496 4208 uterque,
520 4129 592 4191 blol.
618 4131 692 4191 Cor.
716 4149 780 4191 vor.
807 4128 871 4191 Iter.

19 4213 20 4262 3
109 4231 129 4273 c.
146 4218 301 4292 l5,a.133
324 4220 412 4280 Garz.
426 4237 532 4298 supra,
549 4219 684 4281 Tondut.
704 4221 785 4280 Lott.
805 4218 882 4280 Galli

109 4299 139 4360 dc
159 4301 251 4367 Contr.
271 4305 302 4368 d.
325 4309 375 4384 37,
400 4327 430 4369 a.
455 4311 485 4384 8,
512 4306 626 4388 aliique
654 4307 882 4382 communiter3

111 4408 186 4470 ergo.
200 4397 227 4455 l.
248 4397 379 4469 Quando
396 4395 477 4458 intra
490 4416 608 4460 annum
623 4397 787 4459 redimitur
803 4397 887 4458 ordi-

111 4479 203 4542 narius
222 4501 352 4561 census,
372 4483 438 4546 sive
458 4486 568 4564 realis,
593 4485 657 4546 sire
690 4485 885 4565 personalis,

112 4564 194 4629 dcbet
203 4573 277 4633 solvi
292 4573 401 4652 pensio
426 4593 482 4654 pro
498 4577 566 4636 rata
579 4575 729 4653 temporis
751 4573 884 4652 decursi,

112 4656 142 4713 ut
153 4653 239 4719 babet
251 4659 427 4721 communis
443 4679 515 4722 oum
530 4655 671 4739 Castrop.
689 4669 729 4722 tr.
746 4663 795 4736 32,
811 4658 840 4720 d.
854 4665 886 4738 6,

111 4759 137 4820 p.
152 4745 194 4821 37,
208 4747 263 4824 54,
279 4753 310 4809 et
324 4751 427 4810 Haun.
444 4758 514 4811 tom.
529 4753 559 4826 t,
576 4749 611 4810 de
625 4757 778 4810 contractu
792 4767 890 4809 census

114 4846 140 4889 n.
150 4833 210 4910 363,
222 4837 341 4898 etiamsi
353 4856 513 4918 nonquam
528 4838 568 4899 sit
582 4837 730 4917 obligatio
746 4836 888 4898 solvendi

115 4917 217 5014 aliquid
230 4930 300 4984 ante
315 4943 435 4986 annam
449 4925 611 4987 evolutum
628 4944 635 4998 ;
659 4943 733 5004 ergo
749 4924 890 4984 similiter

117 5019 138 5062 sr
150 5005 222 5069 intra
235 5029 351 5071 annum
366 5011 491 5074 desinat
505 5030 616 5073 ccnsus
633 5011 792 5073 vitalitius
809 5015 838 5073 5.
856 5011 888 5073 Si

119 5098 255 5160 censuista
277 5100 454 5161 ordinarius
477 5099 630 5162 moriatur
653 5099 735 5163 intra
758 5118 887 5178 annum,

119 5179 233 5244 debetur
241 5185 357 5247 haeredi
373 5205 484 5250 census
497 5206 554 5266 pro
569 5191 639 5249 rata
651 5188 801 5266 temporis
813 5206 890 5266 prae·

121 5266 191 5362 teriti
205 5291 211 5330 :
227 5291 299 5353 ergo
315 5275 438 5336 etiamsi
451 5275 606 5338 moriatur
621 5277 776 5338 censuista
789 5276 892 5338 vitali-

120 5353 188 5423 1108:
202 5377 270 5422 uam
284 5361 352 5424 boec
366 5367 489 5425 tantum
499 5367 546 5426 est
559 5363 735 5425 dillercntia
745 5363 825 5425 inter
834 5363 891 5426 hos

123 5457 231 5538 census,
248 5452 330 5530 quod
349 5451 438 5532 prior
459 5452 534 5515 velit
547 5470 603 5514 suo
626 5451 744 5514 heredi
764 5470 893 5514 manere

122 5534 211 5609 Jusad
231 5537 373 5620 capitale,
397 5541 550 5620 posterior
571 5543 675 5604 autom
698 5539 773 5600 velit
786 5557 893 5601 secum

1657 589 1715 648 333

928 777 1024 840 emori
1050 777 1201 858 capitale,
1229 777 1312 858 quod
1336 779 1382 838 ost
1406 775 1435 836 in
1461 776 1599 836 faronem
1624 774 1716 854 liujus

930 866 1081 927 censuarii
1096 885 1102 940 ;
1117 885 1191 943 ergo
1203 865 1253 927 bic
1264 864 1420 925 consuista
1429 882 1490 925 non
1502 862 1595 924 debet
1607 863 1718 924 saltem

926 955 1030 1034 quoad
1049 955 1231 1033 pensionem
1257 972 1324 1014 cssc
1346 951 1509 1012 deterioris
1533 950 1719 1011 conditionis

926 1062 1021 1122 quam
1038 1044 1132 1121 prior.
1151 1042 1306 1104 liotioacm
1323 1041 1531 1101 universalem
1547 1039 1719 1099 omniuma

925 1130 1019 1210 priori
1035 1130 1111 1191 dant
1128 1129 1262 1210 Costrop.
1280 1138 1308 1190 et
1321 1128 1421 1188 Horra.
1440 1146 1547 1205 supra,
1563 1125 1637 1205 quia
1653 1142 1719 1184 om-

925 1219 972 1279 nis
987 1219 1274 1280 censuariusdebet
1295 1217 1477 1296 pensionem
1499 1215 1538 1276 ob
1563 1215 1720 1275 interusu-

925 1307 1006 1367 rium
1021 1307 1160 1385 pecunie
1176 1328 1193 1367 a
1208 1307 1363 1366 consuista
1376 1305 1402 1364 ci
1419 1303 1541 1365 traditae
1561 1323 1567 1364 :
1585 1303 1641 1362 sed
1655 1301 1718 1362 hoc

926 1394 1149 1456 interusurium
1164 1395 1272 1473 incipit
1295 1413 1314 1454 a
1337 1393 1386 1454 die
1410 1392 1568 1454 constituti
1592 1409 1717 1465 censuS,

927 1487 957 1544 ot
984 1483 1133 1544 dividitur
1159 1503 1215 1562 pro
1244 1482 1396 1543 divisione
1421 1481 1589 1560 temporis3
1615 1482 1720 1560 potest

927 1572 1010 1631 enim
1038 1573 1121 1632 solus
1150 1571 1332 1632 censuarius
1353 1570 1393 1630 ab
1417 1569 1503 1630 initio
1527 1568 1581 1644 uti,
1609 1575 1639 1629 ct
1661 1587 1719 1648 pcr

926 1665 1027 1721 totum
1048 1661 1215 1721 decursum
1238 1659 1388 1738 temporis
1406 1659 1522 1719 lucrari
1544 1657 1603 1718 illis
1623 1676 1719 1738 pecu-

929 1750 988 1810 niis
1005 1769 1013 1822 ;
1031 1755 1077 1809 cst
1091 1755 1195 1809 autom
1211 1749 1364 1828 iniquum,
1389 1752 1422 1807 ut
1441 1765 1479 1806 ex
1500 1767 1534 1807 rc
1556 1746 1720 1807 censuistae

934 1836 1067 1897 ditescat
1095 1855 1165 1896 cum
1191 1835 1283 1916 hujus
1304 1835 1440 1916 jactura,
1464 1835 1538 1914 quia
1551 1834 1724 1916 locupletari

936 1944 993 1984 aon
1008 1925 1086 1985 dedet
1098 1925 1207 2005 aliquis
1221 1944 1285 1985 corn
1305 1925 1429 1984 ulterius
1437 1924 1575 2006 jactura,
1593 1927 1669 2001 [teg.
1684 1925 1723 1984 48

930 2016 946 2076 J
952 2014 1015 2073 nris
1031 2013 1060 2073 in
1076 2017 1105 2074 6.
1122 2016 1160 2075 Et
1175 2013 1196 2074 l.
1215 2013 1300 2092 loss.
1317 2012 1452 2074 mandati
1471 2012 1609 2074 dicitur:
1634 2013 1724 2072 Boaoe

933 2102 1003 2182 fider
1018 2102 1070 2163 ltoc
1084 2103 1225 2179 conc-enit,
1241 2123 1276 2162 ae
1290 2102 1432 2164 draitona
1449 2103 1563 2162 lucrum
1582 2101 1687 2163 sentiat
1713 2120 1723 2161 ι

929 2211 1003 2269 ergo
1020 2191 1185 2252 dicendum
1215 2197 1261 2253 cst
1284 2192 1368 2270 quod
1386 2190 1492 2270 pensio
1509 2191 1624 2252 babeat
1639 2208 1724 2250 eam-

934 2280 1005 2340 dem
1033 2280 1219 2342 dirisioncm
1246 2279 1396 2358 temporis
1422 2299 1428 2340 :
1458 2298 1532 2358 crgo
1576 2277 1672 2340 currit
1693 2281 1724 2340 ct

930 2369 1013 2430 cadit
1027 2369 1190 2430 censuistae
1201 2387 1272 2430 oum
1287 2370 1375 2448 lapsu
1391 2368 1553 2447 temporiS,
1572 2371 1604 2428 et
1618 2384 1724 2428 conse-

930 2463 1062 2538 quenter
1084 2457 1201 2520 haeredi
1217 2455 1287 2519 Titii
1308 2456 1475 2518 debebitur
1490 2475 1547 2534 pro
1564 2459 1633 2517 rata
1648 2459 1725 2517 tem-

931 2546 1030 2625 poris.

973 2636 1046 2696 llaec
1066 2633 1205 2696 secunda
1227 2634 1382 2695 sententia
1404 2631 1528 2694 videtur
1550 2633 1669 2715 aequior
1695 2636 1727 2695 et

932 2721 1136 2801 probabilior,
1171 2741 1227 2784 noc
1248 2722 1384 2784 rationes
1406 2721 1556 2800 oppositae
1577 2725 1690 2802 urgent
1714 2739 1722 2795 ;

933 2828 1007 2870 nam
1016 2810 1120 2889 prime
1134 2811 1296 2871 manifeste
1311 2815 1511 2889 rctorquetur
1525 2809 1556 2868 in
1573 2809 1722 2888 pensione

934 2897 1041 2959 Clerici
1056 2897 1182 2965 mortui,
1200 2917 1269 2978 qua
1284 2897 1378 2959 ctiam
1393 2896 1568 2976 personalis
1583 2901 1639 2973 est,
1665 2901 1724 2958 etc.

939 2989 970 3044 et
1000 2987 1104 3044 tamen
1132 3002 1188 3062 pro
1222 2988 1290 3045 rata
1321 2983 1471 3062 temporis
1505 2984 1655 3044 solvenda
1682 2987 1729 3044 ost

938 3071 1067 3132 haeredi.
1085 3074 1193 3150 ltaque
1210 3072 1279 3132 dico
1294 3089 1365 3131 cum
1381 3073 1520 3150 Castrop.
1537 3076 1569 3133 et
1592 3071 1726 3132 llaunol.

938 3159 1024 3236 Quod
1038 3178 1075 3220 er
1085 3161 1267 3221 concentione
1277 3160 1411 3241 portium
1424 3160 1529 3221 solutio
1539 3161 1663 3221 actualis
1672 3179 1730 3218 noa

935 3249 1073 3310 detentor
1085 3257 1152 3309 cate
1165 3247 1253 3330 finem
1268 3249 1348 3324 uani,
1365 3267 1467 3310 reuera
1487 3257 1584 3309 tuanen
1599 3247 1727 3308 ‹tebr'tum

933 3336 1064 3398 solvendi
1078 3338 1262 3398 contrabitur
1275 3336 1427 3397 secundum
1449 3337 1560 3417 lapsum
1582 3336 1727 3416 temporis.

937 3425 987 3488 Ad
1002 3430 1031 3486 r.
1055 3428 1140 3504 Nego
1156 3425 1272 3485 babere
1290 3444 1322 3486 se
1339 3427 1426 3486 velut
1447 3424 1727 3501 usufructuarium,

935 3519 1003 3577 tum
1018 3513 1092 3594 quia
1106 3513 1242 3592 alioquin
1258 3512 1359 3574 haeres
1374 3511 1563 3592 pensionarii
1578 3530 1640 3572 non
1654 3530 1730 3592 gau-

938 3603 1026 3665 deret
1040 3602 1201 3680 pensione,
1219 3601 1386 3682 nequidem
1397 3601 1492 3663 totius
1507 3600 1580 3662 anni
1592 3600 1728 3677 decursi,

936 3692 961 3753 si
977 3691 1194 3771 pensionarius
1218 3709 1288 3750 cam
1311 3694 1383 3751 ante
1405 3695 1538 3751 mortem
1553 3707 1642 3749 suam
1667 3706 1730 3749 nou

937 3780 1128 3860 percepisset
1141 3779 1190 3840 vel
1202 3779 1355 3859 exegisset
1372 3798 1378 3840 :
1405 3782 1471 3840 tum
1496 3777 1631 3838 maxime
1658 3777 1732 3856 quia

936 3869 1003 3948 ipsc
1020 3887 1080 3929 non
1098 3867 1196 3930 utitur
1211 3867 1344 3947 pecunia
1365 3867 1478 3943 aliena,
1498 3871 1528 3927 et
1540 3865 1612 3927 licet
1630 3871 1733 3925 utere-

937 3959 1000 4032 tur,
1027 3955 1059 4015 id
1085 3975 1145 4017 non
1169 3957 1259 4016 lieret
1280 3954 1363 4018 sulco
1383 3955 1517 4036 pecuniae
1538 3953 1701 4014 substantio
1723 3971 1732 4012 .·

939 4061 1015 4123 ergo
1031 4063 1092 4104 non
1108 4049 1154 4105 est
1168 4044 1431 4117 usufructuarium
1457 4042 1519 4104 imo
1543 4043 1574 4102 in
1596 4041 1730 4122 pecunia

941 4133 951 4212 (
967 4151 1022 4213 per
1034 4153 1066 4194 so
1082 4132 1256 4212 loquendo)
1277 4133 1421 4195 constitui
1437 4151 1498 4193 non
1513 4136 1617 4211 potest
1644 4149 1735 4192 usus-

942 4223 1072 4298 fructus,
1102 4241 1172 4282 cum
1202 4222 1338 4301 pecunia
1361 4221 1408 4282 sui
1432 4239 1490 4281 usu
1519 4223 1732 4296 consumatur,

939 4312 1025 4371 Lcss.
1044 4309 1065 4371 l.
1082 4313 1113 4387 2,
1130 4330 1155 4370 c.
1175 4313 1204 4387 3,
1222 4331 1253 4372 n.
1272 4314 1319 4383 rr;
1336 4313 1445 4388 Laym.
1464 4307 1487 4386 l,
1503 4313 1533 4384 3,
1553 4317 1575 4370 t.
1601 4313 1628 4386 l,
1652 4328 1676 4368 c.
1702 4311 1732 4384 o,

941 4418 971 4459 a.
988 4402 1006 4459 2
1021 4398 1062 4458 ad
1081 4401 1110 4459 3.
1132 4398 1288 4459 Abstrabo
1316 4398 1356 4458 ab
1390 4396 1452 4458 alia
1467 4397 1598 4458 fortasse
1621 4395 1734 4456 alicubi

943 4485 1179 4563 consuetudine,
1194 4505 1250 4548 nec
1265 4486 1388 4564 inquiro
1403 4505 1443 4546 an
1458 4485 1525 4546 haeo
1540 4485 1580 4546 sit
1588 4484 1673 4565 justa
1686 4484 1736 4544 rel

942 4573 1069 4653 injusta,
1086 4573 1140 4634 sed
1156 4577 1277 4634 tantum
1297 4572 1431 4650 resolvo,
1448 4573 1523 4653 qnid
1538 4573 1652 4634 debeat
1665 4571 1732 4632 sieri

943 4666 1082 4740 spectato
1094 4661 1166 4742 jure
1181 4661 1339 4722 communi
1364 4665 1396 4722 ct
1424 4667 1536 4723 natura
1551 4661 1644 4741 liujus
1665 4679 1737 4721 con-

943 4754 1060 4810 tractus
1076 4769 1084 4823 ;
1101 4749 1126 4808 si
1143 4749 1225 4808 cnim
1249 4748 1317 4828 quis
1333 4749 1412 4810 sciat
1426 4749 1519 4810 aliam
1534 4767 1601 4809 esse
1616 4747 1737 4828 praxim

943 4835 1068 4910 alicubi,
1086 4842 1116 4896 et
1140 4835 1343 4898 nibilominus
1358 4839 1411 4899 det
1432 4838 1472 4898 ad
1495 4855 1623 4898 censum
1638 4836 1737 4898 ritali-

943 4925 1032 4996 tium,
1048 4925 1186 5004 resignat
1200 4945 1256 4987 suo
1267 4925 1331 5006 juri
1349 4946 1356 5000 ;
1383 4927 1422 4987 de
1433 4931 1536 4988 cetero
1557 4924 1650 4987 ctiam
1666 4927 1739 4986 sunt

946 5013 998 5093 qui
1030 5012 1222 5073 contrarium
1256 5013 1451 5093 practicant,
1491 5015 1522 5074 et
1555 5013 1737 5091 interrogati

942 5099 1157 5182 jurisconsulti
1186 5101 1216 5160 in
1245 5102 1378 5164 llioeccsi
1400 5100 1638 5162 blonastericnsi
1654 5101 1738 5162 dixe·

945 5195 1019 5250 runt
1032 5187 1064 5250 id
1089 5189 1173 5268 quod
1194 5189 1273 5267 dini,
1291 5195 1322 5251 et
1345 5193 1500 5269 negarunt
1520 5208 1553 5250 se
1578 5189 1657 5250 sciro
1681 5188 1740 5249 ali·

947 5275 1022 5356 quid
1049 5276 1088 5336 dc
1104 5277 1262 5338 contraria
1277 5275 1511 5338 cousuetudine.
1537 5280 1644 5358 ltaque
1666 5295 1741 5338 con-

947 5364 1064 5424 sultum
1090 5369 1138 5426 est
1165 5369 1199 5426 ut
1221 5365 1297 5425 dum
1311 5366 1407 5427 initur
1430 5369 1620 5442 contractuS,
1637 5365 1741 5445 expri-

948 5457 1053 5514 matur
1067 5452 1141 5533 quid
1165 5455 1249 5515 circa
1271 5454 1331 5516 hoo
1349 5453 1416 5515 fieri
1446 5455 1559 5517 debeat
1573 5457 1643 5534 post
1657 5473 1745 5516 mun.

950 5545 1014 5602 tem
1028 5541 1203 5622 censuistae,
1220 5548 1254 5603 ut
1268 5543 1312 5605 sio
1327 5547 1492 5607 occuratur
1505 5543 1577 5606 huic
1591 5542 1698 5610 dubio.
