4032 6340
307 528 346 588 54
985 520 1037 582 on
1058 515 1274 581 HOMICIDIO.

309 711 367 773 nisi
382 709 554 792 fugientem
567 728 641 772 mox
656 710 909 790 persequeretur,
926 725 1018 787 posse
1033 724 1105 768 eum

308 800 465 880 persequi,
484 805 515 862 04
528 803 703 878 000004000,
721 802 874 878 quantum
889 795 1105 858 essetsatisad

308 887 523 948 defensionem
545 887 673 949 honoris
699 907 705 948 :
730 886 816 966 quod
846 888 957 964 Laym.
986 886 1102 946 Bonae.

308 979 394 1038 Less.
411 996 491 1037 0000.
509 979 547 1038 79
562 983 590 1036 04
603 978 657 1047 80;
674 973 794 1035 Filliuc.
811 976 903 1054 Ilugo
919 977 977 1034 040.
995 975 1107 1051 putant

308 1066 446 1144 practice
460 1065 512 1126 vin
529 1082 620 1144 posse
635 1063 701 1124 lleri
717 1062 783 1124 siue
795 1061 936 1123 vindicta
949 1082 955 1122 :
969 1061 1025 1123 etsi
1036 1078 1106 1138 spe-

263 1197 265 1200 ·
309 1153 443 1214 culative
458 1152 603 1214 videatur
617 1170 685 1213 esse
700 1150 873 1231 probabile,
903 1153 940 1213 v.
958 1150 1047 1212 Dian.
1071 1168 1103 1230 p.

310 1246 341 1320 4,
358 1249 397 1302 40.
416 1244 445 1319 4,
462 1239 528 1302 Bes.
547 1243 595 1302 45.
612 1240 762 1302 Concedit
775 1243 880 1300 tamen
905 1240 1004 1317 Lugo,
1030 1235 1103 1297 Mol.

310 1331 396 1390 Lesa.
412 1349 443 1389 0.
459 1331 509 1404 74,
526 1331 585 1390 040.
604 1346 676 1389 cum
690 1328 780 1388 Dian.
796 1346 828 1407 p.
840 1333 870 1404 8,
884 1336 924 1389 40.
936 1331 966 1403 7,
979 1324 1044 1386 1400.
1053 1327 1103 1400 47,

311 1417 405 1478 440000
420 1416 521 1478 furem
535 1416 707 1496 fugientem
730 1435 760 1477 v.
778 1435 809 1495 g.
836 1434 908 1477 cum
932 1432 1013 1494 equo
1036 1419 1103 1490 tuo,

312 1507 465 1567 conficere
480 1505 605 1567 40400004
621 1506 751 1586 sagitta;
769 1503 843 1584 quia
864 1504 985 1566 invasio
1001 1502 1106 1563 adhuc

312 1593 414 1655 durat.
431 1593 496 1654 lltsi
515 1611 590 1654 vero
615 1593 647 1654 id
671 1611 732 1654 non
755 1593 857 1663 liceat.
883 1595 1050 1674 postquam
1074 1590 1106 1651 iu

311 1685 401 1742 tuum
419 1700 452 1742 00
477 1681 606 1758 0000044,
623 1680 649 1741 04
668 1684 774 1743 tarncu
797 1699 854 1759 per
874 1679 1020 1743 JudIcem
1042 1695 1105 1738 non

313 1769 414 1847 possis
443 1787 629 1847 recuperare
652 1787 719 1831 rem
743 1773 840 1846 tuam,
870 1771 960 1847 potes
982 1765 1106 1845 ingredi

311 1857 427 1934 locum,
451 1857 504 1918 ubi
519 1857 573 1918 4440
587 1857 755 1934 detinetur,
772 1874 905 1937 eamque
929 1855 984 1917 tibi
1007 1851 1106 1914 viudi-

313 1964 385 2006 care
401 1949 443 2022 et,
460 1944 484 2004 si
501 1945 580 2005 altor
594 1944 624 2005 vi
639 1943 800 2023 impediat,
817 1944 880 2004 vim
895 1943 925 2004 vi
940 1941 1104 2021 repellere,

312 2034 446 2092 Tanner.
464 2032 548 2091 Less
566 2049 645 2092 num.
658 2033 715 2104 45;
732 2029 804 2092 Μο4.
822 2032 912 2091 Ηο04.
928 2030 1017 2089 Dian.
1026 2047 1061 2108 p.
1073 2030 1103 2104 5,

313 2127 352 2180 tr.
369 2121 401 2195 4,
418 2136 474 2178 000.
492 2119 530 2179 37
547 2125 575 2177 04
583 2135 618 2198 p.
635 2120 665 2195 8,
682 2126 721 2178 tr.
737 2122 767 2193 7,
784 2137 838 2178 000.
855 2121 905 2177 47.

352 2227 367 2264 u
393 2206 473 2266 VIII.
490 2203 538 2267 Ad
550 2205 763 2267 defensionem
778 2205 850 2266 vitae
865 2208 896 2266 et
918 2201 1107 2281 Integritatis

313 2293 540 2367 membrorum,
565 2291 639 2354 licet
660 2291 756 2354 etiam
779 2291 860 2368 filio,
895 2289 1043 2368 religioso
1077 2293 1109 2348 et

314 2381 450 2457 subdito,
466 2398 499 2441 se
515 2383 607 2460 40000,
626 2383 652 2440 04
667 2397 746 2458 0000
766 2380 816 2456 044,
842 2397 915 2440 cum
939 2376 1105 2453 occisione,

314 2471 423 2528 contra
433 2467 535 2546 ipsum
546 2469 722 2542 Parentum,
733 2467 899 2544 Abbatem,
912 2466 1105 2544 Principem:

314 2554 377 2616 nisi
389 2555 469 2617 forte
485 2559 614 2634 propter
627 2557 762 2617 mortem
778 2554 874 2636 hujus
893 2559 1039 2617 secutura
1063 2572 1108 2614 es-

315 2649 385 2704 sent
398 2643 490 2705 nimis
505 2663 623 2723 magna
636 2644 847 2722 incommoda,
871 2648 904 2707 ut
927 2643 1020 2720 bella,
1046 2648 1106 2704 040.

316 2731 403 2811 Sylv.
420 2733 497 2792 Bon.
509 2749 541 2811 p.
554 2735 584 2794 8.

354 2840 369 2877 0
395 2821 447 2880 IX.
464 2817 552 2881 Licet
567 2837 693 2900 000000
709 2818 853 2881 00044000
876 2837 960 2899 eum,
987 2820 1025 2881 de
1047 2840 1109 2901 000

315 2908 401 2968 00040
416 2908 553 2981 0000404,
570 2907 654 2987 quod
669 2907 708 2968 de
722 2908 804 2969 Iacto
819 2913 909 2986 paret
923 2907 1054 2994 insidias
1069 2911 1110 2970 ad

314 2997 449 3054 mortem
466 3013 473 3054 :
491 2997 526 3054 04
539 2992 564 3054 04
578 3012 658 3055 uxor
670 3011 700 3054 v.
717 3013 748 3073 g.
766 2994 891 3056 0040400
912 3003 1007 3057 noctu
1027 2995 1110 3057 occl-

315 3081 453 3144 dcudam
468 3081 631 3155 amarito;
648 3082 673 3142 si
690 3099 751 3142 uon
771 3085 874 3160 polest
896 3085 1045 3164 effugere,
1071 3083 1108 3144 li-

316 3175 366 3232 cet
380 3169 407 3230 04
421 3169 605 3248 preventa,
623 3171 701 3231 Nar.
718 3172 805 3232 Lesa
821 3189 905 3232 num.
920 3173 971 3249 45,
992 3179 1031 3234 40.
1058 3174 1106 3249 49,

316 3275 396 3317 num.
417 3257 466 3318 39.

354 3367 369 3404 u
396 3345 434 3405 X.
458 3343 538 3405 Hinc
561 3343 656 3406 etiam
671 3343 780 3408 dicuut
805 3345 867 3422 alii,
886 3348 920 3408 04
940 3345 1056 3409 Sanch.
1077 3351 1108 3424 4,

316 3435 395 3496 4400.
412 3452 438 3494 c.
462 3434 502 3495 39
525 3435 557 3494 04
572 3433 637 3509 0444,
661 3432 754 3495 440000
780 3433 922 3495 occidere
946 3453 1031 3513 eum,
1058 3436 1109 3516 qui

316 3521 401 3601 apud
410 3519 640 3584 tudiccmfalsa
647 3521 856 3598 accusatione,
870 3529 925 3583 aut
933 3524 1110 3585 testimonio

316 3615 376 3671 etc.
387 3609 418 3670 id
427 3608 502 3688 agit3
511 3607 595 3668 undo
609 3611 695 3670 00040
702 3609 757 3670 tibi
769 3614 902 3687 constat,
914 3611 998 3690 quod
1009 3611 1050 3672 sis
1059 3629 1111 3672 oc-

316 3696 478 3773 cidendus,
494 3696 544 3757 vol
554 3695 758 3772 mutilandus
773 3698 822 3758 vel
834 3698 929 3758 ctiam
941 3698 1044 3778 (quod
1059 3699 1111 3759 alii

316 3782 472 3846 difficilius
486 3783 679 3862 concedunt)
695 3783 869 3845 amissurus
883 3784 968 3847 bone
990 3791 1112 3867 tempo·

315 3872 406 3948 ralia,
423 3872 587 3948 honorem,
604 3875 664 3932 etc.
682 3872 755 3951 0040
771 3872 840 3934 haec
850 3891 912 3933 non
923 3873 1109 3954 estinvasio,

316 3959 372 4022 scd
383 3959 469 4040 justa
483 3957 633 4035 defensio,
651 3959 754 4037 posito
769 3959 854 4039 quod
869 3961 908 4021 de
923 3961 1050 4023 alterius
1064 3964 1112 4023 iu-

312 4046 398 4129 juria
412 4045 468 4107 tibi
483 4049 614 4123 constet,
632 4064 689 4106 noc
704 4047 745 4108 sit
759 4046 839 4108 alius
865 4047 1019 4111 evadendi
1044 4069 1113 4112 mo-

317 4135 387 4211 dus,
404 4137 489 4195 4000.
506 4151 535 4193 n.
550 4135 600 4194 47.
616 4134 736 4195 Tamen
751 4133 1112 4215 Filliuc.et1.aym.nou

317 4222 436 4284 audent
448 4219 481 4281 ld
496 4219 674 4291 defendere,
691 4225 822 4299 propter
845 4221 1021 4300 periculum
1044 4244 1114 4286 ma-

317 4327 452 4391 gnorum
473 4309 637 4370 ahusuum.
664 4309 742 4371 vide
764 4310 877 4372 140004).
903 4311 944 4373 Ε.
971 4317 1000 4390 7,
1024 4333 1050 4376 0.
1076 4320 1110 4388 8;

317 4397 450 4462 Ηο0400.
466 4399 553 4476 Lugo
567 4395 598 4458 d.
616 4399 665 4474 40,
680 4406 745 4474 0004,
762 4402 796 4473 7;
813 4397 904 4460 Dian.
919 4419 952 4480 p.
970 4404 1000 4480 8,
1019 4409 1058 4465 40.
1080 4407 1111 4482 7,

318 4507 374 4550 res.
391 4490 440 4548 54.

358 4597 373 4633 n
399 4575 451 4636 XI.
468 4571 735 4653 Quandocumque
750 4573 819 4652 0040
830 4573 921 4655 juxta
931 4577 1115 4655 supradicta

319 4664 416 4725 habal
438 4661 490 4744 jus
513 4661 609 4722 alium
632 4661 806 4738 occidendi,
836 4662 869 4723 id
894 4665 1114 4741 potestatium

320 4751 400 4812 alius
413 4768 470 4830 pro
486 4767 522 4810 00
537 4750 688 4827 praestare
705 4767 778 4809 cum
795 4749 825 4809 id
841 4751 975 4813 suadeat
984 4751 1111 4830 caritas,

321 4837 440 4900 Filliuc.
464 4837 563 4898 Tann.
582 4835 612 4896 d.
629 4838 658 4912 3,
679 4855 710 4916 0.
736 4839 773 4908 8;
799 4839 906 4899 lllolin.
933 4837 962 4900 d.
995 4843 1041 4902 48.
1065 4844 1114 4903 Au

321 4928 426 4987 autem
447 4927 478 4984 04
498 4923 624 5003 quando
639 4923 680 4984 ad
696 4924 755 4985 4000
769 4927 926 5004 40000400,
943 4925 1006 4989 vid.
1023 4930 1109 4990 Less.

322 5013 377 5076 tib.
393 5017 422 5090 4,
438 5032 463 5074 0.
480 5014 510 5088 9,
522 5011 551 5073 d.
570 5015 624 5087 {33
641 5012 730 5074 Dian.
742 5022 826 5094 0004.
842 5020 873 5092 5,
890 5024 928 5077 tr.
946 5020 977 5093 4,
1004 5035 1059 5078 res.
1082 5024 1112 5094 9,

323 5106 360 5166 44
375 5111 400 5164 04
415 5105 465 5163 ao.
742 5099 745 5108 ’

600 5287 826 5350 ADDlilNDll.

252 5466 292 5514 pu
360 5442 464 5520 Oucest.
483 5443 549 5508 479.
566 5475 606 5490 -
621 5427 701 5520 Quid
711 5441 868 5506 notandum
891 5442 931 5505 sit
951 5445 1030 5506 circu
1051 5446 1109 5508 uti-

1162 722 1235 788 0000
1246 700 1465 786 propositiones
1479 698 1525 760 440
1539 697 1762 761 4000040040.
1774 699 1860 760 Inter
1872 697 1945 759 dem-

1161 795 1251 853 natas
1266 790 1306 852 ab
1322 791 1410 852 Alex.
1427 789 1493 864 IIII,
1516 791 1588 848 sunt
1604 806 1611 847 ε
1630 790 1678 862 47,
1703 786 1759 847 Est
1772 784 1884 846 licitum
1899 785 1946 848 Ite·

1163 879 1277 961 4404000,
1295 878 1342 939 004
1363 876 1492 943 6400400,
1512 873 1753 936 calumniatorem
1773 874 1880 955 procia
1898 875 1946 935 crt-

1160 968 1248 1027 miua
1263 966 1298 1027 de
1311 983 1350 1044 00,
1366 965 1414 1026 004
1426 963 1460 1024 de
1473 981 1525 1023 000
1539 962 1942 1045 440440400000000000004000

1161 1064 1218 1116 tem
1241 1052 1381 1130 occidere,
1410 1051 1527 1134 quondo
1555 1051 1633 1112 04400
1659 1051 1760 1113 modus
1783 1049 1947 1132 defendendi

1159 1163 1217 1202 000
1239 1141 1381 1222 suppetit,
1406 1140 1455 1200 uti
1476 1148 1624 1220 0000004000
1646 1159 1705 1200 non
1724 1139 1853 1215 uidetur,
1867 1139 1892 1199 04
1902 1157 1941 1199 00-

1160 1231 1320 1292 4000040400
1332 1231 1502 1310 0440000400
1516 1230 1563 1290 004
1583 1229 1640 1311 ipsi
1657 1228 1808 1309 4404404000
1831 1227 1875 1289 004
1894 1227 1946 1308 eju

1157 1319 1311 1401 Religioni
1319 1317 1445 1398 publice,
1462 1326 1490 1378 04
1506 1317 1791 1398 0000000000οίοηἱο
1802 1315 1945 1396 04040000-

1160 1408 1241 1470 dictu
1256 1407 1425 1488 impingere,
1441 1405 1501 1466 0404
1515 1404 1677 1466 occidatur.
1695 1408 1744 1482 l8,
1761 1403 1850 1466 Licet
1872 1404 1948 1466 40400

1159 1495 1247 1578 ficere
1261 1495 1370 1576 0040000
1385 1502 1591 1561 accusatorem,
1606 1493 1697 1573 salsos
1711 1501 1803 1570 400400,
1820 1512 1856 1555 00
1869 1493 1946 1554 etium

1159 1585 1308 1652 4000440000,
1324 1603 1343 1643 0
1357 1602 1414 1666 000
1428 1583 1532 1664 iniquo
1549 1590 1628 1643 certo
1649 1583 1780 1643 imminet
1802 1583 1947 1651 sententio,

1160 1673 1188 1734 04
1199 1674 1262 1734 0440
1276 1673 1325 1734 viu
1338 1691 1395 1732 000
1401 1679 1498 1752 004004
1518 1671 1650 1731 40000000
1672 1669 1812 1732 domnum
1834 1671 1946 1733 enitare.

1161 1762 1318 1821 Praetcrea
1346 1758 1429 1820 inter
1456 1759 1623 1820 damnatas
1646 1758 1686 1819 ab
1706 1757 1876 1819 Innocentio
1896 1759 1947 1836 XI,

1161 1848 1229 1910 haec
1243 1852 1292 1910 004
1306 1851 1356 1925 30,
1373 1847 1486 1908 1400004
1500 1847 1564 1908 viro
1577 1847 1719 1910 40000040
1733 1846 1866 1909 cecidere
1878 1846 1950 1908 icau-

1160 1956 1264 2014 000000,
1281 1936 1336 2017 004
1348 1935 1456 1996 nititur
1473 1935 1653 1998 calumniam
1677 1935 1799 2016 inferre.
1822 1936 1852 1995 si
1871 1935 1951 1996 aliter

1161 2026 1223 2087 4000
1237 2025 1402 2108 ignominia
1416 2025 1508 2086 vitari
1526 2024 1629 2108 000044
1648 2045 1657 2086 .·
1682 2023 1758 2086 idem
1779 2043 1894 2106 quoque
1912 2023 1951 2084 di·

1161 2114 1293 2190 0004000,
1310 2115 1337 2174 04
1350 2113 1418 2196 quis
1432 2114 1577 2195 impinput
1590 2113 1722 2194 ntupum,
1747 2113 1794 2174 004
1800 2113 1885 2192 juste
1894 2131 1951 2193 per

1161 2204 1268 2279 004404,
1285 2211 1311 2264 04
1318 2211 1387 2284 0004
1401 2201 1557 2284 impactum
1571 2202 1701 2284 ntupum,
1713 2201 1760 2263 004
1768 2201 1861 2282 fustis
1871 2203 1952 2263 ictum

1161 2290 1271 2372 sapiat.
1291 2290 1471 2353 Secundum
1486 2290 1542 2352 4000
1557 2290 1785 2366 damnationes
1802 2289 1837 2350 in
1852 2287 1953 2371 primis

1163 2377 1367 2458 intelligenda
1381 2383 1464 2454 sunt,
1489 2378 1539 2438 vel
1553 2377 1718 2440 limitanda
1738 2377 1859 2457 ailqua,
1890 2394 1951 2456 000

1162 2465 1214 2527 4040
1228 2468 1319 2526 affert
1332 2465 1556 2527 Busembaum.
1567 2466 1686 2527 Deinde
1700 2484 1758 2545 pro
1773 2464 1897 2527 meliori
1911 2465 1952 2525 iu·

1163 2553 1336 2632 belligentia
1350 2553 1433 2614 adde
1447 2555 1633 2634 sequentia:

1203 2644 1221 2720 ἓ
1236 2646 1264 2704 4.
1282 2641 1431 2715 Quamvis
1446 2643 1618 2703 secuudum
1633 2660 1723 2723 prop.
1735 2649 1784 2721 47,
1806 2645 1850 2706 ab
1871 2647 1950 2708 Alex.
1972 2668 1999 2716 iu

1163 2731 1218 2792 Vll
1234 2730 1426 2807 damnatam,
1442 2733 1563 2793 certum
1578 2731 1627 2808 sit,
1646 2731 1790 2794 illicitum
1811 2751 1881 2794 0000
1902 2736 1953 2794 Re

1163 2817 1277 2896 ligioso
1292 2818 1342 2879 rel
1357 2818 1447 2882 Clero
1468 2837 1540 2880 eum
1564 2819 1718 2898 occidere,
1743 2821 1796 2900 qui
1820 2821 1954 2902 alloquin

1164 2910 1249 2968 certo
1278 2911 1309 2968 04
1336 2907 1476 2984 proxime
1505 2907 1650 2968 illaturus
1678 2913 1726 2968 est
1754 2909 1951 2986 calumniam,

1163 2997 1268 3056 tamen
1285 2994 1419 3055 Hauuol.
1436 2994 1472 3055 de
1477 2994 1553 3073 just.
1578 2997 1612 3056 T.
1630 2999 1659 3072 l,
1676 3003 1717 3057 tr.
1734 2999 1765 3073 4,
1791 3017 1810 3057 0
1833 3019 1864 3060 n.
1882 3001 1952 3070 6553

1164 3079 1277 3143 Mando
1291 3081 1322 3141 in
1335 3079 1412 3143 Stat.
1429 3081 1460 3144 ct.
1471 3087 1502 3160 4,
1518 3086 1588 3166 04,
1605 3082 1724 3163 aliique
1739 3083 1858 3149 docent
1879 3085 1909 3147 id
1922 3086 1955 3147 li-

1164 3187 1235 3231 cere
1256 3169 1344 3231 laicis
1358 3171 1572 3248 sacularibus,
1590 3171 1675 3252 quod
1689 3172 1762 3234 lllol.
1779 3175 1866 3237 Lesa.
1879 3179 1950 3238 Bou.

1165 3257 1279 3337 aliique
1294 3275 1366 3318 cum
1382 3263 1468 3337 Lugo
1483 3259 1518 3320 de
1529 3259 1607 3321 tmt.
1623 3259 1654 3320 ct.
1682 3263 1730 3338 40,
1756 3279 1786 3322 0.
1813 3265 1887 3340 465,
1914 3263 1955 3323 di-

1165 3350 1323 3408 00040000
1337 3347 1520 3425 0004004044ος
1538 3347 1696 3410 rationem
1711 3348 1804 3422 daut;
1832 3352 1908 3432 0040
1928 3351 1957 3409 40

1165 3434 1292 3496 homme
1314 3433 1456 3495 00004004
1477 3436 1582 3514 004400
1604 3440 1651 3498 004
1672 3436 1759 3496 fama
1786 3441 1818 3499 ct
1848 3438 1955 3512 honor,

1166 3539 1261 3602 quam
1275 3521 1359 3583 hona
1373 3526 1512 3600 externa,
1525 3523 1589 3585 imo
1604 3541 1700 3604 quam
1713 3525 1779 3586 vita
1796 3526 1885 3605 lpsa;
1913 3532 1957 3586 at-

1166 3609 1220 3689 qui
1249 3612 1379 3688 proptcr
1410 3610 1478 3671 40000
1502 3611 1623 3673 licitum
1636 3616 1685 3673 est
1707 3613 1853 3674 occidere
1877 3631 1956 3694 eum,

1166 3696 1219 3776 004
1235 3701 1319 3758 00040
1335 3702 1366 3760 04
1381 3697 1522 3776 proxime
1537 3715 1722 3778 agressurus
1736 3703 1795 3777 est,
1827 3701 1889 3764 nisi
1912 3719 1958 3761 oc·

1166 3784 1308 3846 cidatur:
1326 3803 1402 3865 ergo
1417 3786 1512 3847 etiam
1526 3786 1646 3847 licitum
1656 3787 1860 3850 estoccidere
1871 3808 1958 3869 prop-

1166 3871 1341 3934 terlamum
1355 3873 1404 3933 vel
1414 3873 1586 3934 honorem:
1602 3873 1821 3953 dIsparitatem
1836 3895 1913 3938 vero
1924 3874 1958 3936 de

1167 3959 1293 4022 (44004040
1317 3966 1348 4022 04
1371 3961 1535 4040 Religlosis
1558 3961 1736 4040 assignant,
1763 3963 1894 4043 0040404
1915 3982 1961 4024 00-

1165 4048 1252 4109 tione
1276 4048 1471 4126 perfectioris
1498 4053 1614 4126 040400,
1644 4069 1740 4130 quam
1761 4055 1959 4130 profitentur,

1167 4139 1251 4197 etex
1270 4135 1386 4196 virtute
1411 4135 1580 4216 Religionis
1602 4141 1751 4200 tenentur
1776 4141 1875 4201 etiam
1896 4139 1962 4203 40440

1167 4222 1295 4283 honoris
1305 4223 1464 4303 jacturam
1479 4224 1583 4285 subire
1602 4243 1661 4304 pro
1684 4225 1785 4288 salute
1811 4227 1958 4306 proximi,

1167 4311 1192 4370 si
1207 4310 1240 4371 id
1254 4329 1381 4372 necesse
1395 4311 1449 4385 sit;
1467 4312 1568 4374 honor
1583 4313 1667 4373 enim
1685 4313 1757 4376 talis
1780 4317 1960 4378 mundanus

1168 4397 1262 4459 dehet
1274 4397 1375 4459 videri
1390 4398 1467 4460 levis
1483 4399 1537 4475 illi,
1554 4401 1607 4479 004
1629 4399 1726 4462 uitam
1748 4406 1782 4464 04
1800 4403 1963 4466 4000044440-

1167 4488 1232 4548 tem
1245 4484 1357 4547 Christi
1381 4487 1527 4568 proprius
1550 4488 1703 4566 00004400,
1729 4493 1761 4551 04
1785 4493 1962 4570 0004440400,

1167 4572 1302 4652 ideoque
1317 4577 1463 4635 censetur
1476 4574 1672 4636 renuntiasse
1685 4576 1743 4636 tali
1754 4577 1883 4640 honori.
1895 4581 1964 4640 Haec

1168 4660 1323 4722 sententia
1356 4660 1481 4723 ridetur
1514 4661 1655 4723 amisisse
1697 4665 1963 4742 probabilitatem,

1168 4751 1297 4826 proptor
1304 4767 1396 4827 prop.
1408 4752 1458 4824 30,
1476 4749 1516 4810 ab
1527 4748 1697 4812 Innocentio
1706 4751 1756 4812 XI
1768 4753 1962 4828 damnatam,

1169 4853 1239 4915 quae
1253 4836 1414 4898 indefinite
1427 4837 1567 4917 loquitur
1582 4837 1620 4898 de
1631 4839 1700 4902 viro
1715 4840 1886 4920 honorato,
1900 4843 1965 4904 ebs

1168 4922 1323 4984 trahendo
1352 4942 1392 4983 an
1421 4925 1461 4985 sit
1482 4925 1632 5002 Clericus,
1654 4945 1694 4987 an
1715 4929 1907 5008 licIIgiosus,
1928 4949 1965 4991 00

1168 5009 1277 5085 laicus,
1295 5009 1367 5070 hinc
1382 5011 1525 5073 absolute
1544 5012 1718 5074 tenendum
1740 5021 1788 5076 ost
1811 5035 1888 5077 cum
1909 5019 1966 5079 Bo-

1169 5097 1285 5176 naespei
1300 5096 1330 5156 in
1344 5097 1430 5159 Nuct.
1447 5099 1476 5159 d.
1494 5103 1543 5174 49,
1559 5108 1588 5160 04
1601 5100 1636 5161 de
1649 5103 1728 5164 Just.
1745 5104 1775 5164 d.
1796 5109 1846 5182 49,
1860 5127 1893 5167 n.
1910 5111 1963 5176 48;

1169 5183 1303 5246 Cardeu.
1324 5185 1356 5245 in
1374 5189 1405 5262 3,
1429 5186 1500 5247 crisi
1521 5187 1552 5248 d.
1578 5191 1627 5264 44,
1651 5208 1714 5270 cop.
1734 5194 1765 5268 4,
1789 5211 1964 5272 nunquam,

1168 5271 1264 5335 etiam
1277 5271 1369 5349 laico,
1386 5272 1506 5335 licitum
1521 5293 1589 5336 esse
1603 5276 1748 5339 occidere
1764 5279 1919 5360 aliquam,
1931 5299 1966 5341 eo

1169 5360 1253 5440 quod
1268 5360 1396 5423 invadet
1409 5363 1540 5443 praecise
1559 5362 1689 5442 lamam,
1712 5367 1763 5428 vel
1784 5368 1964 5431 honorem:

1168 5447 1242 5512 hinc
1256 5448 1350 5513 044000
1364 5453 1451 5532 Lago
1467 5451 1499 5514 in
1513 5453 1576 5514 llne
1598 5451 1687 5516 addit
1708 5474 1714 5516 :
1740 5456 1771 5516 in
1789 5457 1893 5540 00004
1915 5457 1965 5521 uic
