3998 6344
694 578 1033 648 nnnurnrrnusr.
1358 535 1362 544 ’
1626 592 1684 654 eae

6 783 30 834 Ι
84 766 161 849 §to
183 767 309 830 monor
330 771 456 832 tenetur
478 770 601 852 aperire
624 769 700 834 ritis
722 769 768 833 rei
790 771 834 833 lo·
888 769 1039 847 locatori,
1063 769 1108 832 ita
1128 787 1166 832 ex
1187 770 1263 833 Jura
1286 771 1360 835 Mol.
1377 774 1682 854 Nav.Less.Loym.

52 861 137 933 cutae,
162 857 207 918 uti
234 876 265 918 a.
290 858 362 929 eto,
383 857 568 922 dictumest
594 859 632 922 de
657 860 832 937 venditore,
887 860 975 938 Lugo
990 879 1021 920 n.
1046 863 1095 921 97.
1113 858 1203 920 Ratio
1223 861 1282 936 est,
1304 860 1458 941 quietum
1475 881 1537 924 uon
1552 865 1614 926 stat
1628 881 1686 942 per

51 944 178 1025 alioquin
193 946 321 1006 tenetur
334 944 373 1006 de
388 945 511 1009 damnis
525 947 650 1026 secutis,
668 949 742 1029 quia
756 948 835 1010 obli·
887 947 1059 1009 locatorem
1081 946 1130 1008 vel
1154 965 1221 1008 rem
1244 947 1396 1025 locatam,
1423 951 1479 1012 sed
1502 969 1559 1030 per
1582 951 1684 1012 solum

51 1040 134 1114 pater
147 1033 273 1095 tradere
296 1051 363 1094 rem
382 1035 490 1097 utilem
510 1037 551 1098 od
571 1055 645 1098 usus
663 1056 682 1099 a
697 1038 835 1100 conduc·
888 1035 1112 1098 conductorem
1141 1055 1203 1116 quo
1229 1036 1333 1098 minus
1357 1036 1513 1100 habeatur
1537 1057 1612 1100 usus
1635 1038 1685 1100 uel

51 1127 109 1180 tore
122 1119 261 1183 intentos
277 1139 286 1196 ;
304 1119 349 1184 ita
369 1141 441 1184 cum
463 1123 533 1187 aliis
553 1127 670 1189 Bonae.
692 1125 831 1190 decoutr.
890 1123 1021 1186 tructus.
1046 1122 1109 1184 Nec
1130 1123 1223 1204 refert
1245 1124 1330 1205 quod
1358 1125 1532 1187 conductor
1554 1127 1595 1188 sit
1617 1125 1684 1188 sine

6 1209 8 1282 Ι
50 1205 77 1270 d.
89 1209 117 1284 3,
131 1228 162 1290 q.
177 1212 209 1286 7,
224 1229 259 1290 p.
276 1213 307 1272 2.
888 1211 1089 1290 culpa;nom
1112 1210 1232 1290 aequius
1254 1210 1312 1272 luit
1342 1217 1378 1272 ut
1398 1211 1459 1274 hoc
1492 1211 1524 1274 in
1552 1231 1585 1274 se
1606 1230 1684 1274 onus

6 1291 30 1354 Ἰ
83 1295 166 1374 §tn
197 1299 347 1376 Spectato
367 1298 439 1380 jure
464 1305 584 1364 naturae
608 1301 737 1366 deberet
759 1319 834 1364 con·
887 1303 1025 1362 sumeret
1048 1298 1221 1360 conductor
1243 1317 1307 1378 prae
1332 1300 1481 1377 locatore,
1509 1301 1562 1381 qui
1587 1300 1683 1362 etiam

6 1423 8 1466 ,
50 1384 150 1446 ductm
162 1384 248 1446 lacre
264 1403 373 1448 omnes
387 1383 479 1452 casus
493 1389 648 1469 fortuitos,
665 1392 759 1454 etiam
771 1396 834 1455 ste-
887 1393 935 1452 est
947 1389 1014 1450 sine
1029 1388 1131 1466 culpa.
1152 1386 1221 1450 Dixi
1237 1405 1245 1448 :
1261 1395 1405 1470 quatenos
1418 1389 1551 1467 r'otereet,
1569 1407 1642 1452 nam
1659 1387 1684 1450 si

7 1467 8 1470 ’
50 1472 170 1548 rilitatis,
188 1476 224 1534 ut
240 1477 350 1536 notam
362 1475 436 1538 Mol.
452 1478 538 1540 Lces.
554 1481 643 1558 Lugo
657 1501 686 1542 n.
702 1481 752 1558 36,
769 1497 832 1542 nou
886 1495 937 1538 res
951 1477 1001 1538 vel
1027 1494 1125 1555 opera
1140 1475 1231 1539 alteri
1247 1481 1294 1539 est
1308 1477 1410 1540 locata
1424 1476 1490 1540 sine
1505 1479 1620 1542 damno
1638 1480 1685 1542 lo-

7 1589 8 1592 *
51 1560 129 1622 ubter
141 1578 178 1622 ac
193 1565 320 1640 emptor
333 1561 393 1628 fert
412 1583 503 1627 casus
517 1568 642 1644 mercis,
657 1568 735 1630 tanti
749 1569 833 1630 enim
887 1565 1003 1628 catoris
1027 1564 1077 1624 vel
1093 1563 1243 1626 conducti
1266 1564 1307 1627 ad
1322 1566 1365 1628 nil
1377 1569 1510 1643 tenetur,
1529 1585 1601 1628 cum
1617 1565 1685 1628 nul-

49 1648 162 1710 ralebat
185 1666 260 1728 spes
283 1650 459 1730 fructuum,
485 1672 558 1714 cum
582 1673 631 1718 res
654 1655 829 1730 locaretur;
885 1651 952 1712 lum
966 1651 1117 1712 damnum
1142 1651 1184 1712 sit
1197 1658 1371 1716 causatum.
1389 1655 1479 1726 Quod
1493 1655 1518 1715 si
1534 1656 1625 1718 alteri
1638 1655 1684 1718 lo-

6 1795 7 1818 ξ
49 1735 240 1798 nihilominus
255 1757 294 1799 ex
311 1738 504 1819 benignitate
521 1743 606 1806 Juris
620 1743 831 1806 introductum
886 1741 956 1798 caia
970 1739 1039 1817 plus
1053 1737 1131 1800 lucri
1147 1739 1261 1817 attulit,
1278 1740 1330 1804 hic
1345 1761 1491 1804 excessus
1507 1747 1629 1823 spectat
1642 1743 1683 1805 ad

6 1853 8 1900 3
50 1829 98 1900 est,
119 1829 152 1885 nt
174 1825 368 1906 quandoque
386 1827 564 1890 remittatur
578 1829 716 1912 aliquid3
740 1831 832 1893 dubi·
884 1824 1067 1902 locatorem,
1080 1825 1105 1887 si
1117 1825 1291 1890 conductor
1301 1847 1368 1889 rem
1382 1848 1402 1890 a
1415 1848 1448 1891 se
1464 1829 1679 1909 abdicaverat,

6 1913 8 1916 ’
49 1913 122 1973 tetur
133 1917 260 1992 autem,
277 1931 423 1994 quaenem
445 1915 567 1978 dicatur
584 1937 700 1999 magna
713 1920 829 1998 clades,
886 1912 929 1972 uti
949 1913 1159 1976 communiter
1172 1915 1240 1976 sueri
1255 1916 1349 1990 solet;
1366 1917 1391 1978 si
1406 1921 1511 1979 tamen
1536 1916 1682 1979 retinuis-

6 2035 7 2080 1
50 2001 83 2063 ob
103 2017 195 2080 quam
215 2001 333 2064 remitti
349 2002 464 2065 debeat
484 2005 595 2067 saltem
610 2024 684 2085 pars
706 2008 832 2087 pensio.
885 2004 933 2062 set
947 2001 1086 2062 animum
1102 2021 1140 2064 aa
1153 2008 1263 2084 postea
1277 2005 1396 2082 utendi,
1414 2005 1542 2066 adeum
1559 2007 1682 2084 specta-

6 2131 7 2144 ,
50 2088 99 2151 uis,
113 2090 197 2150 liert.
214 2091 292 2152 ceu,
313 2093 399 2153 Lesa,
420 2112 452 2154 η,
480 2097 537 2168 {73
563 2097 650 2174 [ηερ
671 2115 701 2157 η,
717 2099 767 2172 43,
784 2095 832 2156 di.
885 2088 1049 2149 ueletiam
1071 2089 1123 2151 ille
1148 2110 1309 2170 excessus,
1324 2094 1412 2174 Lugo
1426 2113 1456 2155 n.
1480 2096 1534 2168 303
1552 2094 1681 2174 Sporer.

50 2182 114 2236 cunt
132 2182 197 2236 tum
224 2193 307 2255 csse,
332 2179 356 2238 si
381 2178 516 2241 deducto
539 2181 674 2259 semine,
700 2181 831 2263 aliisque
885 2195 916 2240 η.
932 2180 981 2239 99.
1004 2178 1101 2239 Addit
1114 2182 1199 2242 Less.
1216 2200 1247 2242 o.
1268 2185 1298 2258 9,
1323 2182 1511 2258 locatorem,
1535 2181 1680 2262 quamvis

49 2262 195 2343 impensis,
208 2282 250 2324 ne
260 2263 427 2327 dimidium
441 2267 570 2347 quidem
584 2269 742 2331 solvenda
756 2287 831 2350 pun·
886 2283 949 2325 non
963 2264 1046 2327 locet
1060 2266 1160 2345 alteri,
1174 2267 1289 2330 debere
1299 2270 1458 2332 remittere
1468 2269 1507 2332 de
1517 2269 1679 2350 pensione,

6 2349 8 2426 l
50 2349 131 2412 denis
151 2351 311 2430 supersit;
336 2351 412 2415 Aba.
435 2361 463 2416 et
486 2354 552 2423 atii.
578 2355 604 2417 si
627 2357 756 2420 colonus
780 2359 831 2420 vix
884 2358 1013 2432 propter
1027 2355 1202 2420 libertatem
1219 2375 1316 2437 qoam
1330 2357 1503 2419 conductor
1512 2357 1571 2437 ipsi
1585 2358 1682 2419 relin-

6 2427 8 2502 l
50 2438 161 2518 colligat
174 2441 302 2502 tertiam
317 2445 439 2520 partem
453 2443 547 2523 soliti,
559 2464 589 2506 v.
602 2464 634 2525 g.
646 2446 697 2508 vix
710 2449 741 2524 5,
758 2465 831 2510 cum
886 2439 954 2520 quil
974 2442 1098 2504 locandi
1123 2443 1231 2517 81999ῑὶ
1248 2450 1343 2524 negat
1364 2449 1470 2507 lamen
1491 2445 1551 2508 110⁰
1574 2443 1602 2507 T
1600 2444 1678 2507 amb·

51 2526 116 2587 alias
135 2527 251 2590 soleret
273 2532 329 2602 153
354 2529 468 2594 Novar.
489 2541 516 2592 et
538 2532 603 2602 alii,
628 2533 654 2594 si
675 2535 726 2596 vix
744 2535 832 2598 colli·
886 2529 993 2591 dicens
1008 2530 1116 2592 deberi
1130 2534 1247 2609 totam,
1264 2551 1301 2594 eo
1318 2533 1402 2613 qued
1420 2533 1548 2595 libertas
1562 2532 1622 2594 ista
1641 2533 1681 2596 sit

50 2617 95 2692 gat
114 2614 189 2676 duas
212 2615 335 2694 tertias,
360 2636 391 2679 v.
417 2635 448 2698 g.
470 2619 523 2682 vix
547 2623 595 2697 ld,
621 2638 694 2684 cum
716 2624 831 2688 soleret
885 2635 997 2698 parum
1011 2619 1095 2680 utilis
1109 2623 1141 2680 et
1155 2620 1274 2700 pensio,
1291 2639 1348 2700 per
1361 2641 1394 2684 se
1409 2621 1579 2702 loquendo,
1593 2625 1679 2682 certo

6 2705 10 2792 ,l
52 2705 97 2776 l5;
122 2721 231 2764 rerum
260 2708 346 2766 recte
372 2713 503 2770 monent
527 2705 636 2791 Luym.
666 2715 697 2772 et
723 2709 775 2772 alii
798 2711 830 2773 in
885 2705 1037 2768 debeatur
1051 2711 1126 2769 tota.
1144 2708 1219 2770 etot.
1240 2717 1269 2770 et
1282 2709 1375 2790 Sper.
1393 2727 1488 2788 supra
1508 2708 1619 2770 melius
1635 2708 1679 2770 di·

6 2801 8 2854 i
50 2789 100 2851 hoc
114 2791 341 2855 attendendum
359 2812 426 2856 esse
446 2815 644 2860 communem
665 2818 756 2861 usum
778 2819 830 2861 eu·
885 2799 960 2854 cunt
983 2793 1091 2856 deberi
1110 2798 1220 2873 totam,
1238 2796 1296 2857 nisi
1318 2796 1491 2860 conductor
1513 2795 1552 2857 de
1574 2796 1680 2876 aliqua

6 2857 8 2918 ἶ
49 2876 133 2958 jussis
153 2880 280 2942 Patriae.
305 2883 373 2944 Duo
395 2883 483 2946 addit
509 2887 594 2947 Less.
626 2905 706 2948 num.
737 2891 775 2949 ll
802 2895 831 2950 et
885 2885 974 2961 parte
990 2882 1062 2944 ideo
1081 2883 1271 2946 remittenda
1287 2884 1474 2964 paciscatur.
1490 2881 1579 2957 Quod
1593 2883 1618 2944 si
1633 2884 1681 2945 la·

6 2987 7 3034 3
52 2968 99 3038 183
121 2984 232 3045 nempe
257 2967 282 3028 si
311 2967 430 3031 fructos
453 2970 521 3050 jam
545 2973 665 3034 collecti
688 2993 763 3036 casu
774 2994 831 3054 pe·
884 2971 989 3032 mulus
1004 2971 1177 3033 conductus
1191 2971 1232 3034 ad
1250 2972 1411 3034 servitium
1425 2990 1565 3034 annuum
1579 2990 1680 3054 aegrc-

6 3067 8 3108 t
52 3057 137 3130 rennt,
157 3057 330 3136 antequam
351 3058 516 3120 commode
539 3062 697 3138 potuerint
711 3062 827 3142 invehi,
883 3062 939 3134 tet,
958 3076 990 3119 v.
1006 3077 1038 3138 g.
1055 3058 1222 3138 trimestri,
1239 3078 1302 3121 non
1317 3064 1442 3122 tenetur
1455 3078 1538 3122 anno
1554 3061 1678 3124 evoluto

6 3111 8 3216 i
52 3141 259 3206 remittendum
283 3163 351 3206 esse
373 3145 411 3208 de
433 3147 594 3228 pensione,
612 3167 674 3210 non
688 3149 778 3211 aliter
791 3169 829 3212 ac
883 3145 916 3206 id
931 3147 1089 3227 supplere,
1108 3147 1151 3209 uti
1166 3164 1240 3210 eum
1255 3149 1414 3210 communi
1429 3152 1516 3227 Lugo
1528 3168 1611 3212 num.
1625 3153 1677 3214 dl.

6 3217 9 3324 i
53 3229 195 3294 siluisset
218 3231 389 3308 sterilitas;
425 3235 560 3300 limitent
586 3237 658 3300 Mol.
684 3242 716 3299 et
741 3241 828 3316 Lugo
884 3235 948 3295 Nec
959 3234 1031 3295 ideo
1046 3253 1136 3313 posse
1152 3235 1180 3296 ei
1195 3234 1315 3316 aliquid
1329 3236 1452 3298 detrahi
1468 3237 1507 3298 de
1522 3236 1678 3316 stipendio

52 3318 362 3396 promaterterae
384 3321 599 3401 proximorum
622 3343 775 3388 annorum
796 3325 828 3387 id
884 3321 999 3384 docent
1028 3321 1064 3384 S.
1091 3323 1161 3384 Aut.
1187 3319 1287 3383 lance.
1319 3321 1416 3402 Groff.
1446 3322 1563 3404 aliique
1588 3325 1678 3387 multi

52 3412 225 3485 compenset,
244 3408 266 3469 ῖ.
282 3409 312 3485 8,
330 3406 468 3470 Codice
479 3411 527 3472 tit.
544 3413 670 3490 Stryek,
680 3432 703 3474 s.
716 3417 746 3491 2,
757 3431 783 3474 e.
796 3416 826 3491 9,
882 3408 967 3488 apud
982 3411 1059 3488 Lug.
1076 3428 1106 3471 o.
1123 3412 1172 3470 58.
1185 3409 1369 3488 Oppositum
1379 3416 1484 3472 tamen
1499 3414 1607 3473 tenent
1621 3413 1675 3476 Co-

52 3509 76 3552 s.
89 3495 132 3555 95.
147 3495 268 3556 Deinde
283 3497 394 3558 colono
408 3498 571 3577 partiario,
588 3499 640 3581 qui
656 3500 828 3582 aliquotam
881 3516 946 3560 vor.
972 3495 1059 3579 Sylu.
1078 3497 1149 3558 Mol.
1171 3497 1277 3579 Loym.
1301 3498 1424 3561 Beudos.
1447 3497 1534 3580 Lupo
1561 3499 1676 3581 aliique

52 3585 157 3658 poem
174 3583 353 3662 fructuum,
374 3604 404 3646 r.
424 3604 456 3666 g.
477 3588 601 3648 tertiam
620 3588 759 3667 pendere
773 3590 829 3651 de·
882 3583 1002 3665 plures3
1033 3583 1088 3645 sed
1113 3584 1285 3662 spectanda
1305 3590 1353 3646 est
1376 3585 1569 3648 consuetudo
1591 3587 1678 3648 loco-

52 3667 113 3746 aa,
136 3671 210 3732 nihil
238 3670 357 3734 remitti
380 3673 421 3735 ob
443 3675 517 3736 enni
540 3677 756 3756 sterilitatem,
782 3678 827 3740 uti
882 3691 952 3733 rum
968 3692 976 3744 ;
992 3671 1185 3752 probabilius
1199 3678 1305 3734 autem
1319 3673 1676 3738 uideturdominesnon

53 3753 154 3821 habent
175 3757 269 3823 Glocc.
295 3759 370 3822 Aac.
394 3759 474 3824 Nou.
499 3763 614 3844 aliique
639 3783 711 3827 cum
733 3767 824 3845 Sper.
881 3759 981 3821 teneri
996 3761 1037 3821 ed
1051 3759 1202 3839 speciales
1214 3765 1356 3842 sumptus
1368 3779 1427 3841 pro
1442 3761 1613 3841 curatione,
1630 3763 1675 3827 uti

53 3863 78 3906 s.
92 3849 136 3925 53,
156 3849 230 3928 quia
248 3848 301 3910 bic
319 3853 471 3929 tanquam
490 3850 521 3912 in
544 3856 707 3916 contractu
730 3855 827 3918 socie·
881 3851 966 3910 recte
982 3848 1098 3910 Rebell.
1116 3850 1147 3909 et
1159 3849 1248 3928 Lugo
1262 3867 1292 3910 n.
1307 3851 1358 3910 69.

55 3934 112 3996 tetis
125 3939 247 3999 tenetur
259 3937 411 3999 damnum
427 3943 460 4001 et
471 3939 594 4001 luorum
608 3958 680 4002 eum
698 3941 826 4005 domino
921 3937 1002 4015 §ta
1019 3939 1152 3999 Fructus
1173 3937 1218 3998 rei
1234 3937 1355 4016 lecatm,
1371 3957 1402 4000 v.
1419 3957 1450 4019 g.
1470 3939 1550 4019 agri,
1573 3937 1598 4002 si
1613 3939 1676 4004 sint
1701 3957 1753 4005 ¹⁰⁵¹

54 4017 288 4088 madidividere.
312 4024 414 4086 Etiam
435 4031 546 4089 notant
563 4045 671 4089 omnes
685 4046 827 4092 commu·
881 4023 985 4084 adhuc
1006 4023 1190 4104 pendentes,
1214 4030 1357 4103 spectent
1380 4025 1421 4087 ad
1442 4026 1605 4087 dominum
1629 4025 1673 4088 rei

25 4154 31 4179 ,
55 4107 200 4173 mercum
217 4113 305 4175 Bart.
330 4114 416 4175 Lesa.
441 4117 529 4194 Lugo
547 4135 579 4179 η,
602 4119 660 4190 523
678 4119 739 4181 1115,
754 4126 776 4181 t,
793 4123 823 4197 4,
880 4109 1002 4188 locatas,
1027 4111 1101 4191 quia
1115 4115 1189 4174 sunt
1203 4112 1307 4174 adhuc
1321 4129 1395 4192 pars
1410 4114 1466 4191 rei,
1484 4118 1537 4177 aut
1557 4113 1675 4180 faciunt

55 4195 117 4276 di,
130 4220 159 4262 c.
173 4205 244 4279 459,
268 4201 411 4284 quamvis
435 4203 605 4284 aliquando
628 4205 670 4268 sit
689 4206 827 4269 maxima
881 4196 956 4276 quid
970 4215 1069 4258 unum
1083 4217 1154 4260 cum
1169 4216 1226 4272 ea;
1242 4199 1316 4260 hinc
1330 4201 1355 4260 si
1370 4201 1482 4262 Laicus
1493 4206 1575 4264 emat
1590 4203 1676 4265 fruc·

54 4285 162 4350 abenas
175 4289 353 4368 fruetuum,
377 4295 477 4354 totam
491 4293 656 4355 utilitatem
671 4313 738 4358 esse
753 4314 826 4358 con·
880 4289 930 4346 tus
953 4285 1126 4363 pendentes
1149 4287 1261 4366 praedii
1288 4288 1495 4350 Ecclesiastici
1518 4287 1568 4350 vel
1592 4291 1675 4351 Reli-

56 4371 183 4455 fluclon'S,
208 4397 283 4440 nam
304 4377 327 4441 I.
352 4379 379 4440 ci
398 4399 514 4450 merces,
536 4379 571 4460 ff.
588 4382 686 4452 locati,
712 4383 826 4445 dicitur
879 4372 970 4453 giesi,
979 4374 1412 4454 nonteneturproeissolvere
1421 4376 1670 4456 gabellas,Dian.

56 4463 215 4529 conductori
230 4467 435 4530 immodicum
460 4469 583 4530 lucrum
606 4488 669 4532 nen
694 4471 823 4550 auferri,
878 4479 912 4542 P·
929 4463 958 4538 3,
976 4470 998 4522 l·
1016 4465 1045 4539 t,
1068 4461 1105 4524 R·
1124 4465 1172 4526 19·
1188 4465 1213 4526 Ε
1228 4469 1355 4541 contra,
1369 4463 1566 4546 fructusjam
1581 4483 1673 4545 sepa-

56 4556 82 4612 et
98 4555 168 4618 ratio
191 4561 247 4634 est,
273 4556 348 4636 quta
369 4557 515 4620 sterilitas
534 4557 644 4621 fuisset
663 4558 721 4638 ipsi
739 4559 825 4621 dam.
879 4549 974 4611 ratia
995 4549 1092 4613 fundo
1108 4554 1139 4613 et
1152 4571 1172 4614 u
1186 4551 1376 4615 conductore
1398 4553 1520 4615 collecti
1534 4559 1607 4616 suut
1626 4553 1673 4634 ip-

56 4653 118 4701 num
129 4642 330 4722 intolerabile,
351 4643 479 4708 ubertas
504 4650 610 4708 autem
633 4647 749 4709 nemini
769 4667 826 4710 no·
879 4638 954 4716 sius,
979 4639 1100 4701 etiamsi
1123 4639 1149 4702 is
1173 4642 1355 4721 pensionem
1376 4642 1510 4704 necdum
1529 4643 1670 4722 solverit,

57 4729 357 4812 coaequandae
375 4733 501 4813 Stryek,
517 4733 597 4812 §id
619 4733 660 4796 ob
675 4735 825 4798 damnum
879 4728 952 4790 MOI·
977 4731 1065 4808 111180
1085 4748 1116 4789 η·
1139 4733 1192 4804 263
1210 4730 1321 4792 'Pamb-
1337 4730 1373 4794 de
1385 4740 1481 4793 co-ttr·
1504 4730 1525 4793 l·
1546 4734 1577 4808 9,
1594 4740 1617 4793 t·
1638 4735 1669 4809 t,

57 4809 186 4880 morbus
205 4820 272 4900 jam
294 4819 426 4884 invectis
454 4822 574 4884 illatum
603 4823 680 4884 nihil
708 4824 824 4888 remitti
878 4835 904 4877 0·
921 4817 951 4894 3,
968 4836 998 4879 n.
1020 4821 1069 4895 25,
1086 4818 1200 4898 aliique
1215 4824 1325 4881 eontra
1350 4819 1443 4884 Gloee.
1465 4819 1555 4881 Bort.
1574 4819 1669 4884 Buri.

57 4903 228 4985 conductori,
242 4907 318 4991 Arq.
335 4911 357 4972 l.
374 4914 429 4984 ¹2³
448 4909 523 4973 cod.
540 4909 592 4972 loe
605 4911 654 4973 tit.
878 4912 907 4965 et
919 4903 1003 4968 otios.
1021 4907 1110 4970 Ratio
1125 4912 1183 4982 est,
1201 4907 1602 4988 quiaquamvismanerent
1615 4908 1672 4987 hy·

88 4990 157 5070 §ta
172 4996 203 5058 si
225 4996 485 5076 impedimentum
500 4998 608 5060 utendi
624 5018 657 5060 re
680 5000 730 5062 vel
753 5019 826 5079 per·
878 4993 1037 5072 pothecati
1061 5000 1115 5058 aut
1134 4995 1228 5058 veluti
1244 4996 1276 5056 in
1301 4997 1414 5076 pignus
1428 4996 1521 5059 tacite
1540 4995 1672 5076 subjecti

58 5084 285 5147 manuducta
308 5085 428 5150 oriatur
442 5105 481 5148 ex
503 5091 593 5166 parte
608 5089 823 5168 conductoris,
878 5099 935 5162 pro
960 5084 1121 5161 pensione,
1138 5087 1245 5146 tamen
1269 5105 1307 5146 ex
1330 5084 1360 5146 vi
1383 5088 1560 5147 contradus
1577 5085 1671 5148 habet

60 5165 369 5252 remoraturam,
386 5174 429 5236 uti
446 5175 521 5255 quia
536 5179 583 5238 est
596 5175 758 5254 infirmus,
775 5177 824 5240 vel
879 5171 1052 5234 conductor
1062 5171 1114 5252 jus
1133 5172 1256 5234 fruendi
1272 5192 1308 5234 re
1325 5193 1332 5235 :
1350 5192 1424 5252 ergo
1438 5172 1572 5241 faciendi
1588 5173 1671 5234 fruc·

59 5247 258 5339 immoratus,
280 5279 344 5322 non
367 5263 466 5342 potuit
489 5264 591 5326 colere
615 5283 744 5344 agrum,
771 5269 825 5328 aut
876 5263 928 5320 tus
942 5277 1015 5320 suos
1030 5259 1124 5322 etiam
1139 5263 1210 5322 ante
1224 5261 1360 5322 solutam
1374 5261 1566 5341 pensionem,
1582 5261 1670 5322 ideo·

60 5341 226 5402 mercenario
247 5343 403 5404 conducto
417 5343 557 5405 laborem
576 5345 752 5424 assignare,
769 5345 823 5408 ad·
877 5365 938 5427 que
961 5351 1046 5410 recte
1070 5347 1146 5411 dicit
1168 5347 1269 5410 Diona
1287 5367 1393 5428 supra,
1411 5350 1540 5412 colonus
1561 5349 1670 5412 Eccle-

61 5413 120 5501 huc,
138 5445 189 5506 per
201 5447 233 5492 se
253 5429 427 5510 loquendo,
443 5435 568 5495 tenetur
589 5437 687 5496 totam
701 5435 822 5514 pensio·
876 5433 1072 5497 siastieorum
1096 5436 1147 5496 vel
1170 5435 1398 5515 Religiosorum
1421 5436 1520 5498 teneri
1547 5435 1668 5499 solvere

63 5520 119 5572 scm
130 5513 173 5577 rel
185 5517 362 5582 mercedem
375 5519 505 5600 solvere,
523 5525 675 5602 quantum
693 5521 821 5588 interest
875 5521 1033 5601 gabellum
1056 5542 1095 5586 ex
1123 5522 1276 5586 fructibus
1299 5523 1447 5602 collectis,
1472 5523 1497 5587 si
1521 5542 1575 5590 eos
1591 5522 1668 5600 alie·¹
