4126 6330
313 537 373 606 161
881 537 999 606 tmen
1018 537 1198 620 amnne,
1222 538 1324 605 PARS
1345 541 1385 608 11.

317 727 515 811 quiainjmta
524 725 662 810 detentio
671 741 732 790 non
742 726 801 790 fuit
809 726 912 808 reipsa
921 747 1017 792 censa
1025 729 1107 794 illius
1164 747 1235 792 snm
1264 747 1327 792 non
1355 729 1498 810 expirare
1530 731 1630 794 morte
1647 729 1836 812 mandantis,
1865 731 1955 798 siouti

316 819 435 896 damni,
452 817 537 900 quod
552 817 800 896 independenter
814 819 854 879 ab
869 818 922 880 illa
941 819 1110 880 161666666-
1165 818 1280 880 Saneh.
1299 817 1320 880 l.
1340 821 1371 894 8,
1388 818 1418 879 d.
1434 821 1483 896 18,
1499 835 1531 881 6.
1548 822 1599 896 66,
1617 819 1823 884 docetmorte
1846 839 1956 883 nance·

316 906 501 988 ontumeine
516 903 703 986 cujusquam
718 906 811 984 culpa
827 925 835 967 ε
852 906 978 986 quando
1003 911 1109 968 autem
1164 905 1349 968 6666161166
1372 905 1514 984 expirare
1535 907 1663 987 gratias,
1679 928 1710 970 v.
1726 929 1756 989 g.
1782 911 1957 972 contessio-

316 995 434 1075 aliqnid
448 994 530 1074 perit
543 993 610 1054 sine
624 991 810 1073 cujusquam
825 996 928 1074 culpa.
951 995 1033 1073 perit
1052 995 1110 1056 do-
1164 1009 1236 1052 nem
1259 993 1424 1072 privilagii,
1451 993 1709 1074 dispensationis,
1734 995 1945 1078 indulgentie.

316 1084 403 1144 mino
418 1099 487 1159 sno,
504 1083 548 1142 uti
567 1088 651 1142 recte
670 1099 743 1142 oum
762 1081 830 1142 aliie
852 1081 961 1164 Lopm.
987 1101 1107 1162 snpra:
1164 1081 1269 1142 Prima
1282 1082 1438 1144 sententia
1450 1083 1577 1144 ridetur
1587 1085 1791 1163 probabilior.

316 1171 403 1252 quod
416 1173 525 1233 66666
539 1167 685 1230 6661666
703 1167 824 1230 interea
840 1171 977 1232 caruerit
990 1187 1048 1231 usu
1063 1170 1108 1230 rei
1203 1167 1221 1246 ἓ
1236 1171 1283 1231 16.
1300 1171 1539 1231 Possessortam
1552 1171 1644 1234 hone
1668 1191 1767 1253 qnam
1777 1175 1868 1236 male
1882 1172 1955 1236 11661
1979 1187 2014 1234 nt

318 1277 396 1338 suae,
412 1259 463 1320 vel
478 1255 640 1334 fructibus,
658 1275 736 1337 qnos
751 1258 951 1336 percepisset,
976 1257 1035 1319 hoc
1053 1257 1109 1318 tri·
1163 1261 1267 1336 potest
1279 1257 1312 1318 in
1326 1257 1522 1322 restitutione
1536 1260 1692 1322 deducere
1715 1263 1856 1325 valorem
1869 1265 1956 1329 labo·

315 1347 370 1408 bui
386 1345 618 1426 debetinjnstee
633 1343 807 1424 acceptioni
835 1361 841 1404 :
871 1362 946 1424 ergo
971 1345 1109 1406 nascitur
1163 1344 1205 1406 ris
1217 1348 1248 1406 et
1259 1345 1435 1424 aliquarum
1446 1349 1748 1426 expensarumcirca
1757 1356 1865 1414 remet
1874 1352 1956 1417 nnc

316 1433 466 1512 obligatio
491 1428 725 1510 compensandi.
749 1430 855 1492 Videri
870 1435 973 1510 potest
991 1432 1106 1493 Dioast.
1162 1437 1223 1510 tus,
1239 1433 1284 1493 ita
1294 1434 1502 1495 communiter
1515 1451 1633 1497 omnes.
1658 1439 1703 1498 llo
1718 1438 1825 1501 labore
1839 1437 1956 1518 proba·

316 1541 335 1584 o
348 1526 436 1598 661,
450 1521 503 1582 ubi
513 1517 1105 1602 16166666166666166666666661366ς
1162 1524 1223 1598 tur,
1240 1521 1315 1601 quia
1328 1522 1409 1583 siout
1421 1539 1479 1601 par
1492 1523 1570 1586 alios
1583 1525 1685 1604 potnit
1705 1527 1847 1589 laborem
1865 1527 1955 1588 illum

315 1611 391 1674 item
406 1610 530 1672 Petsch.
545 1627 565 1669 o
577 1627 609 1689 p.
634 1611 693 1670 231
717 1609 1107 1687 66666661961666616
1163 1608 1314 1670 adhibere
1341 1615 1373 1672 66
1385 1611 1470 1690 quod
1491 1627 1549 1690 pro
1570 1629 1607 1672 eo
1627 1613 1836 1692 expendisset,
1858 1615 1956 1676 dedu·

315 1703 433 1777 autem,
456 1717 495 1759 an
517 1715 578 1774 res,
599 1715 669 1777 666
691 1699 776 1775 opud
795 1696 946 1777 injustum
968 1699 1107 1760 detento·
1162 1715 1244 1774 cere,
1257 1698 1302 1759 sic
1316 1698 1490 1760 laborando
1510 1700 1720 1780 perseipsum
1736 1707 1839 1781 potest
1852 1703 1957 1764 dedu-

315 1786 500 1868 remperiit,
521 1785 662 1865 peritura
684 1783 804 1863 fuisset,
834 1786 918 1868 apud
945 1786 1107 1849 dominum
1162 1801 1233 1846 oera
1248 1787 1364 1850 laboris
1387 1787 1524 1867 pretium
1555 1809 1562 1849 :
1591 1789 1738 1868 praesumi
1760 1791 1842 1851 enim
1862 1791 1957 1854 debet

315 1877 437 1939 censeri
455 1875 551 1936 debet
577 1891 640 1935 non
667 1873 762 1934 fnisse
790 1875 948 1953 peritura;
973 1875 1107 1954 ideoque
1162 1875 1297 1936 voluisse
1321 1876 1477 1954 laborare,
1504 1895 1567 1938 non
1588 1879 1697 1958 gratis,
1714 1879 1773 1940 sed
1789 1897 1846 1960 pro
1870 1897 1958 1942 eom·

314 1969 382 2027 tota
401 1960 596 2025 restituenda
615 1963 672 2038 est,
692 1960 737 2022 nti
757 1961 872 2023 dooent
891 1964 1005 2024 Bonos.
1025 1961 1105 2023 Lesa.
1161 1963 1255 2026 modo
1271 1983 1339 2043 suo,
1362 1965 1468 2044 reipsa
1485 1970 1593 2026 antem
1621 1966 1775 2029 laborarit
1798 1987 1854 2046 pro
1869 1985 1958 2031 com·

315 2053 419 2116 Tomi).
437 2051 512 2132 qaia
525 2049 681 2130 possessio
696 2053 742 2112 est
756 2067 813 2130 pro
828 2051 993 2114 existentia
1005 2051 1071 2125 rei3
1089 2068 1106 2112 e
1161 2052 1255 2114 modo
1269 2052 1388 2114 domini
1403 2053 1458 2130 rei,
1475 2053 1519 2115 ita
1544 2056 1644 2133 Lugo,
1669 2076 1700 2116 o.
1716 2059 1764 2118 66.
1784 2058 1896 2120 llamb.
1916 2075 1946 2120 c.

315 2143 424 2202 contm
438 2139 471 2200 in
485 2139 581 2200 dubio
596 2137 635 2198 66
650 2137 783 2214 damnis,
799 2138 850 2198 vel
868 2138 962 2200 lucris
981 2145 1107 2200 secutu—
1162 2144 1211 2214 11;
1231 2142 1355 2205 Petsch.
1366 2161 1400 2222 p.
1417 2144 1488 2204 518.
1505 2139 1549 2202 166
1563 2141 1707 2222 expensis
1721 2145 1833 2206 saltem
1847 2163 1957 2206 neces-

314 2229 358 2290 ris
373 2227 494 2290 restitui
504 2227 598 2288 debet
612 2244 669 2306 pro
679 2231 748 2287 rata
762 2225 860 2303 dubii,
877 2227 951 2307 quie
965 2228 1054 2288 lucra
1067 2245 1105 2289 ex
1160 2229 1261 2308 seriis,
1278 2231 1412 2292 habetur
1433 2229 1471 2291 L.
1487 2229 1623 2299 Domum,
1650 2228 1722 2292 Cod.
1745 2230 1781 2292 da
1794 2233 1839 2293 rei
1850 2233 1954 2294 cendi-

314 2333 349 2378 re
367 2315 509 2379 nondum
536 2313 674 2376 existant
702 2332 709 2375 :
735 2331 811 2394 ergo
835 2333 898 2377 uon
917 2317 1102 2396 possident3
1159 2319 1289 2388 catione:
1312 2320 1402 2381 Ratio
1425 2323 1531 2382 autem
1552 2324 1694 2388 6666661
1719 2319 1793 2402 quia
1807 2321 1956 2384 dominus

313 2423 415 2487 neque
438 2403 585 2467 dominns
608 2407 655 2466 est
678 2402 709 2462 in
735 2402 931 2484 possessione
959 2409 1105 2484 respectu
1159 2406 1226 2485 ipse
1254 2425 1308 2469 eas
1335 2408 1439 2469 lacere
1463 2405 1632 2484 debuisset,
1649 2411 1717 2468 tum
1737 2407 1813 2489 quia
1834 2409 1957 2474 imatus

313 2509 433 2570 eornm,
442 2491 498 2553 sed
512 2490 645 2570 injustas
659 2487 803 2552 detentor
813 2494 860 2552 est
874 2491 1023 2569 potiusin
1034 2510 1104 2571 pos-
1160 2513 1223 2555 non
1237 2494 1333 2557 habet
1347 2496 1500 2557 rationem
1514 2493 1644 2573 fructus,
1666 2494 1725 2555 nisi
1745 2496 1891 2561 66666616
1906 2499 1957 2560 his

313 2581 450 2646 sessione
464 2593 727 2651 rerumsuarnm3
751 2595 823 2658 spos
836 2583 944 2640 tamen
964 2579 1056 2656 lucri,
1074 2585 1105 2640 et
1160 2583 1314 2662 expensis,
1332 2583 1355 2646 l.
1372 2585 1421 2661 36,
1437 2581 1523 2664 §fixa
1535 2583 1570 2662 ff.
1587 2581 1622 2644 66
1635 2583 1767 2646 teredii.
1786 2587 1958 2668 potitium

312 2669 487 2748 periculum
501 2665 608 2726 damni
623 2669 670 2726 est
684 2663 716 2724 in
730 2665 945 2743 possessione:
964 2685 1039 2747 ergo
1055 2685 1105 2729 ee·
1160 2673 1255 2732 etiam
1278 2672 1352 2752 quia
1365 2689 1423 2751 per
1445 2689 1597 2750 expensas
1628 2677 1832 2734 conservatur
1848 2691 1902 2736 res
1926 2679 1958 2738 et

312 2757 451 2820 eundum
473 2752 707 2835 proportionem
734 2755 789 2814 tali
818 2755 886 2835 spei
918 2762 950 2817 et
972 2756 1103 2834 periculi
1159 2766 1330 2822 causantur
1352 2760 1490 2837 fruetus,
1516 2759 1659 2839 adeoque
1680 2778 1826 2840 expensae
1846 2761 1959 2841 ingre·

312 2844 540 2907 restituendum
554 2845 613 2918 est,
630 2841 675 2901 ita
692 2842 816 2903 Petsch.
825 2861 860 2924 p.
877 2846 947 2907 131.
1159 2847 1288 2911 diuntnr
1302 2847 1390 2929 quasi
1405 2865 1455 2910 res
1485 2851 1516 2910 66
1534 2849 1654 2910 boetus
1685 2867 1691 2908 :
1721 2867 1798 2928 ergo
1826 2867 1957 2930 aeqnnm

243 2961 284 3009 ns
351 2933 370 3014 6
384 2937 432 2996 16.
449 2933 482 2996 si
492 2932 637 2994 detentor
648 2929 781 2992 fueritin
789 2932 944 2994 malefido
958 2937 1104 3014 respectu
1119 3009 1121 3012 ¹
1159 2941 1216 3014 666,
1232 2941 1268 2998 66
1282 2937 1334 3016 qui
1349 2937 1416 2998 vult
1429 2953 1495 2997 rem
1523 2938 1556 2996 66
1583 2935 1712 3012 fruetus,
1729 2937 1811 2997 leret
1830 2953 1958 3016 expen-

312 3023 368 3099 rei,
380 3022 435 3083 sed
450 3037 512 3082 non
522 3023 665 3097 respectu
680 3017 848 3097 auctuum,
869 3021 944 3100 quia
956 3039 987 3084 v.
1006 3041 1039 3102 g.
1056 3022 1105 3082 in·
1159 3043 1220 3087 sas.
1237 3025 1324 3087 idem
1338 3025 1462 3086 videtur
1476 3021 1644 3084 dicendum
1666 3023 1706 3083 de
1729 3023 1873 3103 expensis
1895 3024 1959 3088 uti-

309 3107 955 3188 616616111666666661616666661616666666
971 3127 1105 3172 oonenr-
1158 3114 1252 3189 libus,
1269 3115 1314 3174 uti
1329 3113 1443 3174 docent
1456 3113 1584 3173 Coram.
1599 3111 1705 3173 Molin.
1725 3111 1807 3174 Sair.
1830 3113 1954 3176 ltebell.

310 3202 399 3261 rente
412 3201 519 3278 partos
537 3195 604 3256 lieri
629 3209 713 3272 suns,
730 3193 756 3255 si
770 3195 804 3256 hi
818 3195 939 3258 fructus
957 3215 1021 3260 666
1037 3215 1102 3258 am·
1161 3203 1276 3262 Novar.
1289 3203 1373 3262 Less.
1390 3201 1532 3277 Castrop.
1550 3199 1612 3260 1116.
1627 3217 1660 3260 a.
1676 3201 1727 3275 51,
1748 3215 1822 3261 nam
1841 3217 1959 3280 quam-

311 3287 393 3372 plins
408 3290 540 3362 exstent,
553 3301 610 3345 nco
624 3283 697 3344 inde
712 3283 752 3344 sit
764 3283 865 3346 factus
880 3285 983 3364 ditior,
1001 3303 1103 3367 neque
1160 3287 1395 3365 6161116661,
1420 3289 1438 3366 5
1461 3285 1514 3348 Ee
1529 3287 1882 3372 6166666,Ιῇ116666616.
1902 3289 1959 3350 do·

311 3377 408 3440 etiam
423 3375 569 3437 dominus
589 3390 643 3434 eos
664 3375 872 3452 percepturus
895 3373 1014 3451 fnisset,
1040 3393 1102 3437 non
1157 3378 1229 3441 mio.
1251 3376 1422 3456 possessori
1441 3376 1532 3437 malae
1555 3375 1630 3438 fidei
1650 3379 1784 3455 negetur
1804 3377 1889 3440 actio
1915 3377 1958 3440 ad

310 3468 437 3528 tenetur
450 3477 668 3541 compensare,
684 3459 729 3522 uti
743 3464 828 3522 recte
842 3464 941 3540 Lnga,
958 3481 989 3523 n.
1005 3465 1055 3539 53,
1072 3466 1103 3525 66
1157 3465 1227 3526 illas
1241 3463 1442 3543 repetendas,
1461 3479 1531 3524 cnm
1551 3465 1658 3523 temen
1678 3463 1721 3525 616
1740 3463 1791 3524 lex
1803 3465 1955 3544 poenalis,

310 3549 432 3612 Petsclr.
442 3570 477 3630 p.
490 3551 559 3627 161,
577 3567 594 3610 6
618 3551 728 3610 contra
750 3549 894 3626 quemvis
910 3550 962 3611 ille
985 3550 1103 3612 bonam
1158 3569 1221 3614 non
1236 3551 1354 3629 obligat
1368 3551 1400 3610 16
1408 3549 1600 3611 conscientie
1614 3553 1686 3611 ente
1700 3551 1889 3614 sententiam
1901 3555 1957 3617 Ju-

308 3638 403 3700 lldem
417 3637 573 3714 habuerit,
591 3639 622 3698 et
636 3653 698 3697 non
712 3636 753 3696 sit
767 3637 868 3698 lactus
883 3637 987 3716 ditior,
1004 3639 1030 3700 si
1053 3643 1103 3701 ta·
1158 3638 1236 3702 dicis
1266 3644 1297 3699 et
1310 3637 1415 3715 reipsa
1426 3637 1513 3716 rigor
1527 3635 1609 3699 illius
1632 3636 1712 3716 legis
1730 3637 1893 3716 mitigatus
1908 3645 1959 3704 est

308 3740 381 3788 men
395 3726 541 3788 dominus
555 3728 825 3804 eoeperceptnrns
839 3726 958 3805 fuisset,
976 3731 1102 3790 tenetur
1156 3744 1214 3806 per
1237 3726 1258 3788 i.
1280 3729 1328 3801 38,
1344 3725 1379 3803 ff.
1400 3723 1436 3786 de
1453 3723 1561 3786 bened.
1582 3743 1698 3805 posses.
1719 3724 1792 3789 hinc
1812 3727 1914 3790 etiam
1930 3729 1954 3794 l.

309 3832 524 3895 compensare,
541 3813 690 3895 quiahoc
713 3813 864 3876 damnum
888 3819 1101 3879 astoenseou-
1156 3818 1214 3894 61,
1240 3815 1274 3896 ff.
1298 3813 1438 3877 Familia
1459 3813 1633 3876 66666666
1652 3815 1796 3876 absalme
1819 3817 1955 3897 dicitur,

308 3910 377 3968 tum
390 3923 429 3967 ex
441 3904 559 3985 injusta
568 3902 635 3984 ejus
650 3903 832 3984 acceptione
849 3923 857 3965 :
874 3905 918 3968 ita
928 3906 1051 3969 Petsoh.
1062 3926 1098 3988 p.
1156 3907 1371 3984 impensarum
1393 3903 1473 3966 ratio
1491 3902 1600 3964 haberi
1622 3902 1727 3980 debet,
1752 3905 1827 3983 quia
1847 3906 1958 3968 nullas

308 3997 378 4058 229.
1157 4011 1248 4056 66666
1262 3993 1396 4054 inveniri
1409 3995 1522 4072 potest,
1532 3992 1585 4072 qni
1600 3993 1663 4054 hoo
1674 4007 1775 4072 genus
1790 3991 1957 4056 66666616-

240 4119 282 4167 „0
348 4082 429 4162 611.
447 4080 479 4145 61
493 4079 592 4142 'litias
619 4080 781 4144 mandavit
789 4081 926 4162 lemnio,
948 4087 983 4147 ut
1005 4084 1102 4147 ferret
1157 4084 1205 4146 nis
1219 4083 1388 4162 impediat;
1405 4081 1529 4143 stratio
1544 4085 1602 4158 est,
1620 4082 1695 4162 quia
1716 4079 1877 4145 etiam-bic
1893 4083 1957 4146 uti·

309 4172 383 4236 Gaio
398 4171 627 4232 donatemase
641 4187 811 4251 gemmam,
834 4171 970 4234 famulus
995 4178 1102 4235 entem
1156 4171 1228 4234 liter
1254 4169 1351 4251 gessit
1365 4169 1527 4249 negotium
1546 4169 1664 4231 domini
1695 4187 1702 4232 :
1727 4185 1802 4250 orgo
1824 4185 1957 4250 6666661

309 4277 367 4340 per
380 4258 534 4335 fraudem,
551 4263 583 4320 66
597 4277 635 4320 ex
656 4259 749 4338 culpe
762 4261 851 4339 gravi
875 4261 999 4324 differat
1019 4263 1101 4324 ferre
1157 4264 1215 4337 ost,
1223 4263 1259 4322 66
1272 4259 1410 4320 6666666
1434 4273 1600 4337 expensas.
1626 4259 1742 4321 Puta-nt
1756 4257 1887 4340 quidem
1896 4260 1957 4322 ali-

309 4345 459 4425 usquead
474 4349 608 4407 mortem
630 4345 702 4408 'litii
717 4349 832 4409 666666
842 4363 1001 4426 gemmam
1014 4351 1101 4411 illam
1157 4351 1222 4430 qui,
1237 4347 1264 4410 si
1278 4367 1328 4410 res
1340 4347 1405 4428 jam
1420 4344 1594 4410 redieritad
1603 4347 1776 4426 66616666,
1787 4365 1957 4429 nonposse

308 4433 716 4518 666666,116116.6.163,6.
741 4439 770 4497 7.
789 4437 907 4498 Saneh.
923 4437 958 4499 de
971 4438 1064 4500 Matr.
1078 4439 1099 4500 l.
1156 4453 1369 4518 possessorem
1392 4434 1482 4496 melae
1496 4435 1570 4497 lidei
1593 4451 1759 4516 reposcere
1782 4451 1953 4516 expensas,

309 4527 339 4602 l,
355 4523 385 4586 d.
402 4526 432 4600 6,
448 4541 479 4583 u.
501 4525 529 4586 8.
553 4525 639 4584 Lesa.
653 4521 673 4583 l.
699 4525 728 4600 1,
745 4541 771 4585 6.
788 4527 839 4602 16,
857 4545 889 4586 o.
906 4529 961 4600 16;
983 4526 1098 4589 1116666.
1157 4526 1230 4607 quie
1240 4526 1271 4586 in
1285 4524 1353 4586 foro
1364 4525 1490 4586 externo
1502 4529 1693 4604 negarentur
1701 4521 1772 4603 ipsi,
1784 4524 1836 4585 oni
1849 4523 1957 4588 domi·

309 4613 331 4678 1.
343 4615 374 4690 1,
393 4621 415 4675 t.
431 4617 461 4689 1,
476 4631 508 4673 n.
526 4613 720 4690 1666166116
737 4613 836 4675 teneri
853 4615 992 4676 valorem
1013 4633 1102 4695 gem·
1156 4635 1215 4677 nus
1229 4613 1275 4676 rei
1289 4631 1323 4674 66
1343 4615 1447 4692 potest
1465 4629 1522 4692 pro
1541 4612 1610 4674 loro
1628 4612 1751 4674 interno
1771 4629 1957 4678 accommo-

308 4717 369 4765 mae
395 4701 559 4763 restituere
587 4700 720 4779 duobus,
746 4701 899 4781 imprimis
922 4702 1101 4764 heredibus
1156 4700 1744 4782 dare:quandocunqueenimlexjuste
1753 4703 1956 4780 6636666616-

309 4789 392 4869 11611,
410 4789 484 4868 qula
497 4805 570 4850 aum
584 4788 711 4850 donatio
727 4807 789 4852 non
801 4792 1038 4870 essctperfecta,
1047 4809 1102 4852 ne·
1156 4789 1278 4852 named
1290 4787 1406 4869 aliquid
1420 4789 1603 4868 petendum,
1616 4787 1789 4850 etdebitori
1805 4791 1957 4854 coneedit

310 4895 371 4964 qna
393 4879 433 4939 ad
460 4877 546 4957 piam
568 4895 707 4956 oensem,
737 4879 921 4942 mandatum
948 4879 1102 4959 expiravit
1155 4878 1384 4958 repetitionem,
1395 4875 1420 4938 si
1430 4879 1511 4938 forte
1521 4875 1658 4955 solverit,
1670 4876 1955 4957 debitorpotestin

309 4969 410 5028 morte
423 4965 602 5027 mandantis
619 4983 625 5026 :
642 4983 717 5045 ergo
733 4983 859 5045 gemme
872 4967 988 5030 mansit
1002 4967 1101 5029 6616-
1155 4967 1223 5028 foro
1247 4965 1444 5028 conscientiae
1472 4963 1549 5026 illud
1576 4965 1726 5043 retinere,
1761 4964 1808 5026 661
1834 4967 1956 5046 probat

310 5055 386 5118 dum
403 5070 409 5114 :
427 5053 540 5116 deinde
554 5053 650 5116 etiam
664 5053 748 5134 Gaio,
761 5055 834 5136 qaia
847 5074 905 5134 per
919 5055 1101 5117 diletionem
1156 5054 1323 5118 Sananda
1340 5053 1431 5117 Matr.
1453 5055 1475 5116 l.
1496 5058 1525 5131 6,
1545 5053 1575 5116 6.
1600 5057 1651 5130 38,
1673 5071 1705 5117 n.
1733 5056 1783 5130 35,
1808 5054 1954 5136 dicitque

310 5141 498 5223 culpabilem
523 5142 581 5206 linit
603 5159 699 5205 causa
721 5143 829 5205 damni
849 5161 906 5224 per
929 5145 1101 5206 carentiam
1154 5145 1243 5223 Lugo
1257 5143 1420 5204 dominnm
1434 5159 1526 5222 posse
1539 5145 1606 5204 tuto
1623 5140 1711 5220 sequi
1726 5141 1956 5204 6666666666-

309 5249 442 5315 gemmae
456 5230 586 5294 causati.
602 5229 645 5294 So
658 5232 821 5294 66666616
835 5253 864 5294 n.
880 5236 929 5295 66.
946 5233 1056 5294 'lamb
1075 5231 1097 5296 I.
1154 5234 1242 5310 tiam,
1258 5235 1349 5312 putat
1361 5235 1468 5293 tamen
1479 5247 1551 5292 eum
1562 5233 1640 5292 Nav.
1650 5236 1683 5291 66
1695 5229 1819 5292 Peteon.
1827 5247 1863 5312 p.
1875 5235 1952 5312 616,

309 5326 340 5398 8,
357 5323 468 5398 616.
485 5324 514 5398 1,
533 5322 551 5400 6
566 5323 596 5399 6,
613 5341 643 5382 6.
661 5325 693 5382 11
710 5342 718 5396 ;
741 5321 868 5400 Sporer,
886 5327 907 5382 t.
924 5325 954 5398 1,
975 5339 1000 5383 a.
1017 5325 1048 5398 1,
1065 5341 1097 5383 n.
1155 5321 1332 5400 oppositam
1347 5337 1414 5381 esse
1429 5316 1684 5397 probabiliorem,
1710 5333 1786 5380 nam
1806 5319 1954 5398 spectato

309 5413 360 5486 61,
384 5409 494 5471 616666
515 5411 591 5472 66616
614 5427 692 5490 6666,
716 5410 741 5470 61
762 5409 1005 5486 restitnetlieio,
1025 5409 1099 5489 quia
1150 5408 1222 5490 jure
1237 5412 1356 5471 naturae
1371 5409 1649 5487 potestrapetere;
1670 5406 1720 5468 lex
1743 5408 1851 5470 entem
1875 5421 1954 5475 con·

311 5496 472 5578 probabile
487 5502 534 5562 est
541 5499 726 5563 mandatnm
740 5497 911 5561 1666666116
940 5501 971 5560 et
984 5497 1099 5578 gratio·
1153 5497 1463 5576 cedenspotestatem
1481 5511 1545 5558 non
1566 5493 1709 5558 solvendi
1729 5497 1778 5559 est
1796 5495 1949 5576 6666116,
