4056 6344
614 567 666 630 ou
686 560 1249 628 6666616116166666116666.
1694 555 1753 618 out

109 760 181 822 ente
196 755 357 819 restitutos
372 771 537 836 expensos,
554 754 614 814 nisi
625 755 803 832 appareret,
820 751 905 832 qnod
960 765 1036 811 666
1044 753 1217 828 ⁸expectere
1231 763 1289 828 pro
1304 744 1470 808 collatione
1483 742 1627 807 beneficii
1642 760 1755 806 vacan-

109 863 162 907 666
185 845 310 907 fecisset
331 863 410 923 pure
432 843 462 904 in
497 842 639 903 favorem
665 839 813 902 Ecclesiae
835 840 905 900 sinc
960 838 999 899 tis
1014 855 1071 916 por
1085 837 1315 898 assecutionem
1327 835 1467 911 alterius,
1484 833 1570 914 quod
1584 839 1632 895 est
1645 836 1757 896 contro

109 933 214 996 animo
229 951 283 994 eas
296 932 470 1014 repetendi,
486 933 610 1008 Laym„
628 928 737 1008 Pyrh.,
755 927 775 989 1.
793 931 822 1002 3,
837 937 859 989 t.
872 932 903 996 5,
960 926 1098 1006 praxim;
1115 926 1221 1006 itaque
1235 925 1313 987 satis
1327 924 1564 986 estinteriluere
1579 922 1659 984 duos
1669 939 1755 982 men·

107 1017 277 1076 116116159.
302 1014 333 1075 Si
358 1019 463 1074 aulem
491 1010 646 1085 fundailO,
676 1009 725 1070 vel
751 1013 905 1070 statutum
960 1033 1021 1091 ses,
1046 1018 1136 1094 Lap„
1171 1017 1275 1090 Gsrc„
1309 1012 1470 1089 Quintam,
1506 1012 1619 1087 Castu,
1655 1011 1752 1087 120th

108 1102 236 1178 habeat,
253 1105 288 1163 ut
301 1101 445 1164 obtineas
460 1101 521 1162 1616
537 1097 725 1159 beneficium
746 1115 810 1158 666
834 1113 905 1176 pos·
960 1106 1066 1179 Lacr„
1082 1121 1112 1184 q,
1136 1105 1193 1164 100
1216 1110 1244 1162 et
1267 1104 1338 1179 107,
1358 1120 1439 1162 num,
1465 1105 1495 1162 2.
1520 1101 1560 1162 Et
1583 1099 1608 1160 si
1631 1098 1669 1160 lis
1691 1115 1756 1159 non

109 1191 148 1252 sit
160 1190 255 1251 simul
270 1189 386 1250 habere
399 1187 497 1264 aliud,
515 1191 628 1266 putant
642 1185 744 1250 Aser..
762 1189 793 1246 ct
807 1183 902 1260 Lctt.‚
960 1197 1135 1268 moveatur,
1161 1190 1263 1268 Gara,
1279 1193 1370 1269 putet
1384 1189 1571 1250 beneficium
1583 1187 1671 1267 prius
1684 1203 1756 1248 cen·

109 1279 194 1358 opud
208 1281 315 1355 Leuc,
331 1297 361 1360 q.
377 1279 428 1354 93,
445 1276 583 1356 primum
603 1273 675 1354 jure
697 1274 767 1353 ipso
791 1290 905 1334 vacare
960 1279 1021 1340 seri
1036 1295 1164 1340 vacasse
1179 1277 1279 1350 initio;
1297 1279 1439 1338 econtra
1455 1274 1573 1354 Reluff.
1591 1273 1667 1336 dicit
1684 1291 1756 1334 cen·

109 1386 166 1447 per
186 1367 400 1429 obtentioncm
415 1365 557 1442 secundi,
576 1363 651 1445 quia
665 1381 722 1442 per
743 1361 905 1424 admissio·
961 1367 1023 1428 seri
1048 1367 1150 1447 primo
1173 1383 1302 1428 vacasse
1326 1364 1358 1426 in
1384 1365 1446 1426 666
1471 1364 1595 1426 illorum
1620 1363 1755 1424 duorum

110 1473 183 1516 nem
194 1454 460 1535 hujusvidcturse
472 1453 606 1514 reddere
617 1452 800 1530 incapacem
810 1451 902 1511 illius.
962 1457 1129 1518 mensium.
1147 1455 1254 1517 Videri
1277 1459 1409 1534 possunt
1431 1456 1546 1530 66616,
1568 1471 1602 1534 p.
1629 1453 1659 1528 3,
1684 1451 1703 1530 6
1722 1452 1753 1528 6,

44 1567 81 1614 66
148 1543 231 1622 516·
248 1545 340 1606 Putat
354 1542 438 1603 idem
454 1543 711 1621 Gale-,P·ll‚t·
735 1542 766 1616 5,
783 1559 814 1600 n·
831 1541 903 1614 410,
960 1563 1039 1606 num.
1056 1549 1106 1612 66,
1122 1542 1305 1612 6111666616
1320 1542 1412 1624 denes.
1429 1541 1495 1603 dr'ot.
1511 1545 1561 1609 61,
1577 1559 1659 1602 num.
1675 1541 1706 1600 11.

109 1653 149 1695 ex
163 1631 376 1694 declaratione
392 1633 424 1694 S.
442 1631 554 1711 Gong.‚
577 1629 603 1690 si
627 1627 812 1690 Ordinarins
831 1643 907 1688 con·
1001 1634 1083 1713 660,
1100 1636 1142 1696 Ut
1156 1634 1323 1696 inducatur
1336 1633 1458 1694 vaoafio
1472 1630 1585 1711 prioris
1596 1627 1752 1705 beneficii,
1781 1633 1823 1681 66

108 1721 192 1784 ferat
203 1719 333 1783 'tertium
347 1717 536 1782 beneficium
548 1716 677 1778 habenti
690 1715 758 1795 jffln
782 1716 845 1777 duo
861 1715 907 1776 iss-
960 1721 1057 1784 debet
1078 1723 1233 1802 possessio
1256 1721 1438 1803 posterioris
1460 1721 1555 1783 etism
1581 1737 1648 1780 esse
1671 1719 1756 1779 fruc-

109 1810 309 1886 suffieientia,
335 1827 450 1870 vocare
474 1807 528 1868 616
551 1807 614 1868 666
638 1805 751 1884 prima,
778 1804 803 1866 si
827 1804 906 1866 illud
961 1813 1062 1888 tuosa,
1079 1809 1658 1891 661166666636666666661666,
1675 1805 1754 1868 alios

108 1899 239 1962 tertium
254 1899 293 1961 sit
307 1918 364 1979 per
377 1917 410 1960 se
423 1896 599 1969 661661666;
617 1895 642 1956 61
658 1899 764 1956 sutem
780 1912 842 1955 non
866 1893 907 1954 sit
962 1917 1024 1960 non
1041 1905 1186 1962 censetur
1200 1899 1291 1979 plene
1310 1899 1474 1980 possideri,
1498 1917 1525 1960 c.
1553 1896 1593 1958 Si
1614 1895 1670 1957 tibi
1688 1913 1755 1958 666-

109 1989 280 2066 sufficiens,
297 1987 412 2050 debere
427 2003 525 2047 unum
540 2004 578 2045 ex
592 1983 776 2063 praehabitis
791 1981 907 2044 dimitti
961 2005 1046 2058 cesso,
1076 1987 1111 2048 de
1136 1987 1231 2070 proeb.
1261 1988 1294 2048 io
1315 1991 1346 2060 6;
1369 1987 1464 2065 Abb,
1484 1985 1620 2064 Rebutl„
1645 1986 1752 2058 Azon,

110 2078 250 2158 alloquin
265 2077 358 2140 ambo
380 2080 554 2138 vadatura:
575 2071 697 2135 sedulii
718 2072 750 2132 in
773 2071 833 2134 hoo
859 2071 907 2133 ul·
963 2079 1203 2156 Garc„Coras,‚
1219 2080 1334 2156 Castu,
1359 2079 1465 2154 Leun,
1493 2096 1524 2159 q,
1550 2078 1618 2138 101.
1644 2075 1756 2135 Censo-

110 2167 189 2230 timc
230 2166 457 2232 contradicunt,
499 2181 572 2225 666
611 2164 784 2224 secundum
823 2163 908 2225 dicta
961 2169 1014 2227 tur
1040 2170 1146 2228 autem
1172 2167 1200 2228 ci
1228 2166 1400 2242 fructuosa,
1431 2165 1456 2226 si
1483 2164 1550 2245 ejus
1577 2161 1756 2224 boercdibus

110 2275 196 2318 oum.
221 2259 291 2332 901,
314 2253 479 2334 probabile
501 2257 548 2314 est
571 2270 663 2332 posse
690 2252 792 2314 eidem
815 2253 908 2332 pluro
961 2258 1033 2333 post
1059 2259 1194 2316 mortem
1227 2255 1398 2316 obveniant
1420 2253 1551 2328 tructus,
1582 2249 1756 2312 secundum

109 2343 335 2406 insufficientia
350 2342 483 2404 conferri
494 2361 592 2422 usque
603 2342 644 2403 ad
659 2357 906 2421 congruamsus-
962 2343 1046 2404 dicta
1072 2361 1153 2403 uum.
1184 2345 1253 2420 613,
1286 2342 1462 2424 docentque
1499 2342 1613 2418 66616,
1648 2340 1753 2414 Gora,

111 2433 333 2498 tentationem.
961 2435 1067 2510 Lean,
1083 2452 1113 2514 q.
1132 2435 1200 2505 1023
1218 2432 1303 2492 aliud
1319 2435 1427 2494 autem
1441 2435 1498 2506 est,
1514 2430 1539 2492 si
1558 2427 1756 2508 applicentur

41 2542 86 2588 66
150 2524 233 2602 §tu
251 2521 283 2584 Si
298 2539 336 2582 ex
350 2520 583 2600 dispensatione
598 2519 728 2581 habenti
742 2520 833 2599 plura
850 2519 907 2580 bc·
961 2520 1234 2597 fabricamcnsae
1248 2515 1756 2599 1161666666,6611616666116666

111 2609 634 2673 66116166661661666616666666
656 2609 904 2688 incompatibile3
962 2609 1144 2671 dividantur
1161 2629 1167 2670 :
1185 2612 1216 2670 ct
1230 2609 1262 2669 id
1277 2608 1431 2688 impedire
1447 2625 1508 2668 non
1524 2604 1622 2685 possit
1640 2603 1755 2665 beneti-

111 2703 216 2776 6666,
235 2699 337 2776 carc,
354 2697 454 2775 Pero,
470 2697 585 2759 docent
597 2716 636 2757 ex
661 2695 686 2758 C
688 2696 753 2760 lem.
782 2697 820 2760 St
839 2699 907 2779 pln-
962 2697 1061 2759 cintus
1078 2717 1085 2758 ε
1100 2696 1288 2759 beneficium
1301 2696 1385 2756 enim
1399 2701 1489 2758 tuum
1502 2711 1564 2756 non
1574 2694 1755 2773 potestesse

111 2809 169 2866 res,
186 2785 382 2870 deprehensi.
399 2805 436 2848 co
452 2787 519 2867 ipso
534 2804 647 2847 vacare
662 2785 768 2847 omnin
787 2787 905 2867 priora,
962 2786 1022 2866 ipsi
1035 2786 1244 2858 fructuosum3
1262 2787 1366 2863 Garc,
1383 2787 1497 2859 Gastn,
1513 2786 1620 2853 bour..
1634 2801 1665 2863 q.
1683 2781 1752 2841 101.

112 2879 237 2942 etiamsi
249 2877 372 2940 collatio
382 2877 482 2940 ultimi
495 2873 733 2938 essetinralidn.
745 2876 783 2938 V.
798 2879 905 2956 Leon,
1002 2879 1083 2954 661.
1114 2875 1147 2937 Si
1171 2875 1273 2935 solum
1295 2873 1347 2935 vic
1369 2874 1442 2936 fecti
1465 2872 1591 2953 injuste,
1617 2873 1755 2932 attamen
1782 2877 1824 2926 66

111 2988 143 3051 q.
161 2971 213 3030 95.
962 2965 1097 3027 scienter
1111 2964 1264 3040 obtineas,
1282 2967 1314 3024 et
1328 2963 1456 3043 pacifice
1470 2960 1632 3041 possideas
1645 2975 1755 3020 secun·

40 3083 85 3129 crs
153 3057 173 3137 §
188 3059 235 3118 18.
252 3055 393 3132 11666116,
410 3054 449 3115 de
465 3069 528 3134 qua
542 3052 704 3130 hactenus,
730 3072 792 3116 non
816 3053 908 3114 indo·
963 3053 1039 3113 dum
1054 3052 1256 3129 beneficium,
1273 3051 1510 3130 6666166666
1521 3046 1756 3130 1666666666-

113 3145 198 3208 citur
210 3145 339 3224 precise
355 3161 411 3224 per
429 3141 627 3202 collationem
650 3140 744 3202 etiam
766 3145 908 3220 accepts·
962 3137 1756 3220 661616166616661666666661666661666666666

112 3239 193 3312 166,
210 3232 265 3294 sed
285 3229 484 3312 praerequirit
505 3228 653 3308 adeptam
676 3229 907 3308 possessionem
962 3229 995 3291 in
1019 3230 1128 3291 odium
1150 3229 1314 3309 capientis,
1338 3228 1441 3306 Acon,
1466 3232 1571 3304 tiore,
1598 3223 1753 3306 Cecrope,

113 3322 281 3404 66616666
296 3317 477 3400 posterioris
490 3316 645 3393 beneficii,
661 3335 726 3397 cap.
754 3315 840 3378 Licet
861 3314 908 3376 Ε·
962 3317 1043 3381 Lott.
1069 3319 1156 3381 Idem
1178 3324 1235 3396 est,
1260 3317 1285 3379 si
1310 3318 1509 3392 beneficium,
1535 3315 1575 3378 ad
1599 3312 1683 3394 quod
1702 3310 1755 3393 jus

106 3409 260 3492 piscopos,
276 3408 312 3470 dc
321 3405 417 3490 proeb.
437 3406 468 3466 in
490 3407 521 3482 6,
543 3413 622 3467 ectr.
647 3404 848 3484 Ececrobitis,
865 3405 908 3466 A·
963 3407 1072 3487 babes,
1089 3406 1237 3486 pervim,
1254 3410 1310 3468 aut
1322 3406 1450 3486 proprie
1464 3403 1649 3467 auctoritate
1664 3418 1755 3463 occu·

111 3515 189 3565 zor„
215 3495 316 3560 Poris.
342 3496 452 3563 Custr„
477 3492 610 3570 Gerros,
638 3492 741 3573 Gurc„
770 3493 827 3556 nisi
852 3511 908 3574 per
962 3512 1029 3573 pes,
1045 3516 1071 3558 c.
1089 3495 1168 3557 Eum
1183 3496 1244 3577 qui.
1261 3493 1398 3576 deproed.
1420 3495 1451 3555 tn
1466 3497 1495 3556 6.
1522 3493 1621 3570 Pirb.,
1645 3492 1752 3566 Leun,

112 3586 276 3668 provisum
291 3587 361 3660 stet,
379 3581 547 3664 quominus
559 3581 791 3661 possessionem
805 3587 908 3661 poste·
961 3603 992 3666 q.
1009 3587 1078 3647 106.

112 3675 209 3738 rioris
223 3673 424 3754 adipiscatur;
442 3673 545 3748 carc,
563 3673 659 3748 Cast,
676 3673 772 3749 hott,
797 3674 905 3750 Leun,
1003 3674 1085 3752 §ab
1103 3672 1145 3734 Ut
1158 3669 1316 3732 indicatur
1329 3669 1452 3732 vacatio
1467 3667 1644 3749 probabili,
1661 3665 1756 3728 debet
1782 3681 1823 3728 66

112 3787 144 3847 q.
154 3767 205 3827 91.
217 3762 304 3836 Quod
315 3761 502 3841 sipossessio
512 3759 694 3839 posterioris
709 3761 749 3820 sit
763 3761 906 3840 6661666,
962 3767 1131 3841 utrumque
1145 3760 1333 3821 beneficium
1348 3777 1415 3820 csse
1431 3759 1578 3821 collatum
1592 3758 1624 3818 in
1643 3773 1756 3836 porpe-

114 3847 908 3928 sedoriaturlisdeilliustitnlo‚vocatiopriorisnon
961 3855 1063 3928 tuum,
1078 3849 1144 3910 sive
1159 3849 1190 3909 in
1205 3849 1341 3926 titulum,
1366 3849 1432 3910 sive
1455 3848 1486 3909 in
1509 3845 1752 3910 commendam:

115 3939 288 4016 inducitur,
313 3957 363 4016 66,
389 3937 415 3998 si
439 3936 491 3998 lite
514 3935 617 4015 cadat,
646 3938 729 3998 omni
756 3938 907 4000 beneficio
962 3935 1752 4012 etitabenelrciummanunleinducetvscetionem,

116 4034 236 4104 carest3
253 4026 346 4106 Luco,
365 4025 461 4089 etalii
477 4027 669 4102 cumLeur.,
686 4045 716 4108 q.
738 4029 909 4104 98,contrn
962 4029 988 4092 si
1017 4028 1197 4091 conferetur
1224 4026 1255 4088 in
1283 4031 1483 4108 perpetuum,
1519 4025 1614 4101 Abb,
1648 4025 1751 4100 6666,

116 4121 232 4194 16666,
252 4117 351 4192 Ture,
366 4119 398 4177 et
411 4113 499 4176 ulios.
518 4113 549 4176 Si
564 4132 639 4174 vcro
661 4115 713 4194 qui
729 4113 857 4176 obtento
872 4113 908 4178 u·-
963 4118 1062 4194 rim,
1079 4119 1186 4194 Leon,
1203 4135 1233 4198 q.
1250 4119 1318 4179 106.

115 4208 183 4270 1616
199 4205 290 4268 unius
308 4203 464 4280 beneficii,
480 4202 905 4282 absqueilliuspcssessione,
1001 4206 1081 4284 663.
1099 4205 1255 4266 Beneficia
1269 4205 1364 4265 etiarn
1379 4203 1599 4266 insufficientia
1613 4207 1686 4266 6661
1709 4201 1754 4262 ia·
1781 4215 1823 4264 66

116 4291 646 4361 66116661666666666666116166
669 4290 851 4372 litigiosum,
877 4297 932 4368 ct,
963 4293 1343 4373 666661161116,616666
1367 4294 1529 4374 requirent
1552 4292 1754 4355 residentiam

114 4385 300 4470 priusquam
316 4382 468 4444 efficietur
482 4380 630 4459 pacificus
644 4399 805 4459 possessor
815 4380 908 4464 hujus
962 4383 1159 4462 personalem
1173 4381 1450 4461 incompatibilem,
1472 4383 1555 4444 hanc
1578 4385 1685 4443 eutem
1705 4399 1755 4442 se·

115 4471 258 4549 secundi,
273 4469 574 4549 occipiatpnciiicnm
586 4468 815 4546 possessionem
827 4471 908 4549 prio·
964 4472 1101 4533 eundum
1115 4471 1200 4534 trid.
1216 4491 1280 4534 sess.
1296 4476 1345 4539 st,
1361 4489 1387 4532 c.
1410 4475 1458 4548 16,
1484 4471 1519 4532 de
1542 4467 1625 4554 lies„
1651 4471 1754 4551 requi-

113 4557 530 4624 risnonideovacabatillud
541 4557 713 4617 secundum
723 4557 906 4638 litigiosum,
962 4565 1037 4622 runt
1050 4561 1269 4637 canonicatus,
1291 4565 1322 4622 et
1336 4560 1495 4639 portiones
1509 4561 1541 4621 in
1560 4559 1755 4623 cathedrali·

115 4669 190 4714 cum
213 4648 245 4710 id
272 4647 380 4708 nullibi
407 4651 559 4708 61616166
586 4644 636 4718 sit;
673 4647 766 4723 ch.,
805 4649 906 4724 Less,
962 4650 1032 4726 bus,
1049 4653 1081 4710 et
1095 4649 1284 4728 collegiatis,
1301 4649 1359 4710 nisi
1375 4650 1460 4712 aliud
1485 4649 1602 4712 habent
1625 4667 1755 4712 consue·

107 4741 223 4814 6666,
240 4737 339 4815 rirb,
355 4757 384 4820 q.
401 4739 451 4798 99.
962 4739 1039 4800 tudo
1056 4759 1063 4800 :
1081 4739 1203 4820 reliqua
1217 4743 1449 4818 presumuntur
1472 4757 1542 4801 666
1564 4757 1626 4802 666
1649 4737 1755 4818 requi-

35 4849 85 4897 ost
157 4829 238 4908 §aa
260 4825 465 4899 Ouandonam
489 4823 642 4904 possessio
668 4827 834 4887 censeatur
854 4843 908 4904 66·
963 4847 1043 4905 rere,
1061 4825 1161 4906 Imol.,
1179 4827 1317 4908 116666,
1335 4828 1442 4896 Folio..
1457 4830 1564 4904 ¹Germ,
1580 4833 1612 4889 et
1626 4829 1693 4889 sola
1707 4845 1753 4887 re·

114 4917 217 4993 cilico,
234 4915 351 4977 dictum
367 4917 445 4976 esto
464 4933 544 4976 num.
568 4917 639 4975 526.
665 4915 780 4976 Putant
802 4920 908 4975 antem
962 4917 1097 4978 sidentia
1112 4921 1274 4996 perpetus,
1292 4923 1323 4980 ct
1337 4918 1468 4996 praecisa
1490 4917 1612 4979 inducit
1634 4917 1754 4978 incom-

114 5003 222 5086 Booi's.
245 5009 276 5066 61
303 5001 428 5080 Mosei,
464 5007 498 5064 nt
531 5003 720 5063 Beneficium
753 5003 908 5082 posterius
962 5003 1137 5083 patibilem,
1154 5009 1335 5066 66666166
1360 5005 1529 5066 residentia
1552 5006 1591 5065 ad
1616 5009 1751 5086 tempus,

115 5097 283 5158 censentur
296 5093 425 5173 pacifice
445 5109 634 5172 possessum,
660 5095 691 5152 et
713 5109 908 5170 consequen·
961 5092 1054 5154 simul
1067 5092 1252 5172 permittens
1273 5094 1476 5155 residentiam
1498 5113 1554 5173 pro
1578 5093 1677 5154 altero
1701 5093 1753 5153 be-

114 5187 176 5260 ter,
203 5187 238 5246 ut
260 5183 348 5254 prius
378 5181 566 5243 beneficium
589 5185 690 5257 66661,
716 5181 830 5242 debere
863 5180 908 5241 61-
962 5182 1085 5255 666616
1103 5181 1201 5258 Pirh.,
1221 5192 1325 5259 boun,
1341 5202 1370 5263 q.
1389 5187 1458 5260 119,
1474 5201 1555 5243 num.
1572 5186 1602 5242 2.
1626 5185 1690 5246 Nec
1708 5180 1753 5241 in-

115 5275 214 5334 fluere
238 5271 465 5348 annum,intra
486 5289 580 5350 quem
601 5289 661 5330 666
683 5275 847 5332 moveatur
869 5271 907 5332 lis
962 5270 1046 5332 ducit
1081 5270 1252 5332 residentia
1288 5277 1409 5333 tontum
1447 5269 1617 5343 66666666
1662 5267 1751 5345 Noc,

115 5361 327 5441 supertitulo,
344 5359 613 5439 velpossessione,
631 5359 714 5438 quod
741 5357 833 5420 Tond.
860 5359 907 5420 tli-
961 5359 1069 5438 Ascle,
1097 5359 1202 5436 Tond,
1231 5358 1332 5438 linet,
1356 5357 1446 5422 Botr.
1473 5361 1623 5432 Quaensm
1647 5361 1754 5425 66166

116 5452 160 5513 cit
173 5450 291 5512 serrari
305 5449 337 5510 in
352 5450 451 5512 661116
467 5469 473 5510 :
489 5449 545 5510 sed
568 5447 594 5509 si
609 5449 668 5509 boc
684 5465 793 5508 verum
812 5453 903 5524 esset,
960 5447 1131 5510 residentia
1143 5447 1267 5512 dicutur
1281 5447 1423 5528 praeciso,
1440 5452 1472 5509 et
1492 5445 1663 5524 causativa,
1690 5443 1754 5510 dic·

115 5537 663 5605 06116661666611616616666616616
678 5536 835 5616 integrum
850 5553 905 5598 66-
958 5539 1027 5600 166
1042 5538 1129 5598 6616.
1141 5537 1210 5600 861.
