4032 6340
607 535 723 600 sluaa
750 533 930 612 TERTIUS,
962 535 1063 601 PARS
1091 535 1115 601 Ι.
1634 527 1673 598 39

55 725 208 792 caudelam
232 725 322 788 inter
343 743 377 788 se
397 728 429 787 ct
452 741 601 806 agrum:
627 723 739 786 deinde
762 741 842 784 nnn-

56 833 139 896 quam
154 814 251 876 debet
264 832 299 874 se
315 813 432 874 directe
443 830 559 891 ponere
570 811 838 888 contrainiimum,

55 903 102 964 scd
115 903 254 964 adlatus
269 920 382 962 aversa
397 901 487 962 facie.

11 1015 39 1072 μ
87 991 144 1070 §a
160 992 274 1050 Sucrez
298 992 388 1068 putat
409 987 442 1049 in
465 985 651 1065 contagione
666 985 843 1048 Parochum

11 1093 12 1096 ’
58 1079 147 1157 ipsum
165 1077 272 1138 teneri
295 1075 354 1137 sibi
378 1075 543 1155 providere
559 1074 597 1135 dc
612 1073 842 1154 praeservativis

57 1175 80 1228 et
96 1163 255 1232 remediis
283 1162 338 1224 sed
362 1163 521 1241 Chapeav.
547 1162 658 1223 Gobat.
676 1165 708 1222 et
720 1159 839 1222 March.

56 1256 87 1316 r.
103 1259 132 1332 3,
148 1253 262 1314 dicunt
276 1251 335 1331 ipsi
350 1250 581 1330 providendum
601 1269 669 1312 esse
689 1269 708 1310 a
730 1249 842 1329 Magis-

56 1345 139 1418 tratu,
156 1339 233 1420 quia
257 1340 310 1400 hic
334 1343 381 1401 est
404 1357 497 1400 casus
517 1338 794 1416 extraordinarius,
812 1340 843 1398 et

56 1445 105 1506 pro
118 1425 306 1489 necessitate
321 1424 502 1488 communi,

11 1509 37 1590 'p
89 1515 143 1596 §b
160 1518 231 1576 Non
256 1515 350 1595 plene
374 1514 477 1576 officio
500 1532 556 1575 sno
571 1514 723 1576 satisfacit
746 1517 842 1577 Poro-

57 1601 134 1679 chus,
167 1603 221 1683 qui
262 1607 431 1683 postquam
457 1601 681 1664 moribundum
710 1603 844 1664 munivit

11 1701 13 1748 l
57 1691 202 1768 extremis
229 1711 306 1752 eum
331 1691 466 1767 deserit,
491 1709 548 1752 nec
574 1692 703 1753 ulterius
724 1693 840 1769 visitat,

11 1825 12 1828 ,
57 1778 213 1840 incohat.
242 1782 276 1840 ct
300 1778 409 1857 Steph.
435 1777 519 1839 Tum.
545 1781 576 1854 5,
599 1777 629 1838 d.
653 1782 683 1847 6,
708 1799 790 1856 oum,
810 1783 840 1841 9.

11 1905 12 1920 2
58 1865 135 1926 Ratio
154 1869 213 1943 cst,
232 1865 310 1946 qnia
323 1883 385 1945 qno
401 1865 532 1927 vicinior
545 1869 593 1928 est
605 1884 703 1940 mors,
719 1885 756 1928 oo
776 1885 843 1926 ma-

55 1952 99 2033 jus
111 1954 217 2016 salutis
232 1953 412 2032 periculum
426 1951 544 2032 ingruit
558 1971 576 2012 a
591 1953 735 2014 daemone
750 1954 843 2014 inies·

11 2039 15 2134 l
58 2046 142 2117 unte,
166 2045 199 2103 et
220 2047 313 2104 tauto
334 2039 435 2122 major
454 2043 501 2101 est
522 2042 662 2119 corporis
687 2060 724 2102 ao
746 2039 844 2100 animi

59 2129 209 2191 infirmitas
227 2147 235 2190 :
253 2147 331 2208 ergo
346 2133 420 2189 tunc
435 2129 570 2188 maxime
585 2131 709 2191 tenetur
723 2148 760 2189 ex
776 2127 844 2188 olfi-

11 2221 14 2302 ξ
60 2217 98 2278 cio
111 2218 273 2279 Parochus
292 2217 384 2278 saluti
408 2235 538 2278 suorum
559 2217 736 2297 providere.
754 2215 843 2290 Ouod

11 2303 13 2378 l
60 2305 182 2367 semel
196 2306 361 2366 confessus
376 2311 407 2365 et
420 2305 570 2380 munitus,
587 2309 708 2384 peteret
730 2305 844 2365 iterum

11 2397 13 2452 ὲ
60 2394 197 2469 confiteri,
224 2399 343 2472 putans
364 2411 397 2453 se
421 2392 574 2472 indigere,
596 2393 739 2471 quamvis
763 2395 845 2452 esset

11 2489 13 2552 ζ
60 2485 134 2559 peste
147 2481 296 2556 irrfectus,
313 2480 472 2542 Parochus
486 2484 610 2540 tenetur
624 2479 733 2540 audire
753 2478 844 2541 toties

11 2559 13 2668 ἶ
62 2571 178 2648 quoties,
195 2569 243 2631 uti
259 2571 347 2630 recte
361 2567 496 2648 Verjuys
510 2576 570 2628 ort.
587 2569 617 2627 6.

11 2669 41 2732 *m
93 2656 147 2735 §a
162 2660 322 2736 Tempore
336 2655 421 2732 balli,
438 2655 491 2714 ubi
511 2654 645 2733 speciale
669 2651 845 2732 periculum

62 2761 113 2804 non
133 2745 234 2824 magis
266 2741 410 2804 imminet
435 2742 595 2820 Parocho,
631 2758 727 2823 quam
749 2744 843 2802 Paro·

62 2828 184 2908 chionis,
213 2835 344 2894 tenetur
376 2830 535 2892 Parochus
564 2829 674 2890 adesse
710 2829 842 2906 Ouibus,

62 2936 93 2978 nc
106 2917 315 2980 destituantur
342 2918 563 2995 sacramentis,
587 2916 703 2980 Officiis
732 2915 844 2976 divinis

62 3010 87 3066 et
119 3006 229 3070 solatio
267 3004 445 3066 necessario
480 3025 487 3066 :
524 3011 571 3066 est
603 3005 777 3067 cummunis
814 3007 846 3065 et

95 3181 179 3242 Plura
203 3181 297 3244 addit
317 3183 393 3245 Gob.
419 3181 451 3242 in
473 3179 557 3261 Ecp.
585 3180 620 3243 Τ.
641 3185 671 3251 2,
688 3201 706 3242 o
724 3201 755 3243 n.
771 3183 841 3259 231,

64 3267 107 3345 qui
126 3269 362 3354 rideripotest,
379 3269 423 3332 uti
448 3275 479 3330 et
501 3269 637 3350 Verjuys
661 3278 721 3330 toto
736 3269 771 3330 T.
794 3273 841 3330 ll.

64 3356 224 3420 Generatim
251 3362 370 3436 autem,
397 3357 555 3436 quomodo
580 3361 725 3418 teneatur
749 3360 845 3418 Paro-

12 3491 14 3510 ,
65 3442 127 3504 chus
147 3445 371 3507 administrare
396 3445 599 3508 parochianis
628 3447 842 3524 Sacramenta,

12 3527 14 3574 ἱ
65 3529 146 3594 rideri
161 3537 267 3613 potest
280 3533 453 3596 Laurenius
471 3554 501 3614 q.
517 3536 587 3594 425.

99 3619 197 3693 Onesi.
219 3625 290 3683 137.
315 3623 426 3683 -An
452 3621 603 3683 Parochus
624 3627 757 3680 tenentur
787 3621 845 3681 nli-

65 3708 165 3788 puseo
179 3708 302 3770 Missam
316 3708 423 3788 offerre
432 3728 488 3790 pro
510 3706 727 3769 Pnrocluionis?
749 3712 842 3788 Hesp.

65 3793 214 3858 iilirmant
227 3815 302 3857 cum
317 3797 386 3858 aliis
402 3799 467 3859 Sot.
486 3798 617 3858 Gavant.
634 3797 751 3857 Bonae.
770 3799 845 3858 Bar-

65 3881 118 3944 bos
133 3902 171 3944 ex
182 3885 271 3946 Trid.
288 3883 363 3946 Sors.
381 3887 431 3954 23,
447 3905 510 3966 cap.
529 3888 557 3954 i,
575 3883 752 3965 dellesorrn.
771 3884 796 3947 C
797 3907 844 3947 nm

64 3981 189 4053 precepto
204 3971 307 4032 diuino
328 3971 554 4034 mandatumst!
577 3971 718 4048 omnibns,
740 3973 845 4054 quibos

65 4059 214 4122 mmmmm
243 4079 318 4122 euro
343 4060 491 4122 commissa
510 4067 560 4126 est.
584 4079 647 4120 oues
660 4079 726 4120 snos
743 4081 845 4142 opons-

66 4164 125 4227 σεε,
137 4167 191 4230 pro
205 4149 250 4210 bic
264 4147 457 4230 Sacrificium
474 4148 580 4228 offerre
596 4168 602 4210 :
620 4147 733 4208 deinde
749 4148 845 4210 Sacra

92 4483 200 4534 {Plures
214 4485 302 4535 sacre
319 4482 542 4546 congregationis
558 4482 733 4533 definitiones
747 4483 797 4535 hac
811 4485 844 4535 de

68 4583 91 4618 re
102 4573 228 4637 congessit
243 4571 441 4633 lambertinus,
453 4573 518 4622 dum
533 4572 621 4622 eidem
635 4571 843 4636 congregationi

69 4661 125 4710 eset
142 4661 278 4712 csecretis
293 4663 371 4712 Tom.
386 4662 410 4710 3.
433 4660 519 4711 Resol.
545 4659 668 4722 eiusdem
687 4660 844 4723 congregat.

69 4756 117 4807 με.
138 4749 174 4796 tt.
188 4749 222 4798 nt
237 4759 293 4798 non
308 4749 360 4807 est,
385 4759 433 4796 eur
455 4760 500 4796 eas
522 4744 676 4795 afferamus.
691 4747 758 4796 Num
773 4747 845 4796 idem

70 4827 240 4884 lambertinus
261 4835 296 4883 ad
321 4833 493 4896 apostolatus
518 4833 623 4896 apicem
636 4836 753 4893 evectus,
772 4845 845 4883 anno

72 4915 127 4975 llll,
147 4918 285 4981 epistolam
309 4917 474 4981 encyclicam
498 4918 640 4980 inscripsit
664 4919 845 4982 patriurchis,

71 4999 274 5068 lrclriepiecopis,
294 5003 434 5068 Episcopie
453 5007 610 5068 cunctisque
625 5005 755 5055 Locorum
770 5007 846 5057 Ordi-

73 5089 142 5139 melis
153 5105 198 5155 per
211 5092 321 5142 ltaliam
342 5093 505 5155 constitutis,
530 5105 590 5156 quus
615 5093 727 5143 omnino
753 5094 846 5145 ohser-

74 5171 143 5224 *lude
155 5179 200 5226 eet.
220 5177 259 5227 En
274 5176 357 5226 illam
374 5192 381 5224 z

105 5337 338 5403 lacerabilihus
367 5341 534 5418 Fratribus,
564 5341 763 5420 patriarchis,
788 5347 849 5405 Ar-

77 5421 281 5512 ebicpiscopis,
323 5426 504 5510 Episcopis,
544 5429 725 5512 cunctisque
763 5431 849 5492 loco-

896 723 1103 804 Ccngregatio
1128 725 1212 804 apud
1236 723 1366 787 Barbas.
1393 721 1430 785 de
1446 719 1538 804 Osfie.
1559 719 1687 784 Parcet.

896 829 951 890 cop
966 815 1000 872 il
1029 819 1057 872 el
1071 811 1107 874 de
1126 811 1215 894 Ossia.
1231 811 1334 894 Epiee.
1351 811 1441 894 alleg.
1458 816 1508 880 Ti,
1532 831 1613 874 num.
1638 813 1688 879 23,

896 899 1069 962 declaravit
1082 901 1259 963 Parochum
1274 920 1337 962 non
1348 919 1439 980 posse
1456 899 1599 979 accipere
1609 899 1693 960 elee-

896 1005 1061 1068 mosynam
1075 991 1255 1051 manualem
1269 1007 1326 1069 pro
1342 989 1447 1067 Missa,
1466 989 1592 1068 quando
1607 992 1693 1050 tene·

896 1081 947 1136 tur
962 1076 1139 1138 celebrare:
1162 1077 1298 1157 denique
1314 1075 1475 1138 Parochus
1490 1093 1509 1136 a
1524 1073 1694 1136 Parochia-

897 1164 944 1224 nis
966 1165 1062 1226 habet
1082 1166 1351 1241 sustentationem,
1378 1171 1409 1226 et
1432 1163 1502 1225 idco
1527 1163 1631 1240 alitur,
1657 1168 1692 1225 ut

896 1271 953 1332 pro
978 1253 1022 1314 eis
1042 1253 1152 1314 lllissas
1176 1255 1296 1314 offerat.
1323 1253 1477 1314 ltcontra
1500 1254 1619 1331 negant
1633 1253 1692 1312 Na-

896 1358 979 1400 varr.
1006 1341 1096 1402 Suar.
1114 1343 1209 1420 Vasq.
1227 1339 1378 1401 Coninch.
1404 1339 1547 1418 Regiual.
1571 1340 1693 1402 Castro·

896 1429 958 1507 pal.
979 1431 1065 1508 Lugo
1091 1433 1122 1490 et
1143 1427 1195 1490 alii
1217 1427 1301 1506 apud
1315 1428 1446 1489 Barbas
1464 1445 1561 1506 supra
1575 1430 1606 1487 et
1620 1445 1693 1488 cum

897 1519 993 1596 Burg.
1019 1527 1091 1580 cent.
1116 1521 1150 1594 l,
1176 1536 1231 1578 cos.
1257 1521 1315 1594 Ti,
1340 1534 1475 1596 quorum
1506 1513 1693 1577 sententiam

898 1607 1005 1684 Stepn.
1024 1605 1147 1682 Tomi,
1163 1605 1231 1667 dist.
1243 1609 1272 1676 4,
1291 1625 1371 1666 nom.
1390 1607 1440 1680 66,
1454 1603 1594 1664 defendit
1607 1603 1694 1664 velut

897 1693 1104 1771 probabilem,
1122 1693 1233 1754 Gobat.
1250 1691 1286 1754 de
1300 1691 1414 1772 Sacris.
1427 1711 1508 1752 num.
1519 1693 1590 1766 492,
1606 1690 1694 1752 velut

897 1779 1160 1858 probabiliorem;
1178 1779 1209 1839 hi
1234 1780 1343 1840 dicunt
1366 1779 1543 1840 Parochum
1566 1797 1628 1840 non
1647 1781 1694 1840 te-

898 1867 963 1927 ncri
989 1868 1147 1946 applicare
1169 1867 1370 1930 Parochianis
1390 1868 1460 1928 illas
1474 1869 1595 1944 Missas,
1613 1886 1692 1949 quas

898 1953 990 2014 certis
1004 1954 1124 2030 diebus,
1142 1954 1241 2017 autin
1257 1955 1354 2016 Festis
1370 1958 1402 2015 et
1415 1953 1586 2015 Dominicis
1604 1957 1690 2016 tene·

898 2044 948 2102 tur
962 2041 1076 2119 legere,
1093 2042 1149 2103 sed
1164 2060 1254 2120 posse
1269 2059 1325 2120 pru
1341 2041 1386 2102 eis
1410 2041 1552 2119 accipere
1575 2041 1693 2122 slipen·

899 2127 995 2204 dium,
1029 2128 1102 2207 quia
1134 2127 1256 2206 sufficit,
1289 2129 1373 2209 quod
1396 2129 1549 2207 populum
1582 2132 1692 2208 pascat

898 2215 994 2276 verbo
1016 2214 1081 2292 Dei,
1107 2216 1337 2292 sacramentis,
1366 2214 1499 2276 lectione
1524 2215 1689 2289 Sacrificii,

897 2301 971 2363 licet
998 2303 1133 2363 lructum
1166 2301 1210 2362 eis
1238 2301 1415 2380 specialiter
1443 2319 1506 2362 non
1534 2299 1690 2379 applicet;

899 2389 1047 2468 obligatio
1063 2388 1146 2450 enim
1161 2389 1337 2467 applicandi
1353 2393 1397 2450 eis
1412 2389 1548 2450 fructum
1562 2393 1610 2448 est
1629 2387 1693 2449 dis·

897 2475 995 2538 tincta
1015 2477 1055 2538 ab
1079 2476 1268 2556 obligatione
1282 2476 1406 2556 legendi
1424 2496 1431 2537 :
1449 2476 1532 2537 unde
1556 2476 1597 2538 ad
1622 2474 1691 2536 Tri-

898 2563 976 2626 deot.
993 2565 1102 2626 dicunt
1115 2569 1237 2626 tantum
1251 2565 1341 2642 velle,
1358 2569 1392 2627 ut
1407 2564 1567 2626 Parochus
1581 2563 1613 2623 in
1636 2565 1690 2626 Sa·

899 2653 1015 2713 criticio
1029 2651 1218 2732 generaliter
1228 2658 1296 2716 oret
1306 2671 1362 2732 pro
1377 2652 1461 2725 suis;
1479 2653 1576 2714 Sacra
1585 2655 1692 2714 autem

899 2740 1106 2821 Congregatio
1120 2742 1259 2822 loquitur
1282 2740 1320 2801 de
1343 2742 1523 2820 Sacerdote,
1540 2739 1594 2821 qui
1614 2741 1692 2802 alias

899 2835 1023 2891 tenetur
1036 2831 1194 2892 celebrare
1209 2848 1266 2910 pro
1281 2829 1397 2911 aliquo,
1414 2829 1458 2892 uti
1473 2829 1616 2908 pluribus
1641 2847 1693 2890 os·

898 2916 1000 2978 tendit
1025 2919 1112 2997 Lugo
1140 2917 1176 2978 de
1201 2917 1335 2979 Eocbor.
1361 2915 1425 2978 dist.
1451 2919 1500 2985 el,
1534 2937 1614 2979 nom.
1639 2919 1690 2978 21.

899 3008 1038 3086 Utraque
1052 3007 1206 3070 sententia
1220 3010 1266 3069 est
1279 3005 1460 3086 probabilis,
1472 3006 1576 3085 prima
1585 3009 1692 3067 tamen

899 3094 1022 3155 videtur
1045 3113 1112 3156 csse
1138 3095 1327 3156 conformior
1342 3095 1364 3156 ¹.
1382 3093 1575 3171 Tridentino,
1602 3097 1633 3155 et
1648 3093 1693 3157 nti

900 3184 1041 3262 agnoscit
1066 3183 1171 3245 Gobnt.
1195 3181 1398 3246 declarationi
1422 3184 1526 3244 Sacrae
1549 3184 1691 3262 Congre-

899 3271 1043 3350 gationis‚
1060 3291 1097 3334 ac
1112 3273 1220 3334 nititur
1234 3273 1370 3353 quadam
1383 3271 1541 3351 equitate,
1559 3290 1693 3350 presser-

898 3360 955 3421 tim
978 3362 1151 3423 secundum
1174 3361 1408 3436 limitationem,
1434 3378 1529 3439 quarn
1557 3358 1695 3438 apponit

898 3448 1041 3526 Barbam,
1064 3449 1148 3528 quod
1168 3449 1327 3511 Parochus
1348 3453 1494 3509 teneatur
1516 3445 1686 3526 aliquando

899 3556 956 3616 pro
971 3537 1172 3598 Parochlanis
1186 3537 1313 3598 Missam
1331 3538 1447 3616 legere,
1462 3533 1618 3595 secundnm
1641 3553 1690 3596 cr-

899 3625 1019 3686 bilrinrn
1047 3623 1116 3685 boni
1140 3624 1202 3685 oiri
1215 3643 1225 3683 .·
1250 3627 1337 3686 notat
1363 3627 1470 3684 tamen
1498 3625 1582 3682 recte
1607 3621 1692 3682 idem

898 3711 1028 3772 Barbos.
1045 3711 1080 3772 dc
1095 3711 1185 3793 Osfic.
1195 3709 1322 3772 Porocb.
1334 3729 1398 3790 cop.
1411 3713 1460 3786 ll,
1476 3729 1556 3771 num.
1569 3711 1599 3786 8,
1617 3727 1693 3770 cum

898 3799 1004 3860 multis
1019 3799 1096 3878 aliis,
1114 3799 1198 3879 qnod
1213 3802 1303 3861 Festo
1315 3796 1490 3859 Natiuitatis
1505 3796 1617 3858 Christi
1631 3815 1694 3858 nou

899 3890 1043 3948 teneatur
1062 3887 1166 3965 legere
1195 3891 1258 3948 tres
1290 3886 1416 3962 Missae,
1442 3885 1497 3946 sed
1521 3883 1696 3945 satisfaciat

899 3975 1032 4053 legendo
1060 3977 1205 4052 unicam,
1236 3979 1268 4036 et
1299 3977 1527 4054 consequenter
1553 3972 1693 4052 reliquas

899 4065 1014 4142 poterit
1028 4065 1197 4143 applicare,
1213 4063 1263 4125 cui
1278 4065 1371 4125 volet.
1389 4061 1468 4126 Vide
1492 4063 1584 4123 Lcur.
1602 4066 1692 4142 port.

901 4155 930 4229 i,
952 4160 1054 4233 quest.
1079 4155 1148 4212 427.

899 4501 971 4546 rum
1017 4481 1189 4546 Ordinariis
1237 4500 1295 4562 per
1339 4481 1461 4544 ltaliam
1508 4477 1694 4557 constitutis,

1119 4693 1287 4740 acoemetus
1315 4692 1385 4739 PATA
1413 4693 1470 4738 riv.

900 4837 1101 4904 venerabiles
1124 4839 1249 4900 Fratres
1276 4837 1410 4898 salutem
1437 4838 1468 4898 ct
1486 4833 1696 4916 Apostolicam

1165 4931 1432 4995 Benedictionem.

944 5103 958 5142 u
985 5085 1062 5145 cnm
1090 5098 1214 5159 semper
1241 5081 1362 5144 oblatas
1386 5081 1481 5144 Nobis
1509 5080 1697 5145 occasiones

901 5171 1082 5251 Apostolica
1095 5169 1211 5248 scripta
1233 5169 1389 5249 dirigendi
1411 5169 1452 5230 ad
1475 5168 1699 5231 Fraternitates

901 5263 1029 5323 Vestras
1060 5258 1194 5318 libenter
1225 5257 1471 5336 amplectimur,
1502 5259 1539 5318 nt
1567 5254 1699 5317 sincerae

903 5349 1023 5408 Nostrae
1045 5361 1121 5423 erga
1141 5344 1204 5405 Vos
1232 5343 1409 5404 dilectionis
1428 5345 1614 5423 argumenta
1637 5340 1700 5401 ire·

904 5437 1037 5518 quanter
1051 5433 1212 5503 eluceant3
1228 5436 1297 5492 tum
1312 5448 1387 5493 vero
1401 5428 1514 5514 majori
1524 5427 1619 5491 animi
1634 5427 1701 5488 ala-
