4120 6348
596 557 648 626 hh
668 553 888 626 ahhhclchs
911 549 1237 623 scelestasalcla
1677 550 1737 624 529

97 749 215 820 briona
234 749 381 816 distincte
398 767 453 814 seu
473 749 709 831 quomodolibet
727 751 884 828 separata.
985 749 1013 810 c.
1040 744 1124 810 Nulli
1139 761 1215 824 ergo
1230 741 1357 808 omnino
1373 739 1537 807 hominnm
1550 741 1643 808 liceat
1656 741 1739 806 banc

133 865 146 900 ιι
161 845 188 904 8.
205 843 244 904 lit
257 843 421 919 preterea,
434 839 509 919 qnia
520 838 644 904 difficile
655 838 737 900 foret
748 856 886 918 presan·
942 833 1092 917 paginam
1102 837 1215 896 nostrae
1223 829 1459 913 approbationis
1469 835 1501 894 et
1508 829 1736 908 ratiilcationis,

99 934 141 994 tes
153 928 270 990 litteras
286 926 328 988 ad
342 926 464 1006 singula
478 924 511 991 in
526 925 639 1007 quibus
654 925 693 988 de
708 926 753 987 eis
777 925 885 988 forsan
941 923 1143 1000 laudationis,
1160 921 1393 1001 acceptationis,
1406 921 1672 998 commutationis,
1689 937 1737 982 re-

100 1017 169 1084 ddes
182 1013 328 1076 iacienda
341 1011 437 1076 fucrit
449 1013 518 1076 loca
526 1013 651 1088 deferri,
663 1013 776 1075 eadem
789 1017 886 1093 Apos-
941 1013 1139 1091 servationis,
1155 1009 1383 1074 constitutionis
1399 1015 1430 1073 et
1442 1010 1613 1074 voluntatis
1628 1009 1739 1074 inirin-

99 1106 183 1168 tolica
201 1102 388 1166 auctoritato
412 1102 609 1164 decernimus
633 1102 718 1184 quod
744 1102 887 1183 ipsarum
941 1121 1016 1183 gere
1031 1103 1084 1164 rel
1099 1102 1126 1163 ei
1142 1119 1220 1163 ausu
1235 1100 1401 1163 temerario
1417 1099 1583 1170 contraire.
1611 1100 1644 1164 si
1667 1099 1738 1180 quis

100 1195 287 1270 hansumptc
303 1190 614 1270 Metropolitanorum
635 1191 728 1252 diota
751 1189 888 1253 nationis
942 1195 1048 1252 autem
1062 1190 1123 1252 hcc
1146 1192 1300 1252 attentare
1322 1188 1569 1268 presumpserit,
1594 1187 1740 1268 indigna·

99 1279 191 1360 sigillo
205 1280 327 1340 munito
341 1282 492 1358 tanquam
515 1279 734 1357 praesentibus,
752 1279 777 1340 si
800 1279 888 1340 exhi·
942 1279 1060 1339 tionem
1079 1275 1306 1355 omnipotentis
1326 1275 1393 1354 hei,
1411 1292 1448 1336 ac
1467 1276 1639 1336 Baulorum
1656 1273 1739 1336 Petri

99 1367 238 1429 berentur
251 1366 363 1428 litteris
377 1366 470 1445 plena
489 1365 687 1445 adhibeatur,
707 1372 738 1428 et
757 1365 887 1446 perinde
943 1371 974 1426 et
995 1365 1083 1428 Pauli
1100 1365 1321 1444 Apostolorum
1341 1362 1408 1444 ejus
1430 1382 1465 1424 se
1491 1362 1614 1426 noverit
1635 1362 1741 1424 incur·

100 1459 190 1518 stetur
216 1455 297 1516 fides
325 1473 362 1516 ac
394 1455 419 1516 si
452 1455 543 1518 dictas
574 1459 747 1536 presentes
778 1455 888 1520 litterae
942 1472 1063 1520 surum.

102 1542 420 1606 lorentexhihitaerel
444 1547 589 1622 ostensas,
615 1545 788 1622 etinsuper
810 1561 889 1624 quo-
986 1563 1001 1600 a
1023 1545 1138 1605 Datum
1161 1544 1280 1619 homae,
1305 1539 1390 1621 apud
1415 1542 1448 1604 S.
1478 1542 1621 1618 Petrum,
1656 1559 1739 1604 anno

100 1631 889 1712 qaeirritnmetinane,siseoussuperhisaquo·
943 1633 1019 1694 1117
1051 1629 1199 1694 timendis
1235 1629 1361 1710 Aprilis,
1398 1627 1604 1692 Pontificatus
1642 1627 1740 1693 nostri

105 1739 191 1800 quam
210 1720 326 1801 quavis
354 1720 541 1784 auctoritate
572 1722 708 1785 scienter
731 1721 779 1784 vel
802 1721 889 1800 igno·
946 1735 1031 1780 anno
1046 1719 1184 1780 secundo
1200 1719 1223 1780 ¹.
1239 1741 1254 1777 ιι

102 1813 199 1871 ranter
212 1807 380 1888 contigerit
394 1810 552 1872 attentari.
937 1887 940 1894 Ι
981 1807 1042 1886 52.
1061 1806 1093 1869 si
1107 1824 1165 1888 per
1179 1804 1334 1869 indultum
1349 1807 1442 1888 Papae
1456 1809 1531 1870 anic
1545 1804 1742 1869 concordata
1768 1815 1809 1864 sot

127 1994 215 2046 ttluie
239 1993 408 2046 concordsto
432 1994 508 2046 aliud
531 1996 715 2048 substitutum
735 1995 788 2047 tuit
816 1995 889 2046 inter
942 1991 1003 2044 licis
1029 1993 1124 2045 Gallis
1147 1994 1255 2061 templis
1279 1994 1317 2044 sic
1342 1993 1487 2048 orabiturr
1519 1992 1742 2057 commacina-s

100 2064 168 2116 Pium
178 2066 426 2118 lXetFrsnciscum
436 2066 888 2130 iosepham,25Septembrisanno
942 2066 986 2130 sac
996 2065 1195 2132 herapubiiocmr
1211 2067 1324 2129 Domine,
1335 2066 1417 2116 sulcos
1433 2066 1478 2130 sne
1489 2065 1616 2118 Consules.

100 2136 160 2184 litt.
171 2135 281 2186 Omissis
291 2134 353 2186 aliis
363 2135 484 2198 ejusdem
496 2137 604 2200 generis
614 2137 849 2188 conventionibus.
973 2153 985 2182 ιι
1006 2137 1047 2186 tx.
1064 2137 1198 2202 Episcopi,
1214 2137 1243 2186 in
1257 2150 1305 2187 suu
1320 2137 1436 2202 quisque
1451 2137 1571 2197 diaecesi,
1591 2150 1674 2188 noras
1697 2149 1743 2202 ps·

126 2205 888 2258 heterendnmhicestConcordatumdPionlinitum
943 2207 1045 2258 roecics
1074 2207 1305 2269 circumscribent,
1329 2219 1389 2269 qua
1417 2205 1634 2271 circumscriptio
1662 2203 1742 2258 suum

13 2273 14 2278 ’
100 2273 323 2338 cunrelpubhce
337 2275 483 2326 Gallicanis
508 2277 676 2328 consulibus.
702 2279 745 2330 Sic
765 2291 792 2328 se
807 2277 889 2335 habet
943 2277 1140 2328 conscrilatur
1154 2276 1290 2339 edoctum,
1305 2276 1358 2326 nisi
1376 2281 1522 2341 postquam
1537 2277 1661 2341 gubernli
1679 2289 1743 2330 con·

100 2349 153 2408 post
166 2345 371 2409 praeambulum:
944 2359 1044 2398 sensus
1053 2347 1202 2398 occaecat
1518 2359 1522 2365 ’

129 2415 165 2466 ι1.
179 2414 282 2479 Religio
293 2415 751 2482 Catholica,apostolicaliomana
766 2416 888 2467 liberata
975 2437 984 2460 ι
1002 2419 1032 2470 X.
1048 2417 1131 2469 tidem
1143 2418 1265 2484 Episcopi
1279 2418 1313 2468 ad
1329 2419 1462 2482 poroecias
1477 2419 1673 2480 nominabunt,
1693 2431 1742 2470 nec

100 2485 176 2536 Gallia
185 2486 364 2537 exercebitur.
376 2486 473 2537 Cultus
485 2483 612 2552 publicus
622 2487 684 2550 crit,
695 2485 788 2540 habita
798 2490 894 2537 tamen·
943 2502 1072 2553 personas
1089 2487 1190 2553 eligent
1203 2490 1256 2540 nisi
1271 2489 1404 2554 gubernio
1419 2493 1552 2555 acceptas.

99 2557 406 2608 rationeordinationuru
417 2558 506 2621 quoad
519 2558 642 2621 politiam
651 2571 717 2623 quas
725 2556 889 2623 gubernium
974 2579 986 2606 ιι
1003 2561 1044 2611 xl.
1062 2561 1192 2610 Poterant
1209 2559 1291 2611 iidem
1308 2561 1430 2626 episcopi
1454 2561 1555 2612 babere
1570 2573 1656 2612 unum
1671 2559 1744 2626 cupl-

101 2639 142 2692 pro
154 2625 258 2691 publica
274 2627 473 2690 tranquillitate
488 2629 655 2677 necessarias
673 2627 849 2678 existimabit
943 2630 1031 2679 tulum
1047 2630 1076 2679 in
1090 2629 1238 2680 cathedrali
1258 2629 1381 2691 ecclesia,
1405 2635 1488 2694 atquo
1512 2643 1599 2682 unam
1623 2630 1742 2680 semina·

130 2698 177 2748 sll.
187 2697 387 2761 Abhpostolica
398 2697 591 2758 sede,collotis
601 2713 663 2749 cum
681 2699 782 2750 Gallico
792 2698 890 2762 gaber·
944 2701 1014 2752 rium
1030 2701 1058 2750 in
1074 2713 1122 2751 sua
1132 2701 1248 2764 quisque
1262 2700 1384 2764 dioecest,
1400 2701 1459 2753 sine
1474 2701 1624 2754 dotationis
1638 2701 1743 2766 obliga·

100 2767 141 2816 nio
165 2768 304 2830 consiliis,
332 2767 410 2818 noris
445 2768 548 2819 tinibus
585 2768 734 2820 Galliarum
760 2769 889 2821 dircceses
945 2771 1017 2822 tione
1032 2773 1151 2833 exparte
1165 2769 1302 2834 gubernii.

101 2838 358 2889 circumscribentur.
975 2841 1062 2893 cxli.
1079 2840 1176 2891 Omnia
1199 2841 1300 2905 templa
1324 2841 1544 2906 metropolitana,
1566 2839 1742 2904 cathedralia,

130 2924 139 2955 ι
161 2909 200 2960 tit.
224 2911 354 2960 Summus
380 2909 505 2961 Pontifex
536 2910 694 2962 titularibus
716 2905 890 2964 ecclesiarum
944 2911 1119 2976 parochialia,
1134 2915 1215 2976 atque
1229 2911 1284 2962 alia
1299 2924 1351 2976 quc
1367 2925 1421 2962 nou
1436 2912 1639 2974 alienatasnnt,
1655 2909 1743 2962 cultui

101 2979 250 3030 Gallicarum
265 2981 405 3045 Episcopis
419 2981 584 3045 signiacebit
599 2996 626 3032 se
641 2983 676 3033 ab
686 2983 736 3044 eis,
750 2997 799 3048 pro
818 2983 889 3034 bono
943 2984 1105 3042 necessaria,
1120 2982 1308 3047 cpiscoporum
1321 2983 1498 3048 dispositioni
1510 2983 1665 3036 tradentur.

102 3051 167 3114 pacis
179 3056 206 3102 et
218 3051 344 3114 raihtis,
362 3053 454 3104 omniu
478 3053 609 3104 sacrificia
630 3053 707 3106 firma
728 3055 827 3106 fiducie
846 3069 892 3106 ex·
974 3073 986 3100 ι
1001 3055 1066 3105 illil.
1082 3053 1217 3106 Sanctitas
1231 3067 1289 3114 sua,
1304 3067 1353 3118 pro
1369 3055 1442 3118 pacis
1456 3053 1528 3106 bono
1549 3053 1678 3118 felicique
1699 3066 1744 3104 re·

101 3126 222 3184 spectare,
236 3137 269 3173 eo
285 3136 341 3174 non
356 3126 467 3188 excepto
484 3124 555 3188 quod
565 3124 639 3188 ipsas
653 3139 714 3176 suas
725 3124 890 3189 episcopales
943 3123 1052 3189 ligionis
1066 3124 1247 3184 restitutione,
1261 3123 1380 3174 declarat
1394 3137 1440 3174 eos
1458 3124 1506 3188 qni
1522 3125 1594 3176 bona
1616 3124 1743 3174 Ecclesiae

102 3191 170 3243 sedes
183 3194 331 3258 resignent.
944 3194 1060 3244 alienata
1074 3194 1287 3258 acquisiverunt,
1305 3193 1457 3244 molestiam
1469 3192 1574 3244 nullam
1584 3193 1741 3256 habituros,

129 3281 138 3306 ι
154 3265 204 3314 lise
218 3265 373 3316 hortatione
388 3265 535 3328 praemisso,
551 3265 573 3315 si
589 3265 653 3316 huic
672 3265 803 3318 sacrificio
817 3265 889 3331 quod
944 3278 1032 3330 neque
1048 3279 1063 3315 a
1078 3277 1115 3326 se,
1134 3276 1222 3328 neque
1236 3279 1251 3314 u
1267 3265 1393 3315 Romanis
1408 3264 1588 3329 pontilloibus
1603 3279 1742 3316 successo·

103 3333 214 3386 Ecclesiae
231 3335 574 3398 bonumexigit,ronuere
592 3337 642 3402 ipsi
658 3336 762 3388 uellent
780 3335 846 3397 (lieri
862 3336 889 3385 id
944 3337 1019 3386 ribus
1038 3337 1103 3398 suis,
1124 3349 1155 3386 no
1182 3338 1380 3400 consequenter
1403 3336 1556 3402 proprietas
1583 3338 1743 3390 eorumdem

104 3418 171 3468 posse
183 3419 305 3459 summus
320 3405 441 3458 Pontilex
457 3420 506 3456 suo
521 3421 576 3459 non
594 3413 705 3475 reputat
716 3409 828 3468 culmo).
838 3421 889 3472 gu·
944 3408 1087 3470 honorum,
1098 3407 1220 3458 redditus
1230 3409 1256 3458 et
1268 3409 1330 3472 lura
1345 3407 1385 3458 eis
1396 3407 1568 3468 inhaerentia,
1583 3408 1743 3458 immutabi-

103 3474 476 3528 bernationibnstiallicurum
491 3478 890 3531 Ecclesiorumnoveeircum·
944 3478 980 3528 lia
1003 3491 1086 3542 penos
1110 3477 1181 3542 ipsos
1200 3483 1281 3528 erunt
1297 3481 1380 3542 atque
1407 3476 1442 3528 ab
1467 3476 1535 3541 ipsis
1559 3490 1668 3528 causam
1691 3477 1740 3527 ha·

103 3545 255 3610 scriptionis,
266 3547 301 3598 da
316 3546 394 3597 novis
408 3545 567 3599 titularibus
582 3550 784 3614 providebitur,
799 3563 831 3600 cc
842 3549 906 3613 qui.
944 3549 1049 3600 bentes.

104 3617 215 3678 seqnitur
229 3616 311 3666 modo
327 3633 334 3666 ι
974 3637 986 3665 ι
1003 3619 1068 3672 liiii.
1084 3616 1251 3668 Gubernium
1261 3615 1407 3668 Gallicana
1421 3615 1591 3682 Reipublicae
1609 3615 1638 3668 ia
1652 3631 1679 3667 se
1699 3629 1742 3668 re·

131 3703 141 3732 s
164 3685 205 3738 lv.
223 3687 325 3739 Consul
339 3688 444 3752 primus
458 3689 606 3742 Gallicana
620 3690 793 3756 Reipublicae,
818 3691 889 3742 inira
944 3690 1010 3754 cipit
1036 3692 1095 3738 tum
1118 3689 1322 3753 Episcoporum,
1341 3693 1400 3739 tum
1416 3687 1610 3752 parochorum,
1623 3699 1741 3752 quorum

104 3757 261 3808 hamenses
269 3758 573 3822 qaiprcmulgationem
586 3761 796 3812 constitutionis
804 3762 888 3825 Apos-
943 3759 1073 3810 dioeccscs
1090 3762 1172 3822 atque
1186 3757 1317 3821 paroecias
1331 3769 1401 3808 nors
1425 3756 1649 3822 circumscriptio
1671 3770 1745 3812 com·

105 3824 183 3876 tolice
205 3832 414 3900 consequentur,
438 3829 665 3896 brebiepiscopos
688 3834 716 3882 et
744 3831 889 3898 Episcopcs
944 3830 1085 3894 plectetur,
1099 3829 1325 3880 sustentationem
1340 3841 1400 3894 quas
1415 3829 1554 3894 cujusque
1571 3830 1673 3879 statum
1694 3827 1744 3880 ds·

105 3908 174 3947 noue
190 3899 447 3964 circumscriptionis
462 3901 630 3952 liioecesibas
646 3902 830 3966 praeficiendos
841 3917 889 3954 no·
944 3905 1010 3952 cest.

105 3965 364 4021 minabltesummus
378 3970 715 4024 Pontileainstitutlouem
725 3975 888 4026 canonicam
974 3972 1062 4024 exv.
1086 3971 1159 4021 ldem
1175 3969 1339 4034 gnbernium
1362 3970 1477 4021 curabit
1496 3972 1526 4020 ut
1550 3969 1691 4022 catholicis
1714 3969 1743 4022 ln

105 4035 173 4088 dabit
189 4041 265 4104 juxta
283 4039 508 4091 lormasrelatire
528 4043 563 4093 ad
584 4043 708 4106 Galliam,
726 4048 790 4096 ante
816 4044 888 4110 regi·
944 4043 1029 4094 Gallia
1056 4042 1171 4094 liberum
1193 4041 1239 4103 sit,
1260 4042 1283 4092 si
1307 4039 1432 4103 libuerit,
1460 4039 1580 4091 ecclesiis
1602 4041 1743 4092 consulere

105 4105 439 4173 miniscomroututicncm,
458 4114 583 4164 statutus.
943 4112 1157 4165 fundationibus.

132 4177 187 4230 nv.
212 4181 278 4232 item
304 4180 405 4232 Consul
431 4183 533 4246 primus
554 4185 589 4234 ad
616 4185 785 4251 Episcopales
813 4187 889 4238 sodes
974 4183 1064 4237 alth.
1080 4183 1214 4234 Sanctitas
1228 4196 1276 4234 sus
1288 4183 1470 4246 recognoscit,
1489 4184 1518 4234 in
1533 4183 1619 4250 primo
1633 4181 1743 4234 consule

105 4260 158 4312 qna
171 4252 198 4301 in
211 4257 347 4316 posterum
364 4253 529 4316 vacaverint,
544 4268 630 4307 nouos
647 4257 785 4308 antistites
801 4257 890 4309 nomi·
943 4256 1087 4308 Gallicane
1101 4253 1275 4318 Republica,
1291 4253 1387 4306 eadem
1404 4255 1466 4320 jura
1480 4268 1512 4304 sc
1527 4253 1668 4322 privilegia
1685 4255 1744 4318 qui·

106 4319 186 4381 nabit;
202 4322 297 4386 iisque,
312 4324 344 4373 ut
358 4323 387 4372 in
400 4323 515 4374 articulo
531 4326 692 4390 precedenti
707 4327 888 4379 constitutam
944 4327 994 4376 bus
1009 4324 1081 4391 apud
1096 4327 1216 4376 muctam
1230 4324 1327 4376 sedem
1347 4323 1488 4376 fruebatur
1503 4327 1649 4390 antiquum
1671 4325 1743 4390 regi·

106 4392 149 4450 est,
163 4392 309 4456 apostolica
324 4391 401 4444 sedes
414 4395 573 4446 canonicam
584 4395 661 4446 dabit
676 4397 887 4450 institutionem.
946 4411 1018 4449 mon.

133 4458 194 4511 sill.
211 4462 344 4527 Episcopi,
361 4467 507 4528 antequam
522 4477 716 4517 munussuum
735 4467 887 4532 gerendum
975 4469 1081 4520 sllPll.
1105 4469 1237 4532 Utrinque
1258 4470 1426 4519 conventum
1454 4472 1495 4519 est
1520 4468 1603 4533 qnod,
1628 4468 1657 4518 in
1680 4480 1743 4519 casu

106 4529 250 4596 suscipiant,
264 4546 357 4584 coram
378 4533 466 4597 primo
480 4534 595 4586 Conarlc
611 4536 798 4601 iuramentum
818 4538 887 4589 flde·
945 4554 998 4606 quo
1013 4540 1113 4606 aliquis
1128 4553 1160 4590 err
1175 4538 1377 4590 successoribus
1387 4538 1514 4590 hodierni
1527 4539 1609 4605 primi
1619 4538 1744 4592 Consulis

106 4596 182 4651 litatis
196 4604 327 4666 amittent,
347 4604 418 4668 quod
437 4607 495 4655 erat
512 4605 540 4656 in
560 4619 634 4658 more
655 4610 718 4658 ante
743 4609 889 4672 regiminis
945 4605 1355 4674 catholicnmreligionem'·hon
1372 4610 1558 4674 profiteretur,
1577 4625 1660 4676 snper
1678 4610 1744 4676 luri·

106 4674 344 4738 commutationem,
362 4675 537 4739 sequentibus
552 4677 804 4744 verbisexpresscm
820 4679 890 4746 :ligo
944 4683 997 4734 bus
1011 4685 1039 4733 et
1052 4682 1202 4749 privilegiis
1218 4681 1398 4746 insuperiori
1418 4683 1533 4734 articulo
1553 4694 1744 4734 commemora·

103 4739 160 4802 ,iure
172 4747 195 4794 et
203 4745 333 4809 promitto,
348 4743 384 4794 ad
394 4749 481 4795 scacto
498 4745 546 4796 Dei
558 4747 705 4812 Evangelio,
720 4747 890 4800 obedientiam
944 4755 990 4816 tis,
1004 4765 1112 4804 necnon
1128 4766 1210 4816 snper
1224 4752 1417 4803 nominatione
1440 4752 1474 4802 ad
1497 4753 1745 4819 archiepiscopatus

107 4813 128 4859 et
142 4811 291 4893 ‘fidelitates
314 4814 436 4881 gubernio
459 4831 505 4882 per
528 4818 728 4868 constitutionem
755 4819 890 4884 galiiaeae
945 4821 1743 4890 etepiscoputus,respectuipsius‚noraconsentiodnsret.

107 4881 243 4947 demotites
255 4889 356 4938 statuto.
372 4887 434 4938 item
445 4889 568 4952 promitto
580 4903 621 4939 me
634 4889 729 4940 auiam
750 4893 890 4942 commani-
975 4910 986 4938 ιι
1004 4893 1221 4944 liutiticaticnum
1239 4896 1334 4944 autem
1349 4893 1463 4946 traditio
1483 4895 1592 4946 Parisiis
1606 4893 1653 4945 det
1675 4907 1744 4959 qua·

108 4952 218 5005 wrcen
230 4955 384 5018 habituram,
397 4957 462 5008 nolli
468 4958 572 5009 cocmh'c
581 4959 773 5024 interfuturum,
783 4959 890 5011 nullom·
944 4963 1071 5028 draginta
1085 4961 1192 5013 dicrum
1202 4963 1300 5026 spatio.

108 5031 293 5091 qsesmpectom
306 5029 423 5080 saionem
436 5043 515 5095 aeque
525 5031 592 5080 intro
602 5045 680 5098 aeque
698 5033 771 5080 exiro
788 5044 890 5080 conser-
976 5052 987 5080 ιι
1006 5033 1104 5082 Datum
1119 5032 1235 5092 Parisiis,
1249 5030 1295 5081 die
1312 5033 1340 5082 lt
1357 5035 1460 5086 mensis
1472 5034 1536 5099 iulii
1553 5035 1619 5086 1801.
1635 5051 1647 5078 u

109 5094 213 5148 calmum
237 5113 293 5165 qaoe
314 5099 494 5166 tranquillitati
506 5099 615 5166 publice
637 5103 747 5166 accect;
761 5104 786 5150 et
799 5103 823 5151 si
836 5105 890 5153 tom
976 5103 1133 5167 Sequuntur
1150 5103 1365 5166 subscriptiones
1386 5103 1466 5154 trium
1481 5105 1630 5170 legatorum
1654 5105 1742 5168 rape,

109 5164 244 5220 indicem
264 5185 320 5221 mec
334 5186 411 5238 quom
432 5171 495 5222 aiibi
509 5173 620 5224 maerim
635 5173 735 5240 aliquid
754 5173 780 5222 irs
805 5173 892 5224 Status
946 5173 1063 5226 Consului
1075 5173 1262 5236 cardinalial.
1279 5173 1743 5241 SpiacorchiepiseopiCorintbini,

110 5233 217 5288 danaum
231 5243 343 5305 tractari,
357 5241 479 5307 audacio
494 5243 670 5308 manifestato.
945 5249 973 5298 et
987 5245 1014 5296 P.
1026 5244 1119 5296 Corelli
1133 5243 1262 5308 theologi,
1280 5245 1439 5296 sanctitatis
1457 5259 1513 5298 susc
1529 5244 1704 5305 consultoris;
1715 5248 1743 5295 et

136 5306 208 5361 »vta
219 5312 379 5365 dcleshsticl
389 5314 499 5366 secundi
510 5315 615 5366 ordinis
625 5315 890 5380 idemJarsmentum
929 5331 979 5380 ¹ex
1001 5316 1085 5368 ultera
1109 5319 1194 5380 parta,
1217 5329 1266 5379 pro
1290 5314 1427 5366 Gubernio
1453 5315 1600 5376 Gallicano,
1631 5312 1742 5374 iosephi

111 5379 224 5432 emittent
238 5383 445 5437 auctoritatibus
462 5385 617 5438 ciuilibuso
634 5385 773 5438 Gallicano
793 5385 891 5451 guber·
945 5387 1097 5452 Boncporte,
1112 5386 1196 5437 Crete!
1214 5390 1241 5436 et
1257 5385 1373 5447 dernier,
1394 5385 1513 5438 doctoris
1532 5383 1741 5449 andegavensis.

114 5447 154 5498 oio
167 5449 315 5518 designatis.
976 5453 1116 5506 Celebrem
1129 5455 1199 5506 bane
1210 5455 1422 5505 conventionem
1437 5455 1500 5506 Pius
1514 5454 1560 5507 vll
1570 5453 1743 5504 concreavit

139 5520 225 5575 silli.
240 5527 302 5577 Post
323 5527 419 5578 divina
455 5525 552 5590 olicis,
580 5529 608 5578 in
634 5529 763 5580 omnibus
795 5526 889 5578 cotho-
945 5526 989 5576 dle
1007 5527 1035 5576 lt
1050 5523 1409 5589 augostltitl,pcrbullam
1424 5523 1646 5581 saceraotem:

220 5617 254 5680 P.
270 5618 308 5680 11.
699 5675 702 5682 ι
1579 5617 1618 5681 tt
