3998 6344
319 587 380 658 300

885 586 1001 659 traua
1022 581 1202 672 0000000,
1226 581 1328 659 raus
1349 583 1388 659 n.

320 783 371 842 tor
384 783 451 842 tum
466 779 569 841 adhuc
584 779 735 842 mentitur
749 781 853 861 quoad
875 779 991 843 famam
1011 779 1115 861 publi·
1169 779 1193 841 si
1216 779 1346 842 ulterius
1367 779 1555 860 publicetur,
1578 777 1690 841 saltem
1711 767 1843 859 quando
1866 769 1953 862 prima

320 885 405 945 cam,
429 867 486 929 sed
509 869 540 928 in
564 868 624 930 lroc
648 869 772 931 videtur
795 887 863 930 esse
886 872 1041 932 restrictio
1066 869 1114 929 ni·
1170 867 1339 946 publicatio
1362 887 1425 929 000
1448 867 1505 928 4044
1525 866 1653 946 injusta.
1669 868 1760 940 Quod
1776 869 1804 929 si
1825 869 1890 931 baec
1905 859 1954 932 luit

319 955 417 1016 mium
432 957 586 1034 mentalis,
604 975 677 1018 nam
693 975 796 1038 neque
811 977 849 1018 00
863 960 968 1020 verbis
983 957 1115 1021 alterius
1170 955 1295 1036 injusta,
1313 956 1418 1018 adhuc
1437 955 1550 1018 docent
1570 959 1656 1018 uass.
1680 958 1830 1036 Bonaesp.
1848 959 1953 1038 burgis.

320 1062 422 1124 neque
443 1064 480 1106 ex
504 1045 745 1108 circumstantiis
768 1046 873 1126 colligi
897 1052 1010 1126 potest,
1029 1045 1115 1126 quod
1169 1055 1243 1107 0004.
1272 1049 1301 1116 4,
1326 1063 1385 1106 cus.
1408 1048 1467 1118 54;
1494 1045 1619 1107 Ρο4004.
1642 1065 1672 1127 q.
1696 1049 1727 1122 5,
1751 1065 1819 1107 000
1833 1049 1953 1126 peccari,

320 1131 468 1212 loquatur
482 1133 521 1195 de
536 1134 622 1195 lama
636 1134 763 1212 publica
781 1153 789 1195 :
817 1140 923 1213 posset
945 1141 1051 1198 tamen
1071 1135 1115 1194 di·
1170 1134 1195 1196 si
1209 1131 1339 1194 ulterius
1354 1131 1542 1213 publicetur,
1560 1131 1734 1194 dummodo
1751 1133 1816 1212 ipsi
1830 1153 1890 1194 non
1903 1135 1956 1194 lue

320 1235 392 1282 cere
413 1237 480 1282 esse
502 1221 606 1301 quoad
621 1220 681 1283 hoc
695 1222 977 1297 calumniatorem
995 1223 1053 1284 sibi
1069 1222 1116 1283 40·
1174 1221 1214 1284 044
1227 1221 1305 1282 40400
1320 1221 1513 1300 impositum,
1530 1225 1598 1283 tum
1622 1221 1698 1301 quia
1721 1239 1783 1300 per
1807 1220 1956 1300 publicita-

321 1306 562 1389 cereinjuriam.
1169 1315 1235 1374 tem
1257 1309 1361 1372 amisit
1380 1309 1433 1390 jus
1456 1309 1497 1370 ad
1522 1310 1649 1388 lamam,
1675 1314 1745 1372 tum
1769 1309 1867 1371 etiam
1884 1311 1954 1390 qnia,

363 1395 472 1472 (40004.
497 1401 566 1460 aar.
591 1429 633 1444 -
658 1397 740 1481 Quid
759 1397 922 1458 notandam
943 1397 995 1467 ait,
1019 1397 1117 1460 04400
1171 1399 1367 1461 consideratu
1388 1400 1529 1460 humana
1550 1399 1715 1477 societate,
1739 1399 1837 1460 nimis
1860 1399 1955 1459 durum

321 1483 399 1568 quod
412 1483 554 1548 deultero
567 1484 674 1548 04404044
693 1486 755 1567 (uit
772 1485 946 1566 0044400004
971 1488 1007 1548 a.
1025 1503 1113 1565 seqq.
1170 1489 1441 1568 40004000οο0εο
1464 1487 1550 1570 loqui
1575 1487 1615 1548 de
1638 1487 1789 1566 publicis,
1817 1493 1849 1549 ct
1870 1487 1956 1565 reipsa

241 1576 295 1624 ¹2¹⁰
361 1573 422 1654 §l.
438 1573 564 1654 Aliquid
579 1580 683 1654 potest
707 1593 776 1636 esse
799 1573 961 1653 publicum
986 1574 1118 1652 triplici·
1172 1575 1223 1639 vix
1238 1595 1379 1658 unquam
1397 1581 1504 1656 posset
1519 1576 1588 1656 quis
1601 1577 1689 1656 loqui
1704 1577 1745 1637 da
1760 1575 1893 1637 crimine
1910 1593 1956 1654 pa

320 1668 369 1730 ter
384 1682 392 1724 τ
408 1663 439 1724 40
454 1663 563 1743 primis
575 1664 660 1734 lare,
676 1664 702 1726 si
724 1663 843 1726 sciatur
866 1681 924 1743 per
948 1663 1117 1725 confessio·
1172 1663 1266 1742 blico,
1284 1662 1358 1744 quia
1372 1663 1464 1742 primi
1480 1679 1641 1724 sermones
1654 1661 1835 1741 sepissime
1849 1663 1957 1722 4000004

321 1771 394 1817 nem
408 1751 1117 1835 Reiinpublieojudicio,velpcrsententiam
1172 1751 1326 1832 injuriosi.
1370 1751 1558 1830 Oppositum
1597 1755 1706 1813 tenent
1747 1753 1831 1812 Bon.
1870 1752 1954 1812 llauu.

321 1841 440 1907 Judicis
459 1840 528 1921 jam
550 1841 768 1922 004440040ος
794 1839 908 1900 deinde
931 1840 1035 1908 Facto,
1061 1855 1117 1901 000
1171 1859 1202 1902 a.
1225 1843 1295 1911 545,
1319 1843 1350 1902 04
1370 1839 1422 1900 alii
1445 1857 1516 1900 cunr
1540 1838 1649 1917 Steplr.
1681 1857 1714 1901 n.
1738 1841 1793 1917 22,
1816 1839 1956 1920 quiscum

321 1942 380 2012 per
401 1929 502 2009 ipsam
525 1928 598 1990 lacti
621 1927 811 1991 evidentiam
832 1927 917 2006 apud
938 1932 995 2004 tot,
1018 1931 1052 1989 ut
1072 1931 1116 1989 at·
1173 1949 1268 1991 eausa
1283 1928 1473 2008 publicitatis
1489 1928 1583 1990 luerit
1596 1927 1722 2008 injuria,
1740 1933 1854 1990 manet
1862 1927 1910 2008 jus
1924 1925 1955 1986 ad

321 2022 409 2082 tenta
422 2016 602 2080 conditione
620 2018 756 2097 illorum,
780 2017 833 2097 qui
855 2034 926 2078 eam
941 2017 1070 2094 habent,
1087 2021 1118 2078 04
1173 2014 1423 2095 recuperandam
1438 2015 1581 2076 lamam:
1607 2033 1682 2094 ergo
1711 2016 1792 2078 40044
1815 2015 1954 2096 injuriam,

324 2105 475 2188 qualitate
497 2105 747 2182 communitatis,
771 2105 900 2168 arbitrio
916 2105 1118 2184 prudentium
1178 2105 1231 2187 qui
1246 2103 1459 2166 continuando
1473 2103 1723 2164 diffamationem
1738 2103 1875 2184 impedit
1888 2103 1955 2164 illam

320 2193 481 2277 judicetur
500 2195 587 2256 nulla
608 2195 867 2275 tergiversatione
890 2195 984 2256 celari
1003 2213 1116 2274 posse;
1174 2193 1456 2274 recuperationem.
1492 2192 1582 2266 Quod
1605 2192 1631 2253 si
1656 2192 1781 2254 crimen
1806 2192 1898 2253 400044
1916 2191 1955 2252 tal·

323 2283 460 2364 denique
474 2283 581 2360 Fumo,
600 2281 626 2343 si
642 2301 752 2345 rumor
766 2283 805 2343 de
820 2282 881 2344 hoc
901 2301 941 2342 ex
962 2283 1119 2344 00400400-
1174 2301 1255 2358 sum,
1271 2279 1374 2362 major
1388 2281 1492 2342 adhuc
1506 2284 1553 2342 est
1563 2280 1654 2356 ratio,
1667 2280 1714 2342 044
1723 2281 1868 2343 40400400
1876 2282 1954 2358 burg.

324 2369 407 2434 44400
430 2369 552 2433 indiciis
577 2375 664 2434 ortus
687 2371 867 2451 pervenerit
894 2371 935 2434 ad
964 2371 1118 2452 majorem
1175 2375 1206 2432 et
1219 2369 1344 2431 Petsch.
1360 2387 1390 2450 q.
1407 2373 1446 2443 83
1464 2387 1539 2429 nam
1558 2367 1692 2430 facultas
1714 2369 1896 2447 publicandi
1909 2369 1955 2429 cri·

323 2462 448 2540 partem
475 2457 721 2521 communitatis.
752 2457 830 2522 Vide
858 2457 993 2521 dicenda
1023 2461 1044 2520 l.
1074 2463 1117 2538 l,
1172 2477 1248 2520 men
1272 2457 1310 2519 de
1333 2457 1450 2537 aliquo,
1476 2457 1626 2519 tundatur
1649 2458 1832 2537 partialiter
1849 2459 1878 2519 in
1891 2457 1956 2519 veri·
1979 2465 1983 2532 t

323 2565 378 2609 00.
394 2549 465 2612 706.
482 2549 523 2609 Ut
536 2551 642 2608 autem
656 2545 775 2608 crimen
791 2546 831 2608 sit
844 2547 929 2609 fama
943 2547 1117 2627 publicum,
1174 2551 1250 2610 4040.
1268 2548 1293 2608 ll
1308 2549 1418 2607 contra
1428 2545 1481 2626 jus
1495 2547 1535 2607 ad
1550 2546 1669 2606 lamam
1683 2546 1851 2625 fundatur,
1873 2549 1915 2608 vel
1931 2547 1954 2605 in

324 2634 421 2715 aliqui
444 2633 553 2696 dicunt
575 2634 720 2697 sufficere
744 2635 829 2714 quod
858 2636 959 2699 sciant
988 2637 1119 2714 decem,

325 2723 401 2805 quia
419 2721 471 2784 hic
491 2740 642 2784 numerus
665 2722 785 2786 sullicit
804 2723 845 2784 ad
867 2724 1122 2786 constituendum

323 2811 479 2892 populum
491 2828 547 2872 seu
562 2811 751 2892 parochiam
768 2815 800 2874 et
820 2811 958 2892 turbam,
981 2815 1015 2876 L.
1038 2818 1068 2891 4,
1086 2814 1118 2875 44.

325 2897 364 2962 Sr'
386 2899 486 2961 40000.
512 2909 626 2981 raptor.
653 2899 714 2962 Alii
738 2899 847 2962 dicunt
878 2902 1022 2963 sufficere
1045 2921 1119 2980 sex,

327 2987 404 3068 quia
423 2986 449 3048 40
470 3003 621 3049 numerus
641 2992 688 3050 est
708 2987 789 3067 0400,
814 3007 909 3068 quarn
929 2989 1033 3050 media
1047 3007 1121 3070 pars

326 3074 447 3157 000044
469 3092 526 3136 000
547 3073 670 3136 numen*
691 3073 832 3155 requisiti
854 3076 894 3138 ad
915 3078 1118 3156 parochiam

328 3161 380 3227 alii
394 3180 467 3224 cum
481 3163 605 3244 Arriag.
622 3163 657 3225 de
671 3162 808 3226 Sacrum.
826 3163 855 3226 d.
873 3167 922 3234 21.
939 3185 971 3227 a.
988 3169 1038 3244 44,
1054 3185 1121 3227 me-

327 3252 388 3314 lius
410 3251 519 3314 dicunt
540 3251 601 3315 hoc
624 3269 692 3315 0000
711 3252 919 3334 judicandum
947 3255 1121 3335 respective

328 3345 396 3405 tum
409 3340 450 3403 ad
464 3339 732 3419 communitatem,
742 3345 809 3403 tum
820 3341 861 3403 ad
871 3359 1033 3422 personas,
1052 3361 1121 3422 quar

328 3427 431 3493 sciunt
445 3432 477 3492 et
490 3430 670 3508 creduntur,
687 3429 738 3492 vel
753 3429 929 3510 taciturna,
945 3431 997 3492 vel
1010 3431 1123 3493 leviter

329 3519 369 3582 de
388 3519 448 3581 hoc
470 3518 642 3594 locuturae;
669 3517 743 3580 hinc
766 3523 889 3598 putant,
916 3519 1060 3599 quamvis
1084 3521 1125 3582 30

329 3606 388 3670 0404
411 3622 525 3688 graves
548 3611 579 3668 04
600 3605 747 3668 taciturni
773 3605 894 3687 aliquid
918 3605 1034 3685 sciant,
1060 3627 1123 3670 non

329 3693 401 3757 ide'o
415 3693 535 3757 censeri
549 3711 641 3774 00000
655 3694 739 3756 lama
753 3694 925 3773 publicum.
941 3695 1013 3757 Mol.
1022 3698 1121 3776 hugo.

330 3781 360 3845 d.
378 3785 427 3849 44.
443 3799 525 3844 uam.
542 3785 592 3860 ’40,
609 3784 711 3844 Ηο00.
729 3799 759 3843 a.
775 3785 846 3859 544,
864 3783 983 3862 040004,
999 3785 1026 3846 04
1040 3803 1124 3846 com·

330 3870 467 3934 munitas
480 3876 601 3934 constet
614 3875 633 3935 8
646 3871 798 3951 personis,
810 3876 877 3934 tum
888 3891 955 3934 esse
966 3874 1124 3936 notorium

330 3959 426 4036 lama,
442 3960 568 4042 quando
581 3963 601 4022 4
616 3961 719 4022 004004
735 3980 742 4023 :
761 3959 785 4021 si
801 3965 923 4024 constet
931 3965 981 4041 40,
996 3962 1122 4043 quando

330 4051 370 4122 'l;
386 4047 495 4124 04400,
512 4047 638 4128 quando
655 4051 692 4110 45
709 4067 717 4123 3
734 4049 760 4110 si
775 4051 865 4126 4000,
883 4051 1010 4128 quando
1024 4056 1064 4115 40
1074 4052 1124 4113 004

330 4137 371 4200 30
385 4135 438 4218 qui
452 4135 515 4199 sint
528 4155 566 4196 ex
580 4136 712 4198 diversis
726 4137 882 4199 domibus.
900 4139 991 4210 Quod
1007 4140 1032 4200 si
1047 4139 1126 4202 vici-

332 4222 526 4287 0400000404
546 4242 583 4285 ex
603 4227 643 4287 40
662 4225 804 4305 personis
824 4223 1039 4289 habitantibus
1060 4229 1125 4290 404

332 4311 383 4374 004
404 4313 422 4372 5
444 4311 599 4390 domibus,
623 4315 749 4394 quando
771 4315 875 4376 sciunt
896 4317 933 4377 40
951 4316 1002 4377 004
1022 4319 1127 4397 8per-

334 4417 419 4462 sonae
443 4399 642 4464 diversarum
665 4401 838 4480 domuum,
863 4408 1010 4465 censetur
1040 4409 1127 4466 noto·

333 4485 436 4560 rium;
459 4487 485 4549 si
505 4492 611 4550 autem
632 4487 741 4550 civitas
761 4493 883 4552 constet
900 4493 980 4553 5000
994 4491 1125 4569 civibus,

333 4575 460 4655 00444044,
477 4575 563 4656 quod
573 4576 678 4638 sciant
691 4579 731 4639 30
745 4577 845 4658 000004
869 4595 928 4658 000
949 4579 1036 4641 illam
1052 4579 1128 4642 civi-

334 4669 444 4744 tatem,
468 4671 522 4729 aut
543 4665 628 4747 quod
650 4685 715 4728 una
734 4667 839 4746 platea
859 4667 963 4730 vicina
983 4667 1015 4730 id
1037 4669 1126 4745 sciat,

336 4752 411 4832 quia
424 4757 490 4814 tum
504 4753 667 4816 moraliter
681 4755 873 4834 impossibile
889 4761 936 4819 004
946 4757 1051 4820 celari.
1065 4757 1130 4820 nd-

335 4840 383 4902 dit
396 4858 468 4902 cum
483 4833 552 4903 aliis
567 4837 710 4922 8400400.
728 4848 750 4902 4.
765 4845 796 4919 4,
813 4841 891 4924 disp.
909 4847 939 4919 6,
955 4863 986 4906 a.
1004 4847 1054 4921 27,
1072 4843 1130 4906 ori·

335 4945 408 4988 men
431 4927 586 4990 famosum
610 4927 689 5006 dici,
717 4927 806 5009 cujus
829 4929 915 4991 fama
939 4937 1131 5012 pervagatur

335 5033 394 5096 per
406 5014 560 5098 majorem
574 5011 697 5095 0004000
716 5015 857 5095 Viciniee,
880 5019 1127 5097 communitatis,

336 5103 462 5184 Oppidi,
478 5103 649 5168 Parochiae.
666 5103 817 5186 Denique,
835 5109 870 5168 ut
883 5105 952 5187 quis
962 5106 1130 5170 infamatus

336 5191 377 5255 sit
390 5192 423 5252 in
436 5209 547 5272 regno,
563 5191 638 5254 satis
653 5197 710 5271 est,
720 5194 745 5255 si
753 5193 794 5256 sit
807 5193 976 5257 infamatus
984 5195 1015 5256 in
1024 5197 1128 5275 curia,

336 5279 470 5344 0040440
494 5279 604 5342 illustri
629 5281 709 5358 loco,
736 5299 773 5342 ex
794 5299 856 5361 quo
877 5281 968 5346 facile
983 5283 1015 5344 in
1030 5289 1130 5347 totum

337 5387 470 5450 regnum
484 5369 570 5431 fama
583 5369 733 5448 dimanet,
750 5371 794 5433 ita
807 5371 881 5447 Mol.
905 5375 937 5433 et
956 5376 1054 5452 Lago,
1076 5391 1131 5454 po·

337 5462 460 5540 testque
473 5458 573 5521 videri
588 5459 681 5521 etiam
697 5459 821 5522 Petsclr.
836 5479 865 5541 q.
883 5463 913 5538 5,
930 5469 989 5524 art.
1005 5465 1035 5540 3,
1052 5483 1082 5545 q.
1099 5467 1130 5524 7.

256 5585 312 5638 m,
379 5543 441 5627 92.
458 5545 490 5611 Si
506 5546 581 5628 quid
596 5545 636 5610 sit
648 5546 821 5629 publicum,
833 5552 954 5612 000004
967 5548 1130 5630 detractio,

1175 2634 1354 2716 ignorantia
1366 2633 1504 2696 criminis
1519 2635 1598 2713 veri,
1614 2635 1664 2695 001
1684 2633 1716 2694 40
1737 2653 1820 2698 0000
1840 2635 1955 2696 criminis

1176 2722 1335 2796 carentia;
1353 2739 1429 2800 ergo
1444 2739 1517 2783 cum
1532 2722 1584 2782 hic
1597 2722 1638 2784 sit
1650 2739 1729 2783 vera
1751 2723 1891 2786 carentia
1907 2723 1954 2784 cri

1175 2809 1281 2886 minis,
1297 2814 1406 2871 manet
1415 2810 1468 2890 jus
1483 2809 1524 2871 ad
1539 2809 1677 2884 famam3
1694 2816 1866 2891 potestque
1873 2807 1954 2871 videri

1176 2896 1272 2959 etiam
1286 2897 1360 2958 Mol.
1376 2894 1407 2957 d.
1424 2899 1475 2973 32,
1492 2895 1545 2977 qui
1559 2895 1663 2976 magis
1676 2898 1859 2978 propendet
1870 2898 1898 2958 in
1917 2916 1954 2958 sa·

1176 2983 1530 3048 cundamsententiam.
1981 2981 1983 2996 ⁴

1216 3073 1235 3152 ἕ
1256 3075 1286 3134 3.
1309 3072 1434 3134 Crimen
1454 3073 1486 3133 in
1507 3090 1570 3134 uno
1591 3073 1788 3137 monasterio
1817 3073 1983 3155 publicanl

1176 3165 1280 3242 potest
1293 3162 1423 3224 ulterius
1437 3161 1591 3241 publicari
1607 3161 1692 3223 intra
1714 3163 1797 3224 illud
1820 3169 1954 3226 monade·

1177 3251 1278 3324 04οιος
1295 3251 1351 3312 sed
1366 3267 1429 3312 non
1443 3254 1550 3325 extra3
1567 3251 1722 3330 quietalis
1732 3252 1953 3331 publicitasnon

1177 3343 1224 3402 est
1248 3340 1403 3417 04004040,
1429 3338 1485 3401 sed
1508 3339 1653 3401 restricta
1675 3343 1805 3402 tantum
1831 3343 1869 3403 sd
1888 3342 1951 3418 illos,

1178 3446 1250 3488 cum
1265 3427 1379 3506 quibus
1394 3424 1620 3488 monasterium
1639 3428 1856 3491 communicet
1874 3430 1901 3490 in
1917 3445 1952 3489 re

1178 3516 1253 3596 gula
1276 3521 1308 3576 et
1329 3513 1494 3594 regimine,
1519 3514 1643 3594 Arriag.
1669 3533 1701 3575 a.
1727 3518 1782 3578 23.
1808 3521 1952 3580 Anautcm

1178 3604 1277 3683 possit
1297 3602 1391 3664 scribi
1415 3604 1509 3664 etiam
1530 3603 1572 3664 ad
1592 3602 1653 3664 alia
1680 3604 1874 3666 monasteria
1889 3603 1952 3685 ejus
1982 3657 1983 3662 ,

1179 3693 1251 3752 dem
1267 3691 1402 3768 Ordinis,
1427 3689 1591 3752 dubitatur
1606 3709 1613 3750 :
1629 3689 1757 3752 videtur
1781 3709 1881 3773 posse,
1901 3699 1951 3752 tum

1179 3781 1254 3859 quia
1275 3781 1329 3841 illa
1351 3780 1434 3842 inter
1456 3797 1490 3840 se
1513 3779 1762 3860 communicant,
1789 3787 1855 3844 tum
1877 3779 1951 3842 etan
1981 3785 1983 3864 t

1180 3871 1254 3952 quia
1267 3869 1292 3930 si
1307 3869 1481 3949 Religiosus
1496 3869 1569 3930 illuc
1583 3868 1705 3930 veniret
1720 3870 1859 3948 aliunde,
1870 3869 1952 3949 00004
1981 3871 1983 3944 t

1169 3958 1241 4020 *dici
1256 3957 1402 4037 00000044
1420 3979 1426 4020 :
1444 3974 1519 4038 ergo
1540 3959 1634 4020 etiam
1658 3959 1780 4037 0040044
1802 3958 1890 4021 scribi
1910 3955 1951 4018 ab
1981 3963 1983 4018 t

1179 4048 1271 4124 senti,
1297 4046 1341 4108 ita
1364 4063 1438 4108 cum
1459 4047 1529 4108 aliis
1553 4048 1625 4110 Mol.
1652 4055 1674 4107 4.
1699 4051 1732 4123 4,
1757 4047 1788 4108 d.
1809 4049 1856 4123 33,
1878 4045 1949 4114 044
1982 4085 1983 4094 .

1180 4136 1300 4198 Rebell.
1315 4155 1347 4217 p.
1365 4139 1394 4211 l,
1413 4135 1435 4197 l.
1452 4139 1483 4213 4,
1500 4155 1530 4217 q.
1546 4139 1577 4213 4,
1594 4155 1625 4196 0.
1649 4137 1697 4211 40,
1722 4134 1779 4196 044
1800 4139 1898 4197 tamen
1910 4129 1951 4192 ad·
1982 4215 1983 4218 Ἴ

1181 4225 1271 4302 4004,
1287 4223 1452 4286 timoratos
1466 4229 1498 4286 et
1511 4222 1683 4303 prudentes
1696 4221 1731 4283 id
1752 4241 1816 4285 non
1829 4221 1908 4283 facile
1919 4219 1950 4279 40
1982 4253 1983 4282 1

1182 4331 1273 4387 000ος
1290 4312 1346 4372 sed
1359 4311 1454 4374 credo
1469 4311 1728 4392 distinguendum
1752 4329 1831 4389 esse,
1856 4303 1949 4371 namsi

1181 4399 1226 4462 illi
1242 4399 1389 4478 Religiesi
1404 4416 1466 4460 000
1481 4399 1604 4460 soleant
1617 4399 1698 4460 mitti
1711 4399 1755 4460 de
1769 4415 1832 4461 000
1853 4399 1911 4459 loeo
1926 4393 1949 4453 'a

1183 4488 1291 4565 alium,
1308 4505 1371 4548 non
1386 4487 1512 4549 videtur
1524 4487 1644 4549 licitum
1658 4503 1739 4568 0000,
1757 4489 1831 4568 quia
1844 4503 1898 4548 uon
1908 4483 1950 4545 ba·

1182 4575 1392 4638 be'nttantam
1407 4577 1745 4650 communicationem
1771 4577 1797 4640 si
1815 4580 1908 4638 00400
1918 4570 1949 4633 04·
1976 4563 1983 4638 l

1183 4665 1236 4726 fixi
1249 4683 1310 4726 non
1325 4665 1388 4727 sint
1400 4664 1494 4728 certis
1508 4664 1595 4743 locis,
1621 4663 1677 4726 sed
1699 4667 1909 4744 permutentur
1925 4663 1949 4720 et

1183 4753 1443 4834 permisceantur,
1460 4753 1554 4816 scribi
1567 4753 1683 4835 poterit
1697 4755 1739 4816 ob
1753 4754 1898 4817 relicum
1906 4749 1948 4811 da·

1184 4851 1259 4904 tam.

1225 4933 1243 5010 0
1256 4934 1287 4992 4.
1309 4931 1342 4992 Si
1357 4947 1418 5010 000,
1434 4949 1504 5012 000
1519 4930 1661 4994 luitolim
1675 4931 1812 5012 publica,
1827 4929 1947 4994 0040004
1964 4925 1983 4996 d

1185 5018 1341 5081 oblivione
1356 5019 1478 5099 sepulta
1501 5023 1578 5098 erat,
1596 5021 1710 5082 itemm
1732 5021 1905 5102 0044400400,
1922 5013 1948 5074 44

1184 5108 1316 5190 injuria,
1333 5107 1358 5168 04
1372 5107 1455 5169 40040
1468 5110 1519 5170 004
1533 5109 1617 5169 lama
1631 5111 1755 5170 tantum
1765 5103 1944 5188 fnitpublica,

1184 5198 1229 5260 ita
1242 5196 1316 5258 illel.
1336 5199 1414 5277 Lug.
1431 5216 1461 5258 0.
1478 5197 1638 5260 85040444.
1663 5199 1752 5259 Ratio
1767 5202 1822 5275 est,
1839 5189 1946 5276 qniadi·

1184 5287 1317 5347 versitas
1329 5285 1480 5366 temporis
1493 5286 1578 5364 facit,
1594 5289 1631 5347 ut
1648 5303 1699 5347 res
1714 5305 1775 5349 non
1790 5279 1944 5361 sitandin

1186 5375 1327 5436 04004040
1339 5373 1476 5452 0044400,
1493 5373 1549 5434 sed
1571 5380 1694 5435 tantum
1709 5375 1801 5438 400044
1815 5394 1822 5435 :
1836 5371 1897 5432 hinc
1907 5379 1944 5426 rec

1186 5481 1244 5543 per
1257 5463 1447 5524 oblivionem
1461 5467 1509 5525 004
1518 5462 1649 5524 reducta
1663 5464 1705 5524 ad
1719 5481 1790 5526 aum
1800 5451 1941 5532 statumiss

1187 5569 1249 5632 quo
1273 5553 1340 5614 0004
1361 5557 1433 5614 0040
1455 5551 1683 5631 publicitatem,
1704 5557 1737 5616 et
1758 5553 1837 5616 fama
1855 5549 1942 5613 term
