<?xml version="1.0" encoding="UTF-8"?>
<!DOCTYPE html PUBLIC "-//W3C//DTD XHTML 1.0 Transitional//EN"
    "http://www.w3.org/TR/xhtml1/DTD/xhtml1-transitional.dtd">
<html xmlns="http://www.w3.org/1999/xhtml" xml:lang="en" lang="en">
 <head>
  <title>
</title>
<meta http-equiv="Content-Type" content="text/html;charset=utf-8" />
  <meta name='ocr-system' content='tesseract 3.04.00' />
  <meta name='ocr-capabilities' content='ocr_page ocr_carea ocr_par ocr_line ocrx_word'/>
</head>
<body>
  <div class='ocr_page' id='page_1' title='image "./theologiamorali01busegoog_0333.png"; bbox 0 0 3998 6344; ppageno 0'>
   <div class='ocr_carea' id='block_1_1' title="bbox 526 540 1143 644">
    <p class='ocr_par' dir='ltr' id='par_1_1' title="bbox 526 540 1143 644">
     <span class='ocr_line' id='line_1_1' title="bbox 526 540 1143 644; baseline 0.005 -38"><span class='ocrx_word' id='word_1_1' title='bbox 526 541 578 644; x_wconf 74' lang='lat' dir='ltr'>llll</span> <span class='ocrx_word' id='word_1_2' title='bbox 598 540 798 608; x_wconf 76' lang='lat' dir='ltr'>huruuua</span> <span class='ocrx_word' id='word_1_3' title='bbox 819 545 870 609; x_wconf 82' lang='grc' dir='ltr'>ΕΤ</span> <span class='ocrx_word' id='word_1_4' title='bbox 893 545 1143 609; x_wconf 81' lang='lat' dir='ltr'>VENDITIONll.</span> 
     </span>
    </p>
   </div>
   <div class='ocr_carea' id='block_1_2' title="bbox 16 730 799 2043">
    <p class='ocr_par' dir='ltr' id='par_1_2' title="bbox 16 730 799 1425">
     <span class='ocr_line' id='line_1_2' title="bbox 19 730 797 810; baseline -0.003 -16"><span class='ocrx_word' id='word_1_5' title='bbox 19 732 71 794; x_wconf 83' lang='lat' dir='ltr'>sais</span> <span class='ocrx_word' id='word_1_6' title='bbox 91 731 233 810; x_wconf 82' lang='lat' dir='ltr'>saginata</span> <span class='ocrx_word' id='word_1_7' title='bbox 257 731 409 806; x_wconf 82' lang='lat' dir='ltr'>vendant,</span> <span class='ocrx_word' id='word_1_8' title='bbox 426 730 499 809; x_wconf 89' lang='lat' dir='ltr'>quia</span> <span class='ocrx_word' id='word_1_9' title='bbox 516 730 656 792; x_wconf 88' lang='lat' dir='ltr'>vendunt</span> <span class='ocrx_word' id='word_1_10' title='bbox 678 731 797 792; x_wconf 86' lang='lat' dir='ltr'>fruetus</span> 
     </span>
     <span class='ocr_line' id='line_1_3' title="bbox 18 819 795 898; baseline -0.003 -16"><span class='ocrx_word' id='word_1_11' title='bbox 18 839 127 882; x_wconf 83' lang='lat' dir='ltr'>suorum</span> <span class='ocrx_word' id='word_1_12' title='bbox 141 819 340 898; x_wconf 81' lang='lat' dir='ltr'>praediorum</span> <span class='ocrx_word' id='word_1_13' title='bbox 354 820 402 880; x_wconf 78' lang='lat' dir='ltr'>rel</span> <span class='ocrx_word' id='word_1_14' title='bbox 418 837 576 897; x_wconf 87' lang='lat' dir='ltr'>agrorum,</span> <span class='ocrx_word' id='word_1_15' title='bbox 590 820 661 880; x_wconf 84' lang='lat' dir='ltr'>ltot.</span> <span class='ocrx_word' id='word_1_16' title='bbox 680 829 702 881; x_wconf 88' lang='lat' dir='ltr'>t.</span> <span class='ocrx_word' id='word_1_17' title='bbox 719 823 749 896; x_wconf 74' lang='grc'>2,</span> <span class='ocrx_word' id='word_1_18' title='bbox 766 820 795 880; x_wconf 85' lang='lat' dir='ltr'>d.</span> 
     </span>
     <span class='ocr_line' id='line_1_4' title="bbox 17 907 797 985; baseline -0.003 -15"><span class='ocrx_word' id='word_1_19' title='bbox 17 913 73 984; x_wconf 77' lang='lat' dir='ltr'>ate,</span> <span class='ocrx_word' id='word_1_20' title='bbox 87 929 115 968; x_wconf 86' lang='lat' dir='ltr'>a.</span> <span class='ocrx_word' id='word_1_21' title='bbox 136 911 172 980; x_wconf 83' lang='lat'>83</span> <span class='ocrx_word' id='word_1_22' title='bbox 194 909 284 968; x_wconf 78' lang='lat' dir='ltr'>hese.</span> <span class='ocrx_word' id='word_1_23' title='bbox 301 927 332 969; x_wconf 87' lang='lat' dir='ltr'>n.</span> <span class='ocrx_word' id='word_1_24' title='bbox 350 911 386 981; x_wconf 79' lang='lat'>53</span> <span class='ocrx_word' id='word_1_25' title='bbox 407 910 492 985; x_wconf 82' lang='lat' dir='ltr'>Lnga</span> <span class='ocrx_word' id='word_1_26' title='bbox 514 925 545 966; x_wconf 83' lang='lat' dir='ltr'>n.</span> <span class='ocrx_word' id='word_1_27' title='bbox 568 911 617 968; x_wconf 76' lang='lat' dir='ltr'>eu.</span> <span class='ocrx_word' id='word_1_28' title='bbox 636 907 685 968; x_wconf 88' lang='lat' dir='ltr'>Uti</span> <span class='ocrx_word' id='word_1_29' title='bbox 702 927 758 968; x_wconf 89' lang='lat' dir='ltr'>aee</span> <span class='ocrx_word' id='word_1_30' title='bbox 773 909 797 969; x_wconf 89' lang='lat' dir='ltr'>si</span> 
     </span>
     <span class='ocr_line' id='line_1_5' title="bbox 16 993 795 1076; baseline 0.003 -21"><span class='ocrx_word' id='word_1_31' title='bbox 16 1015 111 1076; x_wconf 81' lang='lat' dir='ltr'><strong>greges</strong></span> <span class='ocrx_word' id='word_1_32' title='bbox 132 995 219 1054; x_wconf 85' lang='lat' dir='ltr'>alant</span> <span class='ocrx_word' id='word_1_33' title='bbox 248 1001 285 1054; x_wconf 89' lang='lat' dir='ltr'>ut</span> <span class='ocrx_word' id='word_1_34' title='bbox 305 995 409 1070; x_wconf 78' lang='lat' dir='ltr'>tentus,</span> <span class='ocrx_word' id='word_1_35' title='bbox 434 996 493 1068; x_wconf 89' lang='lat' dir='ltr'>lae,</span> <span class='ocrx_word' id='word_1_36' title='bbox 517 993 622 1054; x_wconf 86' lang='lat' dir='ltr'>lunam</span> <span class='ocrx_word' id='word_1_37' title='bbox 645 995 795 1072; x_wconf 80' lang='lat' dir='ltr'>vendant,</span> 
     </span>
     <span class='ocr_line' id='line_1_6' title="bbox 16 1081 799 1163; baseline -0.006 -15"><span class='ocrx_word' id='word_1_38' title='bbox 16 1085 121 1163; x_wconf 77' lang='lat' dir='ltr'>lugat.</span> <span class='ocrx_word' id='word_1_39' title='bbox 136 1101 161 1142; x_wconf 84' lang='lat' dir='ltr'>r.</span> <span class='ocrx_word' id='word_1_40' title='bbox 180 1083 234 1143; x_wconf 87' lang='lat' dir='ltr'>uhi</span> <span class='ocrx_word' id='word_1_41' title='bbox 258 1087 364 1144; x_wconf 86' lang='lat' dir='ltr'>tamen</span> <span class='ocrx_word' id='word_1_42' title='bbox 387 1088 481 1162; x_wconf 83' lang='lat' dir='ltr'>negat</span> <span class='ocrx_word' id='word_1_43' title='bbox 504 1082 596 1142; x_wconf 88' lang='lat' dir='ltr'>licere</span> <span class='ocrx_word' id='word_1_44' title='bbox 620 1081 657 1142; x_wconf 88' lang='lat' dir='ltr'>iis</span> <span class='ocrx_word' id='word_1_45' title='bbox 680 1084 799 1144; x_wconf 89' lang='lat' dir='ltr'>condu-</span> 
     </span>
     <span class='ocr_line' id='line_1_7' title="bbox 16 1171 799 1250; baseline 0 -16"><span class='ocrx_word' id='word_1_46' title='bbox 16 1189 73 1234; x_wconf 79' lang='lat' dir='ltr'>cere</span> <span class='ocrx_word' id='word_1_47' title='bbox 86 1189 175 1250; x_wconf 86' lang='lat' dir='ltr'>agms</span> <span class='ocrx_word' id='word_1_48' title='bbox 189 1175 228 1232; x_wconf 91' lang='lat' dir='ltr'>ut</span> <span class='ocrx_word' id='word_1_49' title='bbox 242 1171 364 1232; x_wconf 84' lang='lat' dir='ltr'>tractus</span> <span class='ocrx_word' id='word_1_50' title='bbox 384 1171 541 1244; x_wconf 84' lang='lat' dir='ltr'><strong>vendant,</strong></span> <span class='ocrx_word' id='word_1_51' title='bbox 559 1187 595 1230; x_wconf 91' lang='lat' dir='ltr'>eo</span> <span class='ocrx_word' id='word_1_52' title='bbox 612 1171 694 1250; x_wconf 89' lang='lat' dir='ltr'>quod</span> <span class='ocrx_word' id='word_1_53' title='bbox 712 1171 799 1250; x_wconf 88' lang='lat' dir='ltr'>(licet</span> 
     </span>
     <span class='ocr_line' id='line_1_8' title="bbox 17 1257 799 1337; baseline 0.001 -19"><span class='ocrx_word' id='word_1_54' title='bbox 17 1277 66 1318; x_wconf 90' lang='lat' dir='ltr'>non</span> <span class='ocrx_word' id='word_1_55' title='bbox 79 1259 115 1319; x_wconf 90' lang='lat' dir='ltr'>sit</span> <span class='ocrx_word' id='word_1_56' title='bbox 127 1258 304 1334; x_wconf 70' lang='lat' dir='ltr'>negotiatio</span> <span class='ocrx_word' id='word_1_57' title='bbox 318 1259 444 1337; x_wconf 82' lang='lat' dir='ltr'><strong>proprie</strong></span> <span class='ocrx_word' id='word_1_58' title='bbox 459 1257 557 1336; x_wconf 87' lang='lat' dir='ltr'>diota)</span> <span class='ocrx_word' id='word_1_59' title='bbox 573 1257 751 1336; x_wconf 78' lang='lat' dir='ltr'>specialiter</span> <span class='ocrx_word' id='word_1_60' title='bbox 765 1258 799 1319; x_wconf 90' lang='lat' dir='ltr'>il-</span> 
     </span>
     <span class='ocr_line' id='line_1_9' title="bbox 16 1343 709 1425; baseline -0.003 -17"><span class='ocrx_word' id='word_1_61' title='bbox 16 1343 91 1408; x_wconf 82' lang='lat' dir='ltr'>tissir</span> <span class='ocrx_word' id='word_1_62' title='bbox 103 1346 302 1425; x_wconf 88' lang='lat' dir='ltr'>prohibitum</span> <span class='ocrx_word' id='word_1_63' title='bbox 316 1347 347 1405; x_wconf 90' lang='lat' dir='ltr'>in</span> <span class='ocrx_word' id='word_1_64' title='bbox 365 1345 449 1409; x_wconf 87' lang='lat' dir='ltr'>Cone.</span> <span class='ocrx_word' id='word_1_65' title='bbox 468 1348 575 1408; x_wconf 83' lang='lat' dir='ltr'>Corttr.</span> <span class='ocrx_word' id='word_1_66' title='bbox 601 1346 632 1407; x_wconf 92' lang='lat' dir='ltr'>V.</span> <span class='ocrx_word' id='word_1_67' title='bbox 646 1348 667 1408; x_wconf 89' lang='lat' dir='ltr'>i.</span> <span class='ocrx_word' id='word_1_68' title='bbox 684 1365 709 1406; x_wconf 85' lang='lat' dir='ltr'>e.</span> 
     </span>
    </p>

    <p class='ocr_par' dir='ltr' id='par_1_3' title="bbox 17 1433 799 1951">
     <span class='ocr_line' id='line_1_10' title="bbox 47 1433 798 1512; baseline 0.005 -22"><span class='ocrx_word' id='word_1_69' title='bbox 47 1435 115 1494; x_wconf 85' lang='lat' dir='ltr'>nlll.</span> <span class='ocrx_word' id='word_1_70' title='bbox 127 1437 193 1494; x_wconf 84' lang='lat' dir='ltr'>Non</span> <span class='ocrx_word' id='word_1_71' title='bbox 205 1440 320 1512; x_wconf 85' lang='lat' dir='ltr'>peccat</span> <span class='ocrx_word' id='word_1_72' title='bbox 332 1434 461 1495; x_wconf 88' lang='lat' dir='ltr'>clericus</span> <span class='ocrx_word' id='word_1_73' title='bbox 479 1454 485 1495; x_wconf 95' lang='lat'><strong>:</strong></span> <span class='ocrx_word' id='word_1_74' title='bbox 504 1438 531 1496; x_wconf 91' lang='lat' dir='ltr'>t.</span> <span class='ocrx_word' id='word_1_75' title='bbox 547 1433 579 1498; x_wconf 93' lang='lat' dir='ltr'>Si</span> <span class='ocrx_word' id='word_1_76' title='bbox 592 1439 676 1494; x_wconf 88' lang='lat' dir='ltr'>emat</span> <span class='ocrx_word' id='word_1_77' title='bbox 686 1452 798 1512; x_wconf 78' lang='lat' dir='ltr'>agrum</span> 
     </span>
     <span class='ocr_line' id='line_1_11' title="bbox 17 1520 796 1601; baseline -0.001 -18"><span class='ocrx_word' id='word_1_78' title='bbox 17 1537 75 1583; x_wconf 84' lang='lat' dir='ltr'>cum</span> <span class='ocrx_word' id='word_1_79' title='bbox 93 1520 245 1582; x_wconf 88' lang='lat' dir='ltr'>tractibus</span> <span class='ocrx_word' id='word_1_80' title='bbox 262 1521 331 1601; x_wconf 87' lang='lat' dir='ltr'>jam</span> <span class='ocrx_word' id='word_1_81' title='bbox 358 1521 488 1582; x_wconf 87' lang='lat' dir='ltr'>maturis</span> <span class='ocrx_word' id='word_1_82' title='bbox 515 1521 646 1600; x_wconf 88' lang='lat' dir='ltr'>illosque</span> <span class='ocrx_word' id='word_1_83' title='bbox 670 1521 796 1598; x_wconf 86' lang='lat' dir='ltr'>vendut,</span> 
     </span>
     <span class='ocr_line' id='line_1_12' title="bbox 17 1608 795 1688; baseline 0.005 -21"><span class='ocrx_word' id='word_1_84' title='bbox 17 1609 77 1688; x_wconf 83' lang='lat' dir='ltr'>quia</span> <span class='ocrx_word' id='word_1_85' title='bbox 97 1609 202 1670; x_wconf 80' lang='lat' dir='ltr'>rendit</span> <span class='ocrx_word' id='word_1_86' title='bbox 222 1611 347 1672; x_wconf 82' lang='lat' dir='ltr'>tructus</span> <span class='ocrx_word' id='word_1_87' title='bbox 365 1611 431 1688; x_wconf 82' lang='lat' dir='ltr'>agri</span> <span class='ocrx_word' id='word_1_88' title='bbox 456 1608 514 1686; x_wconf 87' lang='lat' dir='ltr'>sui,</span> <span class='ocrx_word' id='word_1_89' title='bbox 533 1629 570 1668; x_wconf 86' lang='lat' dir='ltr'>ex</span> <span class='ocrx_word' id='word_1_90' title='bbox 599 1610 670 1670; x_wconf 84' lang='lat' dir='ltr'>Mol.</span> <span class='ocrx_word' id='word_1_91' title='bbox 689 1628 719 1670; x_wconf 88' lang='lat' dir='ltr'>n.</span> <span class='ocrx_word' id='word_1_92' title='bbox 747 1613 795 1686; x_wconf 88' lang='lat' dir='ltr'>m,</span> 
     </span>
     <span class='ocr_line' id='line_1_13' title="bbox 17 1697 799 1778; baseline -0.005 -18"><span class='ocrx_word' id='word_1_93' title='bbox 17 1697 72 1760; x_wconf 82' lang='lat' dir='ltr'>titt.</span> <span class='ocrx_word' id='word_1_94' title='bbox 87 1703 143 1759; x_wconf 89' lang='lat' dir='ltr'>eto.</span> <span class='ocrx_word' id='word_1_95' title='bbox 159 1701 189 1758; x_wconf 74' lang='lat'>2.</span> <span class='ocrx_word' id='word_1_96' title='bbox 210 1698 245 1760; x_wconf 85' lang='lat' dir='ltr'>Si</span> <span class='ocrx_word' id='word_1_97' title='bbox 268 1699 300 1759; x_wconf 93' lang='lat' dir='ltr'>id</span> <span class='ocrx_word' id='word_1_98' title='bbox 316 1699 399 1778; x_wconf 87' lang='lat' dir='ltr'>quod</span> <span class='ocrx_word' id='word_1_99' title='bbox 414 1699 453 1758; x_wconf 84' lang='lat' dir='ltr'>ad</span> <span class='ocrx_word' id='word_1_100' title='bbox 469 1698 612 1775; x_wconf 91' lang='lat' dir='ltr'>proprios</span> <span class='ocrx_word' id='word_1_101' title='bbox 627 1715 701 1757; x_wconf 90' lang='lat' dir='ltr'>usus</span> <span class='ocrx_word' id='word_1_102' title='bbox 716 1715 799 1756; x_wconf 91' lang='lat' dir='ltr'>eme-</span> 
     </span>
     <span class='ocr_line' id='line_1_14' title="bbox 18 1787 797 1866; baseline 0 -20"><span class='ocrx_word' id='word_1_103' title='bbox 18 1789 56 1846; x_wconf 84' lang='lat' dir='ltr'>rat</span> <span class='ocrx_word' id='word_1_104' title='bbox 73 1793 185 1864; x_wconf 87' lang='lat' dir='ltr'>postea,</span> <span class='ocrx_word' id='word_1_105' title='bbox 203 1787 257 1846; x_wconf 86' lang='lat' dir='ltr'>vel</span> <span class='ocrx_word' id='word_1_106' title='bbox 282 1787 357 1866; x_wconf 87' lang='lat' dir='ltr'>quia</span> <span class='ocrx_word' id='word_1_107' title='bbox 378 1805 439 1846; x_wconf 94' lang='lat' dir='ltr'>non</span> <span class='ocrx_word' id='word_1_108' title='bbox 461 1787 590 1865; x_wconf 86' lang='lat' dir='ltr'>indiget,</span> <span class='ocrx_word' id='word_1_109' title='bbox 607 1787 655 1846; x_wconf 89' lang='lat' dir='ltr'>vel</span> <span class='ocrx_word' id='word_1_110' title='bbox 675 1789 797 1846; x_wconf 86' lang='lat' dir='ltr'>mutato</span> 
     </span>
     <span class='ocr_line' id='line_1_15' title="bbox 19 1873 493 1951; baseline -0.002 -15"><span class='ocrx_word' id='word_1_111' title='bbox 19 1873 136 1951; x_wconf 83' lang='lat' dir='ltr'>consilio,</span> <span class='ocrx_word' id='word_1_112' title='bbox 153 1874 261 1935; x_wconf 89' lang='lat' dir='ltr'>carius</span> <span class='ocrx_word' id='word_1_113' title='bbox 275 1876 403 1936; x_wconf 53' lang='lat' dir='ltr'>ivenoat.</span> <span class='ocrx_word' id='word_1_114' title='bbox 418 1873 493 1935; x_wconf 83' lang='lat' dir='ltr'>ltid.</span> 
     </span>
    </p>

    <p class='ocr_par' dir='ltr' id='par_1_4' title="bbox 50 1961 799 2043">
     <span class='ocr_line' id='line_1_16' title="bbox 50 1961 799 2043; baseline 0.005 -25"><span class='ocrx_word' id='word_1_115' title='bbox 50 1983 61 2018; x_wconf 81' lang='lat' dir='ltr'>a</span> <span class='ocrx_word' id='word_1_116' title='bbox 77 1965 120 2022; x_wconf 82' lang='lat' dir='ltr'>Aa</span> <span class='ocrx_word' id='word_1_117' title='bbox 134 1980 210 2024; x_wconf 83' lang='lat' dir='ltr'>raro</span> <span class='ocrx_word' id='word_1_118' title='bbox 235 1968 268 2024; x_wconf 91' lang='lat' dir='ltr'>et</span> <span class='ocrx_word' id='word_1_119' title='bbox 290 1963 448 2043; x_wconf 90' lang='lat' dir='ltr'>quomodo</span> <span class='ocrx_word' id='word_1_120' title='bbox 463 1962 584 2024; x_wconf 85' lang='lat' dir='ltr'>clericis</span> <span class='ocrx_word' id='word_1_121' title='bbox 598 1961 690 2022; x_wconf 90' lang='lat' dir='ltr'>liceat</span> <span class='ocrx_word' id='word_1_122' title='bbox 704 1979 799 2040; x_wconf 81' lang='lat' dir='ltr'>nego-</span> 
     </span>
    </p>
   </div>
   <div class='ocr_carea' id='block_1_3' title="bbox 7 2267 799 5574">
    <p class='ocr_par' dir='ltr' id='par_1_5' title="bbox 20 2267 797 2609">
     <span class='ocr_line' id='line_1_17' title="bbox 44 2267 793 2331; baseline -0.012 -9"><span class='ocrx_word' id='word_1_123' title='bbox 44 2272 52 2322; x_wconf 86' lang='lat' dir='ltr'>t</span> <span class='ocrx_word' id='word_1_124' title='bbox 67 2271 91 2320; x_wconf 90' lang='lat' dir='ltr'>P.</span> <span class='ocrx_word' id='word_1_125' title='bbox 108 2269 238 2330; x_wconf 88' lang='lat' dir='ltr'>Concinn,</span> <span class='ocrx_word' id='word_1_126' title='bbox 255 2268 347 2331; x_wconf 90' lang='lat' dir='ltr'>inquit</span> <span class='ocrx_word' id='word_1_127' title='bbox 365 2267 501 2328; x_wconf 82' lang='lat' dir='ltr'>Noeetius,</span> <span class='ocrx_word' id='word_1_128' title='bbox 526 2282 583 2330; x_wconf 90' lang='lat' dir='ltr'>cap.</span> <span class='ocrx_word' id='word_1_129' title='bbox 611 2269 649 2326; x_wconf 85' lang='lat' dir='ltr'>tt,</span> <span class='ocrx_word' id='word_1_130' title='bbox 677 2267 793 2314; x_wconf 72' lang='lat' dir='ltr'>Veritatis</span> 
     </span>
     <span class='ocr_line' id='line_1_18' title="bbox 20 2336 797 2398; baseline -0.003 -12"><span class='ocrx_word' id='word_1_131' title='bbox 20 2339 138 2398; x_wconf 76' lang='lat' dir='ltr'>rindoate,</span> <span class='ocrx_word' id='word_1_132' title='bbox 156 2338 240 2387; x_wconf 77' lang='lat' dir='ltr'>refert</span> <span class='ocrx_word' id='word_1_133' title='bbox 256 2351 368 2398; x_wconf 81' lang='lat' dir='ltr'>rerum,</span> <span class='ocrx_word' id='word_1_134' title='bbox 387 2337 433 2386; x_wconf 87' lang='lat' dir='ltr'>sed</span> <span class='ocrx_word' id='word_1_135' title='bbox 447 2349 500 2386; x_wconf 89' lang='lat' dir='ltr'>non</span> <span class='ocrx_word' id='word_1_136' title='bbox 517 2337 596 2386; x_wconf 80' lang='lat' dir='ltr'>refert</span> <span class='ocrx_word' id='word_1_137' title='bbox 611 2340 707 2396; x_wconf 76' lang='lat' dir='ltr'>totum,</span> <span class='ocrx_word' id='word_1_138' title='bbox 720 2339 746 2384; x_wconf 87' lang='lat' dir='ltr'>et</span> <span class='ocrx_word' id='word_1_139' title='bbox 762 2336 797 2384; x_wconf 93' lang='lat' dir='ltr'>il·</span> 
     </span>
     <span class='ocr_line' id='line_1_19' title="bbox 20 2405 797 2472; baseline -0.005 -14"><span class='ocrx_word' id='word_1_140' title='bbox 20 2405 54 2458; x_wconf 80' lang='lat' dir='ltr'>tat</span> <span class='ocrx_word' id='word_1_141' title='bbox 67 2409 175 2458; x_wconf 83' lang='lat' dir='ltr'>occultat</span> <span class='ocrx_word' id='word_1_142' title='bbox 195 2409 271 2472; x_wconf 85' lang='lat' dir='ltr'>qnod</span> <span class='ocrx_word' id='word_1_143' title='bbox 293 2408 366 2456; x_wconf 83' lang='lat' dir='ltr'>cedit</span> <span class='ocrx_word' id='word_1_144' title='bbox 381 2408 408 2455; x_wconf 90' lang='lat' dir='ltr'>in</span> <span class='ocrx_word' id='word_1_145' title='bbox 424 2408 570 2456; x_wconf 83' lang='lat' dir='ltr'>maximum</span> <span class='ocrx_word' id='word_1_146' title='bbox 586 2407 731 2456; x_wconf 81' lang='lat' dir='ltr'>utilitatem</span> <span class='ocrx_word' id='word_1_147' title='bbox 748 2407 797 2455; x_wconf 91' lang='lat' dir='ltr'>Pa·</span> 
     </span>
     <span class='ocr_line' id='line_1_20' title="bbox 20 2477 796 2542; baseline -0.004 -14"><span class='ocrx_word' id='word_1_148' title='bbox 20 2481 58 2528; x_wconf 85' lang='lat' dir='ltr'>tris</span> <span class='ocrx_word' id='word_1_149' title='bbox 73 2479 184 2530; x_wconf 76' lang='lat' dir='ltr'>laeroix.</span> <span class='ocrx_word' id='word_1_150' title='bbox 204 2481 260 2542; x_wconf 80' lang='lat' dir='ltr'>Ego</span> <span class='ocrx_word' id='word_1_151' title='bbox 274 2481 368 2528; x_wconf 86' lang='lat' dir='ltr'>autem</span> <span class='ocrx_word' id='word_1_152' title='bbox 380 2478 503 2526; x_wconf 86' lang='lat' dir='ltr'>revelabo</span> <span class='ocrx_word' id='word_1_153' title='bbox 519 2481 550 2528; x_wconf 90' lang='lat' dir='ltr'>ut</span> <span class='ocrx_word' id='word_1_154' title='bbox 564 2478 674 2526; x_wconf 84' lang='lat' dir='ltr'>lectores</span> <span class='ocrx_word' id='word_1_155' title='bbox 684 2477 796 2526; x_wconf 85' lang='lat' dir='ltr'>videant</span> 
     </span>
     <span class='ocr_line' id='line_1_21' title="bbox 20 2545 796 2609; baseline -0.008 -11"><span class='ocrx_word' id='word_1_156' title='bbox 20 2551 66 2598; x_wconf 84' lang='lat' dir='ltr'>un</span> <span class='ocrx_word' id='word_1_157' title='bbox 78 2549 218 2598; x_wconf 89' lang='lat' dir='ltr'>artitlcimu</span> <span class='ocrx_word' id='word_1_158' title='bbox 232 2549 321 2599; x_wconf 87' lang='lat' dir='ltr'>Patris</span> <span class='ocrx_word' id='word_1_159' title='bbox 331 2547 465 2607; x_wconf 81' lang='lat' dir='ltr'>Cannium,</span> <span class='ocrx_word' id='word_1_160' title='bbox 487 2551 544 2596; x_wconf 90' lang='lat' dir='ltr'>tum</span> <span class='ocrx_word' id='word_1_161' title='bbox 563 2545 714 2609; x_wconf 81' lang='lat' dir='ltr'>cujusmodi</span> <span class='ocrx_word' id='word_1_162' title='bbox 730 2545 796 2604; x_wconf 86' lang='lat' dir='ltr'>siut,</span> 
     </span>
    </p>

    <p class='ocr_par' dir='ltr' id='par_1_6' title="bbox 7 2615 799 2824">
     <span class='ocr_line' id='line_1_22' title="bbox 7 2615 799 2682; baseline -0.006 -14"><span class='ocrx_word' id='word_1_163' title='bbox 7 2635 9 2676; x_wconf 69' lang='grc' dir='ltr'><strong>ς</strong></span> <span class='ocrx_word' id='word_1_164' title='bbox 20 2623 42 2668; x_wconf 83' lang='grc' dir='ltr'>ει</span> <span class='ocrx_word' id='word_1_165' title='bbox 50 2619 137 2682; x_wconf 84' lang='lat' dir='ltr'>‹pribus</span> <span class='ocrx_word' id='word_1_166' title='bbox 146 2619 309 2668; x_wconf 84' lang='lat' dir='ltr'>auctoribus</span> <span class='ocrx_word' id='word_1_167' title='bbox 322 2617 480 2666; x_wconf 87' lang='lat' dir='ltr'>nmniantur</span> <span class='ocrx_word' id='word_1_168' title='bbox 489 2617 630 2666; x_wconf 78' lang='lat' dir='ltr'>sententiae</span> <span class='ocrx_word' id='word_1_169' title='bbox 646 2629 712 2677; x_wconf 88' lang='lat' dir='ltr'>quas</span> <span class='ocrx_word' id='word_1_170' title='bbox 724 2616 751 2664; x_wconf 91' lang='lat' dir='ltr'>ia</span> <span class='ocrx_word' id='word_1_171' title='bbox 764 2615 799 2663; x_wconf 95' lang='lat' dir='ltr'>li·</span> 
     </span>
     <span class='ocr_line' id='line_1_23' title="bbox 7 2687 797 2740; baseline -0.006 0"><span class='ocrx_word' id='word_1_172' title='bbox 7 2689 226 2740; x_wconf 74' lang='lat' dir='ltr'>}lnistesuitarum</span> <span class='ocrx_word' id='word_1_173' title='bbox 243 2691 338 2740; x_wconf 81' lang='lat' dir='ltr'>statim</span> <span class='ocrx_word' id='word_1_174' title='bbox 353 2693 429 2739; x_wconf 89' lang='lat' dir='ltr'>notat</span> <span class='ocrx_word' id='word_1_175' title='bbox 443 2693 472 2738; x_wconf 90' lang='lat' dir='ltr'>ut</span> <span class='ocrx_word' id='word_1_176' title='bbox 488 2689 577 2737; x_wconf 81' lang='lat' dir='ltr'>Leros.</span> <span class='ocrx_word' id='word_1_177' title='bbox 595 2689 634 2737; x_wconf 82' lang='lat' dir='ltr'>Ea</span> <span class='ocrx_word' id='word_1_178' title='bbox 654 2691 743 2736; x_wconf 84' lang='lat' dir='ltr'>textus</span> <span class='ocrx_word' id='word_1_179' title='bbox 759 2687 797 2735; x_wconf 92' lang='lat' dir='ltr'>iu·</span> 
     </span>
     <span class='ocr_line' id='line_1_24' title="bbox 7 2743 273 2824; baseline -0.019 -9"><span class='ocrx_word' id='word_1_180' title='bbox 7 2743 79 2824; x_wconf 67' lang='lat' dir='ltr'>loge</span> <span class='ocrx_word' id='word_1_181' title='bbox 94 2763 119 2811; x_wconf 99' lang='lat' dir='ltr'>P.</span> <span class='ocrx_word' id='word_1_182' title='bbox 135 2761 250 2810; x_wconf 77' lang='lat' dir='ltr'>haeroix</span> <span class='ocrx_word' id='word_1_183' title='bbox 267 2781 273 2810; x_wconf 75' lang='grc' dir='ltr'><strong>ι</strong></span> 
     </span>
    </p>

    <p class='ocr_par' dir='ltr' id='par_1_7' title="bbox 45 2826 797 2883">
     <span class='ocr_line' id='line_1_25' title="bbox 45 2826 797 2883; baseline -0.011 0"><span class='ocrx_word' id='word_1_184' title='bbox 45 2851 55 2876; x_wconf 79' lang='grc' dir='ltr'><strong>ι</strong></span> <span class='ocrx_word' id='word_1_185' title='bbox 70 2833 175 2883; x_wconf 85' lang='lat' dir='ltr'>licitum</span> <span class='ocrx_word' id='word_1_186' title='bbox 187 2837 229 2882; x_wconf 88' lang='lat' dir='ltr'>est</span> <span class='ocrx_word' id='word_1_187' title='bbox 240 2830 371 2880; x_wconf 89' lang='lat' dir='ltr'>omnibns</span> <span class='ocrx_word' id='word_1_188' title='bbox 381 2843 468 2879; x_wconf 89' lang='lat' dir='ltr'>emere</span> <span class='ocrx_word' id='word_1_189' title='bbox 483 2843 544 2878; x_wconf 89' lang='lat' dir='ltr'>cum</span> <span class='ocrx_word' id='word_1_190' title='bbox 559 2830 651 2878; x_wconf 89' lang='lat' dir='ltr'>auimo</span> <span class='ocrx_word' id='word_1_191' title='bbox 662 2826 797 2876; x_wconf 79' lang='lat' dir='ltr'>vendendi</span> 
     </span>
    </p>

    <p class='ocr_par' dir='ltr' id='par_1_8' title="bbox 7 2896 798 3738">
     <span class='ocr_line' id='line_1_26' title="bbox 7 2896 795 2966; baseline -0.009 -16"><span class='ocrx_word' id='word_1_192' title='bbox 7 2945 8 2950; x_wconf 75' lang='grc'>,</span> <span class='ocrx_word' id='word_1_193' title='bbox 21 2903 62 2950; x_wconf 72' lang='grc' dir='ltr'>εἰει</span> <span class='ocrx_word' id='word_1_194' title='bbox 73 2905 143 2964; x_wconf 72' lang='lat' dir='ltr'>birro,</span> <span class='ocrx_word' id='word_1_195' title='bbox 154 2903 220 2966; x_wconf 92' lang='lat' dir='ltr'>quia</span> <span class='ocrx_word' id='word_1_196' title='bbox 237 2917 294 2952; x_wconf 89' lang='lat' dir='ltr'>non</span> <span class='ocrx_word' id='word_1_197' title='bbox 305 2905 345 2950; x_wconf 85' lang='lat' dir='ltr'>est</span> <span class='ocrx_word' id='word_1_198' title='bbox 360 2901 495 2963; x_wconf 87' lang='lat' dir='ltr'>prohibita</span> <span class='ocrx_word' id='word_1_199' title='bbox 511 2900 669 2963; x_wconf 84' lang='lat' dir='ltr'>negotiatio,</span> <span class='ocrx_word' id='word_1_200' title='bbox 680 2897 733 2947; x_wconf 82' lang='lat' dir='ltr'>nisi</span> <span class='ocrx_word' id='word_1_201' title='bbox 748 2896 795 2944; x_wconf 83' lang='lat' dir='ltr'>dat</span> 
     </span>
     <span class='ocr_line' id='line_1_27' title="bbox 21 2965 797 3034; baseline -0.01 -14"><span class='ocrx_word' id='word_1_202' title='bbox 21 2972 66 3021; x_wconf 78' lang='lat' dir='ltr'>siue</span> <span class='ocrx_word' id='word_1_203' title='bbox 78 2987 149 3022; x_wconf 83' lang='lat' dir='ltr'>eausa</span> <span class='ocrx_word' id='word_1_204' title='bbox 165 2973 247 3032; x_wconf 88' lang='lat' dir='ltr'>lueri,</span> <span class='ocrx_word' id='word_1_205' title='bbox 259 2973 300 3020; x_wconf 89' lang='lat' dir='ltr'>uti</span> <span class='ocrx_word' id='word_1_206' title='bbox 317 2971 431 3020; x_wconf 88' lang='lat' dir='ltr'>habetur</span> <span class='ocrx_word' id='word_1_207' title='bbox 442 2985 499 3034; x_wconf 89' lang='lat' dir='ltr'>cap.</span> <span class='ocrx_word' id='word_1_208' title='bbox 511 2969 643 3018; x_wconf 85' lang='lat' dir='ltr'>serundo:</span> <span class='ocrx_word' id='word_1_209' title='bbox 656 2971 692 3017; x_wconf 78' lang='lat' dir='ltr'>Ne</span> <span class='ocrx_word' id='word_1_210' title='bbox 707 2965 797 3016; x_wconf 88' lang='lat' dir='ltr'>clerici</span> 
     </span>
     <span class='ocr_line' id='line_1_28' title="bbox 23 3039 798 3102; baseline -0.008 -12"><span class='ocrx_word' id='word_1_211' title='bbox 23 3043 187 3093; x_wconf 78' lang='lat' dir='ltr'>selmonnclri.</span> <span class='ocrx_word' id='word_1_212' title='bbox 204 3043 284 3094; x_wconf 80' lang='lat' dir='ltr'>Unde</span> <span class='ocrx_word' id='word_1_213' title='bbox 300 3041 322 3091; x_wconf 86' lang='lat' dir='ltr'>si</span> <span class='ocrx_word' id='word_1_214' title='bbox 338 3039 670 3102; x_wconf 84' lang='lat' dir='ltr'>clericusmneritaliqnid</span> <span class='ocrx_word' id='word_1_215' title='bbox 685 3040 714 3086; x_wconf 89' lang='lat' dir='ltr'>ut</span> <span class='ocrx_word' id='word_1_216' title='bbox 729 3050 798 3084; x_wconf 91' lang='lat' dir='ltr'>con-</span> 
     </span>
     <span class='ocr_line' id='line_1_29' title="bbox 22 3107 795 3177; baseline -0.012 -17"><span class='ocrx_word' id='word_1_217' title='bbox 22 3119 93 3162; x_wconf 84' lang='lat' dir='ltr'>mmat</span> <span class='ocrx_word' id='word_1_218' title='bbox 105 3117 229 3177; x_wconf 83' lang='lat' dir='ltr'>etpostea</span> <span class='ocrx_word' id='word_1_219' title='bbox 240 3113 359 3176; x_wconf 86' lang='lat' dir='ltr'>pretium</span> <span class='ocrx_word' id='word_1_220' title='bbox 372 3112 444 3160; x_wconf 82' lang='lat' dir='ltr'>illius</span> <span class='ocrx_word' id='word_1_221' title='bbox 453 3113 563 3170; x_wconf 84' lang='lat' dir='ltr'>creseat,</span> <span class='ocrx_word' id='word_1_222' title='bbox 576 3109 694 3157; x_wconf 81' lang='lat' dir='ltr'>raudera</span> <span class='ocrx_word' id='word_1_223' title='bbox 706 3107 795 3170; x_wconf 84' lang='lat' dir='ltr'>potest</span> 
     </span>
     <span class='ocr_line' id='line_1_30' title="bbox 8 3181 792 3254; baseline -0.009 -21"><span class='ocrx_word' id='word_1_224' title='bbox 8 3196 112 3254; x_wconf 61' lang='lat' dir='ltr'>,speram</span> <span class='ocrx_word' id='word_1_225' title='bbox 127 3199 153 3234; x_wconf 88' lang='lat' dir='ltr'>se</span> <span class='ocrx_word' id='word_1_226' title='bbox 169 3185 253 3233; x_wconf 79' lang='lat' dir='ltr'>vitius</span> <span class='ocrx_word' id='word_1_227' title='bbox 268 3186 431 3245; x_wconf 90' lang='lat' dir='ltr'>empturum.</span> <span class='ocrx_word' id='word_1_228' title='bbox 449 3182 493 3230; x_wconf 65' lang='lat' dir='ltr'>list</span> <span class='ocrx_word' id='word_1_229' title='bbox 507 3181 580 3229; x_wconf 88' lang='lat' dir='ltr'>euim</span> <span class='ocrx_word' id='word_1_230' title='bbox 595 3183 671 3228; x_wconf 83' lang='lat' dir='ltr'>nctus</span> <span class='ocrx_word' id='word_1_231' title='bbox 686 3190 792 3228; x_wconf 77' lang='lat' dir='ltr'>recono-</span> 
     </span>
     <span class='ocr_line' id='line_1_31' title="bbox 8 3250 793 3324; baseline -0.008 -22"><span class='ocrx_word' id='word_1_232' title='bbox 8 3254 83 3324; x_wconf 54' lang='grc' dir='ltr'>μήτε</span> <span class='ocrx_word' id='word_1_233' title='bbox 99 3255 254 3317; x_wconf 78' lang='lat' dir='ltr'>pmdentirr.</span> <span class='ocrx_word' id='word_1_234' title='bbox 271 3253 298 3302; x_wconf 91' lang='lat' dir='ltr'>S.</span> <span class='ocrx_word' id='word_1_235' title='bbox 320 3251 432 3312; x_wconf 81' lang='lat' dir='ltr'>Thomas,</span> <span class='ocrx_word' id='word_1_236' title='bbox 457 3251 569 3312; x_wconf 85' lang='lat' dir='ltr'>hlolina,</span> <span class='ocrx_word' id='word_1_237' title='bbox 590 3251 642 3310; x_wconf 88' lang='lat' dir='ltr'>Sa,</span> <span class='ocrx_word' id='word_1_238' title='bbox 663 3250 793 3312; x_wconf 79' lang='lat' dir='ltr'>Laymuu,</span> 
     </span>
     <span class='ocr_line' id='line_1_32' title="bbox 8 3323 305 3388; baseline 0.003 -16"><span class='ocrx_word' id='word_1_239' title='bbox 8 3327 10 3372; x_wconf 66' lang='grc' dir='ltr'>ζ</span> <span class='ocrx_word' id='word_1_240' title='bbox 24 3323 181 3388; x_wconf 66' lang='grc' dir='ltr'>θειεομειεο,</span> <span class='ocrx_word' id='word_1_241' title='bbox 194 3327 278 3388; x_wconf 71' lang='lat' dir='ltr'>trigo.</span> <span class='ocrx_word' id='word_1_242' title='bbox 297 3343 305 3364; x_wconf 89' lang='lat'><strong>·</strong></span> 
     </span>
     <span class='ocr_line' id='line_1_33' title="bbox 8 3385 792 3460; baseline -0.01 -15"><span class='ocrx_word' id='word_1_243' title='bbox 8 3385 10 3460; x_wconf 56' lang='lat' dir='ltr'>s</span> <span class='ocrx_word' id='word_1_244' title='bbox 47 3395 126 3454; x_wconf 75' lang='lat' dir='ltr'>Qurro</span> <span class='ocrx_word' id='word_1_245' title='bbox 142 3415 148 3445; x_wconf 76' lang='grc' dir='ltr'><strong>ε</strong></span> <span class='ocrx_word' id='word_1_246' title='bbox 164 3397 218 3446; x_wconf 84' lang='lat' dir='ltr'>Cur</span> <span class='ocrx_word' id='word_1_247' title='bbox 233 3397 262 3445; x_wconf 89' lang='lat' dir='ltr'>P.</span> <span class='ocrx_word' id='word_1_248' title='bbox 279 3394 397 3444; x_wconf 89' lang='lat' dir='ltr'>Concina</span> <span class='ocrx_word' id='word_1_249' title='bbox 419 3389 568 3456; x_wconf 84' lang='lat' dir='ltr'>suppressit</span> <span class='ocrx_word' id='word_1_250' title='bbox 592 3389 750 3439; x_wconf 81' lang='lat' dir='ltr'>citationem</span> <span class='ocrx_word' id='word_1_251' title='bbox 766 3387 792 3437; x_wconf 91' lang='lat' dir='ltr'>S.</span> 
     </span>
     <span class='ocr_line' id='line_1_34' title="bbox 8 3459 793 3530; baseline -0.015 -13"><span class='ocrx_word' id='word_1_252' title='bbox 8 3471 10 3530; x_wconf 68' lang='grc' dir='ltr'><em>ξ</em></span> <span class='ocrx_word' id='word_1_253' title='bbox 24 3465 125 3516; x_wconf 81' lang='lat' dir='ltr'>llomaet</span> <span class='ocrx_word' id='word_1_254' title='bbox 138 3469 239 3517; x_wconf 85' lang='lat' dir='ltr'>Parum</span> <span class='ocrx_word' id='word_1_255' title='bbox 254 3479 288 3514; x_wconf 90' lang='lat' dir='ltr'>ne</span> <span class='ocrx_word' id='word_1_256' title='bbox 303 3463 368 3513; x_wconf 88' lang='lat' dir='ltr'>tacit</span> <span class='ocrx_word' id='word_1_257' title='bbox 381 3463 415 3512; x_wconf 90' lang='lat' dir='ltr'>ad</span> <span class='ocrx_word' id='word_1_258' title='bbox 431 3460 645 3512; x_wconf 87' lang='lat' dir='ltr'>imminuendam</span> <span class='ocrx_word' id='word_1_259' title='bbox 662 3459 793 3508; x_wconf 86' lang='lat' dir='ltr'>invidiam</span> 
     </span>
     <span class='ocr_line' id='line_1_35' title="bbox 8 3529 795 3586; baseline -0.014 0"><span class='ocrx_word' id='word_1_260' title='bbox 8 3535 45 3586; x_wconf 76' lang='lat' dir='ltr'>³P.</span> <span class='ocrx_word' id='word_1_261' title='bbox 58 3537 155 3586; x_wconf 81' lang='lat' dir='ltr'>Laeroix</span> <span class='ocrx_word' id='word_1_262' title='bbox 177 3537 280 3586; x_wconf 83' lang='lat' dir='ltr'>habere</span> <span class='ocrx_word' id='word_1_263' title='bbox 301 3535 327 3584; x_wconf 88' lang='lat' dir='ltr'>S.</span> <span class='ocrx_word' id='word_1_264' title='bbox 351 3535 480 3584; x_wconf 87' lang='lat' dir='ltr'>Thomnm</span> <span class='ocrx_word' id='word_1_265' title='bbox 502 3534 641 3581; x_wconf 88' lang='lat' dir='ltr'>auctorem</span> <span class='ocrx_word' id='word_1_266' title='bbox 664 3529 795 3579; x_wconf 84' lang='lat' dir='ltr'>doctrinm</span> 
     </span>
     <span class='ocr_line' id='line_1_36' title="bbox 9 3599 791 3672; baseline -0.013 -16"><span class='ocrx_word' id='word_1_267' title='bbox 9 3627 10 3668; x_wconf 65' lang='lat'>3</span> <span class='ocrx_word' id='word_1_268' title='bbox 25 3609 84 3656; x_wconf 76' lang='lat' dir='ltr'>ruet</span> <span class='ocrx_word' id='word_1_269' title='bbox 94 3608 120 3658; x_wconf 81' lang='lat' dir='ltr'>Et</span> <span class='ocrx_word' id='word_1_270' title='bbox 129 3608 214 3672; x_wconf 87' lang='lat' dir='ltr'>reipsa</span> <span class='ocrx_word' id='word_1_271' title='bbox 226 3606 303 3655; x_wconf 87' lang='lat' dir='ltr'>illam</span> <span class='ocrx_word' id='word_1_272' title='bbox 320 3603 399 3654; x_wconf 80' lang='lat' dir='ltr'>tradit</span> <span class='ocrx_word' id='word_1_273' title='bbox 410 3603 562 3666; x_wconf 71' lang='lat' dir='ltr'>angelicus,</span> <span class='ocrx_word' id='word_1_274' title='bbox 577 3603 601 3662; x_wconf 76' lang='lat'>2,</span> <span class='ocrx_word' id='word_1_275' title='bbox 611 3603 635 3662; x_wconf 81' lang='lat'>2,</span> <span class='ocrx_word' id='word_1_276' title='bbox 651 3613 676 3664; x_wconf 91' lang='lat' dir='ltr'>q.</span> <span class='ocrx_word' id='word_1_277' title='bbox 692 3599 731 3661; x_wconf 85' lang='lat' dir='ltr'>n,</span> <span class='ocrx_word' id='word_1_278' title='bbox 742 3601 791 3647; x_wconf 88' lang='lat' dir='ltr'>art.</span> 
     </span>
     <span class='ocr_line' id='line_1_37' title="bbox 9 3671 288 3738; baseline -0.007 -14"><span class='ocrx_word' id='word_1_279' title='bbox 9 3671 11 3680; x_wconf 75' lang='lat'>&#39;</span> <span class='ocrx_word' id='word_1_280' title='bbox 25 3677 76 3734; x_wconf 87' lang='lat' dir='ltr'>l,ad</span> <span class='ocrx_word' id='word_1_281' title='bbox 88 3680 109 3738; x_wconf 75' lang='lat'>2,</span> <span class='ocrx_word' id='word_1_282' title='bbox 119 3679 159 3726; x_wconf 85' lang='lat' dir='ltr'>his</span> <span class='ocrx_word' id='word_1_283' title='bbox 173 3676 264 3726; x_wconf 75' lang='lat' dir='ltr'>verbis</span> <span class='ocrx_word' id='word_1_284' title='bbox 281 3693 288 3723; x_wconf 73' lang='lat' dir='ltr'>r</span> 
     </span>
    </p>

    <p class='ocr_par' dir='ltr' id='par_1_9' title="bbox 27 3739 796 3880">
     <span class='ocr_line' id='line_1_38' title="bbox 51 3739 796 3804; baseline -0.013 -8"><span class='ocrx_word' id='word_1_285' title='bbox 51 3747 100 3796; x_wconf 82' lang='grc' dir='ltr'>ιιι</span> <span class='ocrx_word' id='word_1_286' title='bbox 113 3747 259 3796; x_wconf 84' lang='lat' dir='ltr'>seeumlmn</span> <span class='ocrx_word' id='word_1_287' title='bbox 286 3742 434 3794; x_wconf 87' lang='lat' dir='ltr'>dicendum</span> <span class='ocrx_word' id='word_1_288' title='bbox 458 3741 530 3804; x_wconf 91' lang='lat' dir='ltr'>quod</span> <span class='ocrx_word' id='word_1_289' title='bbox 555 3753 610 3789; x_wconf 91' lang='lat' dir='ltr'>non</span> <span class='ocrx_word' id='word_1_290' title='bbox 632 3739 796 3800; x_wconf 81' lang='lat' dir='ltr'>quicumque</span> 
     </span>
     <span class='ocr_line' id='line_1_39' title="bbox 27 3809 795 3880; baseline -0.012 -14"><span class='ocrx_word' id='word_1_291' title='bbox 27 3819 96 3868; x_wconf 76' lang='lat' dir='ltr'>mrim</span> <span class='ocrx_word' id='word_1_292' title='bbox 111 3819 201 3869; x_wconf 85' lang='lat' dir='ltr'>rendit</span> <span class='ocrx_word' id='word_1_293' title='bbox 222 3815 330 3880; x_wconf 83' lang='lat' dir='ltr'>aliquid</span> <span class='ocrx_word' id='word_1_294' title='bbox 354 3815 425 3877; x_wconf 93' lang='lat' dir='ltr'>quod</span> <span class='ocrx_word' id='word_1_295' title='bbox 449 3813 547 3862; x_wconf 85' lang='lat' dir='ltr'>emerit</span> <span class='ocrx_word' id='word_1_296' title='bbox 561 3811 732 3873; x_wconf 78' lang='lat' dir='ltr'>negotiatur,</span> <span class='ocrx_word' id='word_1_297' title='bbox 750 3809 795 3858; x_wconf 87' lang='lat' dir='ltr'>sed</span> 
     </span>
    </p>

    <p class='ocr_par' dir='ltr' id='par_1_10' title="bbox 9 3880 797 4430">
     <span class='ocr_line' id='line_1_40' title="bbox 9 3880 797 3954; baseline -0.014 -18"><span class='ocrx_word' id='word_1_298' title='bbox 9 3881 95 3950; x_wconf 62' lang='lat' dir='ltr'>leolam</span> <span class='ocrx_word' id='word_1_299' title='bbox 107 3891 152 3954; x_wconf 90' lang='lat' dir='ltr'>qui</span> <span class='ocrx_word' id='word_1_300' title='bbox 171 3889 205 3938; x_wconf 88' lang='lat' dir='ltr'>ad</span> <span class='ocrx_word' id='word_1_301' title='bbox 231 3889 282 3937; x_wconf 90' lang='lat' dir='ltr'>hoo</span> <span class='ocrx_word' id='word_1_302' title='bbox 302 3886 368 3936; x_wconf 89' lang='lat' dir='ltr'>emit</span> <span class='ocrx_word' id='word_1_303' title='bbox 388 3889 417 3935; x_wconf 90' lang='lat' dir='ltr'>ut</span> <span class='ocrx_word' id='word_1_304' title='bbox 436 3881 646 3934; x_wconf 77' lang='lat' dir='ltr'>cariusreudot.</span> <span class='ocrx_word' id='word_1_305' title='bbox 663 3880 797 3929; x_wconf 84' lang='lat' dir='ltr'>Stantem</span> 
     </span>
     <span class='ocr_line' id='line_1_41' title="bbox 10 3950 795 4012; baseline -0.014 -6"><span class='ocrx_word' id='word_1_306' title='bbox 10 3953 12 3986; x_wconf 72' lang='lat' dir='ltr'>l</span> <span class='ocrx_word' id='word_1_307' title='bbox 28 3961 103 4008; x_wconf 72' lang='lat' dir='ltr'>comit</span> <span class='ocrx_word' id='word_1_308' title='bbox 117 3973 170 4008; x_wconf 86' lang='lat' dir='ltr'>rem</span> <span class='ocrx_word' id='word_1_309' title='bbox 184 3973 240 4008; x_wconf 90' lang='lat' dir='ltr'>non</span> <span class='ocrx_word' id='word_1_310' title='bbox 256 3962 287 4008; x_wconf 89' lang='lat' dir='ltr'>ut</span> <span class='ocrx_word' id='word_1_311' title='bbox 301 3955 400 4006; x_wconf 79' lang='lat' dir='ltr'>vendut</span> <span class='ocrx_word' id='word_1_312' title='bbox 414 3955 460 4004; x_wconf 85' lang='lat' dir='ltr'>sed</span> <span class='ocrx_word' id='word_1_313' title='bbox 476 3957 504 4002; x_wconf 90' lang='lat' dir='ltr'>nt</span> <span class='ocrx_word' id='word_1_314' title='bbox 522 3953 620 4012; x_wconf 59' lang='lat' dir='ltr'>teneaat,</span> <span class='ocrx_word' id='word_1_315' title='bbox 637 3953 663 4000; x_wconf 91' lang='lat' dir='ltr'>et</span> <span class='ocrx_word' id='word_1_316' title='bbox 674 3950 795 4011; x_wconf 76' lang='lat' dir='ltr'>postmo-</span> 
     </span>
     <span class='ocr_line' id='line_1_42' title="bbox 27 4018 796 4094; baseline -0.016 -16"><span class='ocrx_word' id='word_1_317' title='bbox 27 4025 77 4078; x_wconf 69' lang='lat' dir='ltr'>dum</span> <span class='ocrx_word' id='word_1_318' title='bbox 88 4033 188 4094; x_wconf 87' lang='lat' dir='ltr'>propter</span> <span class='ocrx_word' id='word_1_319' title='bbox 201 4029 325 4092; x_wconf 86' lang='lat' dir='ltr'>aliquam</span> <span class='ocrx_word' id='word_1_320' title='bbox 333 4037 439 4074; x_wconf 84' lang='lat' dir='ltr'>eausam</span> <span class='ocrx_word' id='word_1_321' title='bbox 449 4037 508 4073; x_wconf 82' lang='lat' dir='ltr'>eain</span> <span class='ocrx_word' id='word_1_322' title='bbox 520 4021 636 4069; x_wconf 80' lang='lat' dir='ltr'>retulere</span> <span class='ocrx_word' id='word_1_323' title='bbox 648 4018 722 4077; x_wconf 81' lang='lat' dir='ltr'>vetit,</span> <span class='ocrx_word' id='word_1_324' title='bbox 740 4031 796 4066; x_wconf 91' lang='lat' dir='ltr'>noa</span> 
     </span>
     <span class='ocr_line' id='line_1_43' title="bbox 28 4089 796 4162; baseline -0.014 -16"><span class='ocrx_word' id='word_1_325' title='bbox 28 4101 59 4146; x_wconf 67' lang='lat' dir='ltr'>mi</span> <span class='ocrx_word' id='word_1_326' title='bbox 74 4099 209 4162; x_wconf 73' lang='lat' dir='ltr'>negotiatio</span> <span class='ocrx_word' id='word_1_327' title='bbox 224 4097 350 4162; x_wconf 70' lang='lat' dir='ltr'>(puniaris</span> <span class='ocrx_word' id='word_1_328' title='bbox 369 4095 459 4144; x_wconf 84' lang='lat' dir='ltr'>carius</span> <span class='ocrx_word' id='word_1_329' title='bbox 482 4091 596 4149; x_wconf 57' lang='lat' dir='ltr'>vendam</span> <span class='ocrx_word' id='word_1_330' title='bbox 616 4091 703 4154; x_wconf 88' lang='lat' dir='ltr'>potest</span> <span class='ocrx_word' id='word_1_331' title='bbox 722 4089 796 4136; x_wconf 89' lang='lat' dir='ltr'>caim</span> 
     </span>
     <span class='ocr_line' id='line_1_44' title="bbox 29 4160 796 4231; baseline -0.014 -13"><span class='ocrx_word' id='word_1_332' title='bbox 29 4165 68 4218; x_wconf 85' lang='lat' dir='ltr'>ltoc</span> <span class='ocrx_word' id='word_1_333' title='bbox 79 4171 143 4220; x_wconf 84' lang='lat' dir='ltr'>licite</span> <span class='ocrx_word' id='word_1_334' title='bbox 157 4171 254 4231; x_wconf 86' lang='lat' dir='ltr'>lacere,</span> <span class='ocrx_word' id='word_1_335' title='bbox 270 4167 314 4216; x_wconf 82' lang='lat' dir='ltr'>vel</span> <span class='ocrx_word' id='word_1_336' title='bbox 331 4167 395 4230; x_wconf 92' lang='lat' dir='ltr'>quia</span> <span class='ocrx_word' id='word_1_337' title='bbox 411 4167 439 4215; x_wconf 89' lang='lat' dir='ltr'>iu</span> <span class='ocrx_word' id='word_1_338' title='bbox 454 4164 545 4227; x_wconf 87' lang='lat' dir='ltr'>aliquo</span> <span class='ocrx_word' id='word_1_339' title='bbox 560 4176 617 4212; x_wconf 89' lang='lat' dir='ltr'>rem</span> <span class='ocrx_word' id='word_1_340' title='bbox 636 4160 796 4218; x_wconf 80' lang='lat' dir='ltr'>melioravit,</span> 
     </span>
     <span class='ocr_line' id='line_1_45' title="bbox 10 4215 796 4312; baseline -0.008 -26"><span class='ocrx_word' id='word_1_341' title='bbox 10 4215 13 4312; x_wconf 53' lang='lat' dir='ltr'>l</span> <span class='ocrx_word' id='word_1_342' title='bbox 28 4235 61 4285; x_wconf 81' lang='lat' dir='ltr'>tel</span> <span class='ocrx_word' id='word_1_343' title='bbox 72 4240 126 4301; x_wconf 88' lang='lat' dir='ltr'>quia</span> <span class='ocrx_word' id='word_1_344' title='bbox 137 4243 247 4304; x_wconf 86' lang='lat' dir='ltr'>pretinm</span> <span class='ocrx_word' id='word_1_345' title='bbox 262 4241 302 4288; x_wconf 83' lang='lat' dir='ltr'>rei</span> <span class='ocrx_word' id='word_1_346' title='bbox 310 4240 347 4286; x_wconf 80' lang='lat' dir='ltr'>ert</span> <span class='ocrx_word' id='word_1_347' title='bbox 357 4239 478 4286; x_wconf 87' lang='lat' dir='ltr'>mutatum</span> <span class='ocrx_word' id='word_1_348' title='bbox 489 4233 639 4284; x_wconf 85' lang='lat' dir='ltr'>secundum</span> <span class='ocrx_word' id='word_1_349' title='bbox 653 4230 796 4281; x_wconf 87' lang='lat' dir='ltr'>diversita-</span> 
     </span>
     <span class='ocr_line' id='line_1_46' title="bbox 11 4307 363 4430; baseline -0.009 -73"><span class='ocrx_word' id='word_1_350' title='bbox 11 4315 13 4430; x_wconf 61' lang='lat' dir='ltr'>p</span> <span class='ocrx_word' id='word_1_351' title='bbox 29 4307 72 4357; x_wconf 72' lang='lat' dir='ltr'>lau</span> <span class='ocrx_word' id='word_1_352' title='bbox 86 4309 180 4360; x_wconf 85' lang='lat' dir='ltr'>loeirel</span> <span class='ocrx_word' id='word_1_353' title='bbox 195 4309 333 4374; x_wconf 87' lang='lat' dir='ltr'>temporis.</span> <span class='ocrx_word' id='word_1_354' title='bbox 349 4325 363 4354; x_wconf 75' lang='grc' dir='ltr'><strong><em>ι</em></strong></span> 
     </span>
    </p>

    <p class='ocr_par' dir='ltr' id='par_1_11' title="bbox 11 4373 798 4928">
     <span class='ocr_line' id='line_1_47' title="bbox 55 4373 796 4440; baseline -0.012 -12"><span class='ocrx_word' id='word_1_355' title='bbox 55 4379 80 4428; x_wconf 85' lang='lat' dir='ltr'>n</span> <span class='ocrx_word' id='word_1_356' title='bbox 91 4384 172 4432; x_wconf 76' lang='lat' dir='ltr'>umen</span> <span class='ocrx_word' id='word_1_357' title='bbox 186 4381 244 4431; x_wconf 82' lang='lat' dir='ltr'>hoee</span> <span class='ocrx_word' id='word_1_358' title='bbox 258 4379 392 4438; x_wconf 91' lang='lat' dir='ltr'>doctrina,</span> <span class='ocrx_word' id='word_1_359' title='bbox 404 4390 462 4440; x_wconf 78' lang='lat' dir='ltr'>qum</span> <span class='ocrx_word' id='word_1_360' title='bbox 474 4375 502 4424; x_wconf 89' lang='lat' dir='ltr'>in</span> <span class='ocrx_word' id='word_1_361' title='bbox 513 4375 538 4426; x_wconf 88' lang='lat' dir='ltr'>S.</span> <span class='ocrx_word' id='word_1_362' title='bbox 556 4373 657 4422; x_wconf 83' lang='lat' dir='ltr'>Thomu</span> <span class='ocrx_word' id='word_1_363' title='bbox 676 4373 732 4420; x_wconf 91' lang='lat' dir='ltr'>erat</span> <span class='ocrx_word' id='word_1_364' title='bbox 750 4383 796 4419; x_wconf 83' lang='lat' dir='ltr'>re-</span> 
     </span>
     <span class='ocr_line' id='line_1_48' title="bbox 11 4433 796 4528; baseline -0.015 -27"><span class='ocrx_word' id='word_1_365' title='bbox 11 4433 13 4528; x_wconf 56' lang='lat' dir='ltr'>l</span> <span class='ocrx_word' id='word_1_366' title='bbox 30 4445 248 4512; x_wconf 67' lang='lat' dir='ltr'>tamaianam</span> <span class='ocrx_word' id='word_1_367' title='bbox 268 4453 296 4501; x_wconf 91' lang='lat' dir='ltr'>P.</span> <span class='ocrx_word' id='word_1_368' title='bbox 313 4449 422 4499; x_wconf 78' lang='lat' dir='ltr'>Lacroix</span> <span class='ocrx_word' id='word_1_369' title='bbox 440 4452 569 4510; x_wconf 87' lang='lat' dir='ltr'>tanquam</span> <span class='ocrx_word' id='word_1_370' title='bbox 583 4444 679 4492; x_wconf 72' lang='lat' dir='ltr'>circaeo</span> <span class='ocrx_word' id='word_1_371' title='bbox 694 4441 796 4491; x_wconf 85' lang='lat' dir='ltr'>venell-</span> 
     </span>
     <span class='ocr_line' id='line_1_49' title="bbox 11 4513 797 4584; baseline -0.018 -10"><span class='ocrx_word' id='word_1_372' title='bbox 11 4519 65 4570; x_wconf 75' lang='lat' dir='ltr'>trio</span> <span class='ocrx_word' id='word_1_373' title='bbox 88 4521 146 4573; x_wconf 82' lang='lat' dir='ltr'>lacta</span> <span class='ocrx_word' id='word_1_374' title='bbox 169 4527 209 4574; x_wconf 82' lang='lat' dir='ltr'>est</span> <span class='ocrx_word' id='word_1_375' title='bbox 232 4525 343 4584; x_wconf 88' lang='lat' dir='ltr'>repente</span> <span class='ocrx_word' id='word_1_376' title='bbox 358 4519 425 4569; x_wconf 79' lang='lat' dir='ltr'>laea.</span> <span class='ocrx_word' id='word_1_377' title='bbox 441 4518 534 4581; x_wconf 86' lang='lat' dir='ltr'>Carpit</span> <span class='ocrx_word' id='word_1_378' title='bbox 558 4515 602 4564; x_wconf 86' lang='lat' dir='ltr'>hic</span> <span class='ocrx_word' id='word_1_379' title='bbox 626 4515 653 4564; x_wconf 91' lang='lat' dir='ltr'>P.</span> <span class='ocrx_word' id='word_1_380' title='bbox 679 4513 797 4564; x_wconf 85' lang='lat' dir='ltr'>concina</span> 
     </span>
     <span class='ocr_line' id='line_1_50' title="bbox 11 4571 797 4672; baseline -0.014 -31"><span class='ocrx_word' id='word_1_381' title='bbox 11 4571 14 4672; x_wconf 53' lang='grc' dir='ltr'>ξ</span> <span class='ocrx_word' id='word_1_382' title='bbox 34 4597 89 4640; x_wconf 76' lang='lat' dir='ltr'>nore</span> <span class='ocrx_word' id='word_1_383' title='bbox 101 4607 144 4642; x_wconf 84' lang='lat' dir='ltr'>suo</span> <span class='ocrx_word' id='word_1_384' title='bbox 155 4594 261 4644; x_wconf 88' lang='lat' dir='ltr'>Putrem</span> <span class='ocrx_word' id='word_1_385' title='bbox 277 4589 389 4641; x_wconf 80' lang='lat' dir='ltr'>Lacroin</span> <span class='ocrx_word' id='word_1_386' title='bbox 404 4589 534 4651; x_wconf 90' lang='lat' dir='ltr'>illumque</span> <span class='ocrx_word' id='word_1_387' title='bbox 550 4587 627 4635; x_wconf 87' lang='lat' dir='ltr'>vocat</span> <span class='ocrx_word' id='word_1_388' title='bbox 637 4583 797 4647; x_wconf 85' lang='lat' dir='ltr'>opinionum</span> 
     </span>
     <span class='ocr_line' id='line_1_51' title="bbox 12 4653 797 4722; baseline -0.014 -9"><span class='ocrx_word' id='word_1_389' title='bbox 12 4675 14 4692; x_wconf 80' lang='lat'>¹</span> <span class='ocrx_word' id='word_1_390' title='bbox 34 4666 201 4716; x_wconf 72' lang='lat' dir='ltr'>mammarum</span> <span class='ocrx_word' id='word_1_391' title='bbox 219 4663 402 4721; x_wconf 86' lang='lat' dir='ltr'>collectorem,</span> <span class='ocrx_word' id='word_1_392' title='bbox 417 4661 464 4722; x_wconf 92' lang='lat' dir='ltr'>qni</span> <span class='ocrx_word' id='word_1_393' title='bbox 484 4657 631 4708; x_wconf 86' lang='lat' dir='ltr'>lectoribus</span> <span class='ocrx_word' id='word_1_394' title='bbox 646 4653 797 4704; x_wconf 89' lang='lat' dir='ltr'>libertatem</span> 
     </span>
     <span class='ocr_line' id='line_1_52' title="bbox 34 4725 797 4799; baseline -0.018 -14"><span class='ocrx_word' id='word_1_395' title='bbox 34 4731 128 4796; x_wconf 69' lang='lat' dir='ltr'>eligendi</span> <span class='ocrx_word' id='word_1_396' title='bbox 146 4749 224 4799; x_wconf 89' lang='lat' dir='ltr'>qaam</span> <span class='ocrx_word' id='word_1_397' title='bbox 239 4733 372 4799; x_wconf 79' lang='lat' dir='ltr'>placuerit</span> <span class='ocrx_word' id='word_1_398' title='bbox 389 4731 489 4796; x_wconf 83' lang='lat' dir='ltr'>passim</span> <span class='ocrx_word' id='word_1_399' title='bbox 503 4729 649 4790; x_wconf 88' lang='lat' dir='ltr'>relinquat.</span> <span class='ocrx_word' id='word_1_400' title='bbox 670 4725 714 4774; x_wconf 78' lang='lat' dir='ltr'>att</span> <span class='ocrx_word' id='word_1_401' title='bbox 728 4725 797 4773; x_wconf 90' lang='lat' dir='ltr'>hone</span> 
     </span>
     <span class='ocr_line' id='line_1_53' title="bbox 33 4795 798 4869; baseline -0.01 -17"><span class='ocrx_word' id='word_1_402' title='bbox 33 4811 79 4852; x_wconf 75' lang='lat' dir='ltr'>ttae</span> <span class='ocrx_word' id='word_1_403' title='bbox 89 4807 235 4856; x_wconf 82' lang='lat' dir='ltr'>methodum</span> <span class='ocrx_word' id='word_1_404' title='bbox 251 4819 332 4869; x_wconf 89' lang='lat' dir='ltr'>qoam</span> <span class='ocrx_word' id='word_1_405' title='bbox 347 4803 375 4852; x_wconf 90' lang='lat' dir='ltr'>in</span> <span class='ocrx_word' id='word_1_406' title='bbox 385 4803 508 4851; x_wconf 82' lang='lat' dir='ltr'>universa</span> <span class='ocrx_word' id='word_1_407' title='bbox 523 4813 571 4848; x_wconf 87' lang='lat' dir='ltr'>sua</span> <span class='ocrx_word' id='word_1_408' title='bbox 586 4795 729 4858; x_wconf 79' lang='lat' dir='ltr'>&#39;theologia</span> <span class='ocrx_word' id='word_1_409' title='bbox 744 4808 798 4844; x_wconf 88' lang='lat' dir='ltr'>sar-</span> 
     </span>
     <span class='ocr_line' id='line_1_54' title="bbox 34 4865 797 4928; baseline -0.018 -2"><span class='ocrx_word' id='word_1_410' title='bbox 34 4873 165 4928; x_wconf 68' lang='lat' dir='ltr'>atberun</span> <span class='ocrx_word' id='word_1_411' title='bbox 178 4877 236 4928; x_wconf 84' lang='lat' dir='ltr'>iste.</span> <span class='ocrx_word' id='word_1_412' title='bbox 256 4875 301 4926; x_wconf 80' lang='lat' dir='ltr'>ait</span> <span class='ocrx_word' id='word_1_413' title='bbox 316 4875 383 4924; x_wconf 87' lang='lat' dir='ltr'>hanc</span> <span class='ocrx_word' id='word_1_414' title='bbox 398 4869 556 4920; x_wconf 88' lang='lat' dir='ltr'>methodum</span> <span class='ocrx_word' id='word_1_415' title='bbox 579 4865 713 4916; x_wconf 85' lang='lat' dir='ltr'>casuistiei</span> <span class='ocrx_word' id='word_1_416' title='bbox 731 4866 797 4927; x_wconf 81' lang='lat' dir='ltr'>Pyr-</span> 
     </span>
    </p>

    <p class='ocr_par' dir='ltr' id='par_1_12' title="bbox 36 4937 796 5012">
     <span class='ocr_line' id='line_1_55' title="bbox 36 4937 796 5012; baseline -0.011 -20"><span class='ocrx_word' id='word_1_417' title='bbox 36 4939 142 4996; x_wconf 77' lang='lat' dir='ltr'>rloaiuni</span> <span class='ocrx_word' id='word_1_418' title='bbox 163 4949 279 5012; x_wconf 84' lang='lat' dir='ltr'>speeiem</span> <span class='ocrx_word' id='word_1_419' title='bbox 305 4943 432 4994; x_wconf 87' lang='lat' dir='ltr'>redolere.</span> <span class='ocrx_word' id='word_1_420' title='bbox 455 4941 500 4990; x_wconf 78' lang='lat' dir='ltr'>att</span> <span class='ocrx_word' id='word_1_421' title='bbox 525 4939 594 4988; x_wconf 89' lang='lat' dir='ltr'>hanc</span> <span class='ocrx_word' id='word_1_422' title='bbox 619 4950 675 4986; x_wconf 86' lang='lat' dir='ltr'>esse</span> <span class='ocrx_word' id='word_1_423' title='bbox 697 4937 796 4999; x_wconf 75' lang='lat' dir='ltr'>iustum</span> 
     </span>
    </p>

    <p class='ocr_par' dir='ltr' id='par_1_13' title="bbox 37 5007 798 5202">
     <span class='ocr_line' id='line_1_56' title="bbox 37 5007 798 5080; baseline -0.014 -18"><span class='ocrx_word' id='word_1_424' title='bbox 37 5011 133 5066; x_wconf 72' lang='lat' dir='ltr'>murem</span> <span class='ocrx_word' id='word_1_425' title='bbox 149 5019 174 5066; x_wconf 92' lang='lat' dir='ltr'>iu</span> <span class='ocrx_word' id='word_1_426' title='bbox 195 5030 277 5080; x_wconf 83' lang='lat' dir='ltr'>opera</span> <span class='ocrx_word' id='word_1_427' title='bbox 294 5012 427 5064; x_wconf 81' lang='lat' dir='ltr'>bacroisii.</span> <span class='ocrx_word' id='word_1_428' title='bbox 444 5013 475 5061; x_wconf 89' lang='lat' dir='ltr'>Et</span> <span class='ocrx_word' id='word_1_429' title='bbox 494 5009 557 5059; x_wconf 88' lang='lat' dir='ltr'>triac</span> <span class='ocrx_word' id='word_1_430' title='bbox 573 5007 669 5070; x_wconf 88' lang='lat' dir='ltr'>repetit</span> <span class='ocrx_word' id='word_1_431' title='bbox 689 5019 798 5056; x_wconf 81' lang='lat' dir='ltr'>crtusam</span> 
     </span>
     <span class='ocr_line' id='line_1_57' title="bbox 38 5075 798 5200; baseline -0.014 -65"><span class='ocrx_word' id='word_1_432' title='bbox 38 5085 191 5200; x_wconf 54' lang='lat' dir='ltr'>triumuir</span> <span class='ocrx_word' id='word_1_433' title='bbox 217 5095 272 5136; x_wconf 83' lang='lat' dir='ltr'>tam</span> <span class='ocrx_word' id='word_1_434' title='bbox 287 5083 403 5134; x_wconf 87' lang='lat' dir='ltr'>libenter</span> <span class='ocrx_word' id='word_1_435' title='bbox 423 5085 529 5132; x_wconf 88' lang='lat' dir='ltr'>ematur</span> <span class='ocrx_word' id='word_1_436' title='bbox 549 5082 576 5129; x_wconf 88' lang='lat' dir='ltr'>et</span> <span class='ocrx_word' id='word_1_437' title='bbox 597 5077 673 5127; x_wconf 87' lang='lat' dir='ltr'>lacile</span> <span class='ocrx_word' id='word_1_438' title='bbox 699 5075 798 5126; x_wconf 86' lang='lat' dir='ltr'>distra-</span> 
     </span>
     <span class='ocr_line' id='line_1_58' title="bbox 66 5155 108 5202; baseline 0 0"><span class='ocrx_word' id='word_1_439' title='bbox 66 5155 108 5202; x_wconf 82' lang='lat' dir='ltr'>tar.</span> 
     </span>
    </p>

    <p class='ocr_par' dir='ltr' id='par_1_14' title="bbox 40 5217 798 5574">
     <span class='ocr_line' id='line_1_59' title="bbox 62 5217 797 5290; baseline -0.01 -18"><span class='ocrx_word' id='word_1_440' title='bbox 62 5221 178 5290; x_wconf 88' lang='lat' dir='ltr'>Primam,</span> <span class='ocrx_word' id='word_1_441' title='bbox 193 5227 290 5277; x_wconf 80' lang='lat' dir='ltr'>salsum</span> <span class='ocrx_word' id='word_1_442' title='bbox 305 5229 344 5275; x_wconf 87' lang='lat' dir='ltr'>est</span> <span class='ocrx_word' id='word_1_443' title='bbox 358 5225 426 5275; x_wconf 88' lang='lat' dir='ltr'>hane</span> <span class='ocrx_word' id='word_1_444' title='bbox 440 5237 498 5274; x_wconf 87' lang='lat' dir='ltr'>esse</span> <span class='ocrx_word' id='word_1_445' title='bbox 513 5224 671 5285; x_wconf 88' lang='lat' dir='ltr'>perpetuam</span> <span class='ocrx_word' id='word_1_446' title='bbox 690 5217 797 5267; x_wconf 88' lang='lat' dir='ltr'>matho-</span> 
     </span>
     <span class='ocr_line' id='line_1_60' title="bbox 40 5287 798 5359; baseline -0.015 -12"><span class='ocrx_word' id='word_1_447' title='bbox 40 5287 90 5342; x_wconf 65' lang='lat' dir='ltr'>flm</span> <span class='ocrx_word' id='word_1_448' title='bbox 99 5296 172 5348; x_wconf 85' lang='lat' dir='ltr'>Patris</span> <span class='ocrx_word' id='word_1_449' title='bbox 183 5298 304 5348; x_wconf 82' lang='lat' dir='ltr'>laoroix.</span> <span class='ocrx_word' id='word_1_450' title='bbox 315 5297 379 5346; x_wconf 88' lang='lat' dir='ltr'>Nam</span> <span class='ocrx_word' id='word_1_451' title='bbox 391 5295 512 5359; x_wconf 83' lang='lat' dir='ltr'>quamvis</span> <span class='ocrx_word' id='word_1_452' title='bbox 522 5290 669 5355; x_wconf 88' lang='lat' dir='ltr'>aliquando</span> <span class='ocrx_word' id='word_1_453' title='bbox 681 5288 798 5352; x_wconf 89' lang='lat' dir='ltr'>produc-</span> 
     </span>
     <span class='ocr_line' id='line_1_61' title="bbox 42 5359 798 5426; baseline -0.007 -14"><span class='ocrx_word' id='word_1_454' title='bbox 42 5359 69 5412; x_wconf 60' lang='grc' dir='ltr'><strong>ἦ</strong></span> <span class='ocrx_word' id='word_1_455' title='bbox 83 5364 206 5420; x_wconf 82' lang='lat' dir='ltr'>hincinde</span> <span class='ocrx_word' id='word_1_456' title='bbox 232 5367 390 5419; x_wconf 85' lang='lat' dir='ltr'>auctoribus</span> <span class='ocrx_word' id='word_1_457' title='bbox 413 5377 560 5426; x_wconf 88' lang='lat' dir='ltr'>eorumque</span> <span class='ocrx_word' id='word_1_458' title='bbox 575 5359 742 5425; x_wconf 76' lang='lat' dir='ltr'>argumentis</span> <span class='ocrx_word' id='word_1_459' title='bbox 754 5360 798 5422; x_wconf 86' lang='lat' dir='ltr'>ju·</span> 
     </span>
     <span class='ocr_line' id='line_1_62' title="bbox 43 5429 798 5499; baseline -0.007 -17"><span class='ocrx_word' id='word_1_460' title='bbox 43 5429 123 5485; x_wconf 74' lang='lat' dir='ltr'>titium</span> <span class='ocrx_word' id='word_1_461' title='bbox 141 5451 215 5490; x_wconf 80' lang='lat' dir='ltr'>suum</span> <span class='ocrx_word' id='word_1_462' title='bbox 235 5439 376 5496; x_wconf 81' lang='lat' dir='ltr'>sustineat,</span> <span class='ocrx_word' id='word_1_463' title='bbox 394 5435 517 5499; x_wconf 84' lang='lat' dir='ltr'>quamvis</span> <span class='ocrx_word' id='word_1_464' title='bbox 530 5432 680 5483; x_wconf 87' lang='lat' dir='ltr'>censoriam</span> <span class='ocrx_word' id='word_1_465' title='bbox 695 5431 798 5493; x_wconf 75' lang='lat' dir='ltr'>virgum</span> 
     </span>
     <span class='ocr_line' id='line_1_63' title="bbox 42 5499 796 5574; baseline -0.007 -20"><span class='ocrx_word' id='word_1_466' title='bbox 42 5509 83 5554; x_wconf 78' lang='lat' dir='ltr'>ton</span> <span class='ocrx_word' id='word_1_467' title='bbox 93 5507 194 5572; x_wconf 86' lang='lat' dir='ltr'>attollat,</span> <span class='ocrx_word' id='word_1_468' title='bbox 203 5507 331 5574; x_wconf 80' lang='lat' dir='ltr'>quamvis</span> <span class='ocrx_word' id='word_1_469' title='bbox 342 5509 442 5570; x_wconf 88' lang='lat' dir='ltr'>partem</span> <span class='ocrx_word' id='word_1_470' title='bbox 457 5503 593 5556; x_wconf 83' lang='lat' dir='ltr'>tarentum</span> <span class='ocrx_word' id='word_1_471' title='bbox 607 5499 725 5552; x_wconf 80' lang='lat' dir='ltr'>libertati</span> <span class='ocrx_word' id='word_1_472' title='bbox 740 5514 796 5550; x_wconf 84' lang='lat' dir='ltr'>uin-</span> 
     </span>
    </p>
   </div>
   <div class='ocr_carea' id='block_1_4' title="bbox 1590 551 1648 614">
    <p class='ocr_par' dir='ltr' id='par_1_15' title="bbox 1590 551 1648 614">
     <span class='ocr_line' id='line_1_64' title="bbox 1590 551 1648 614; baseline 0.034 -2"><span class='ocrx_word' id='word_1_473' title='bbox 1590 551 1648 614; x_wconf 57' lang='grc' dir='ltr'>διδ</span> 
     </span>
    </p>
   </div>
   <div class='ocr_carea' id='block_1_5' title="bbox 853 731 1653 992">
    <p class='ocr_par' dir='ltr' id='par_1_16' title="bbox 853 731 1653 992">
     <span class='ocr_line' id='line_1_65' title="bbox 856 731 1653 812; baseline 0.006 -19"><span class='ocrx_word' id='word_1_474' title='bbox 856 733 924 793; x_wconf 88' lang='lat' dir='ltr'>timi</span> <span class='ocrx_word' id='word_1_475' title='bbox 940 751 997 812; x_wconf 90' lang='lat' dir='ltr'>per</span> <span class='ocrx_word' id='word_1_476' title='bbox 1011 731 1088 793; x_wconf 84' lang='lat' dir='ltr'>elios</span> <span class='ocrx_word' id='word_1_477' title='bbox 1107 750 1169 794; x_wconf 92' lang='lat' dir='ltr'>noa</span> <span class='ocrx_word' id='word_1_478' title='bbox 1193 731 1335 808; x_wconf 79' lang='lat' dir='ltr'>tantulus,</span> <span class='ocrx_word' id='word_1_479' title='bbox 1352 735 1526 812; x_wconf 77' lang='lat' dir='ltr'>prasertim</span> <span class='ocrx_word' id='word_1_480' title='bbox 1544 735 1576 796; x_wconf 92' lang='lat' dir='ltr'>in</span> <span class='ocrx_word' id='word_1_481' title='bbox 1598 755 1653 798; x_wconf 92' lang='lat' dir='ltr'>ne-</span> 
     </span>
     <span class='ocr_line' id='line_1_66' title="bbox 854 821 1650 905; baseline 0.011 -25"><span class='ocrx_word' id='word_1_482' title='bbox 854 821 1009 896; x_wconf 85' lang='lat' dir='ltr'>cessitate,</span> <span class='ocrx_word' id='word_1_483' title='bbox 1023 823 1060 884; x_wconf 86' lang='lat' dir='ltr'>V.</span> <span class='ocrx_word' id='word_1_484' title='bbox 1077 825 1163 900; x_wconf 80' lang='lat' dir='ltr'>Lago</span> <span class='ocrx_word' id='word_1_485' title='bbox 1175 841 1202 884; x_wconf 90' lang='lat' dir='ltr'>n.</span> <span class='ocrx_word' id='word_1_486' title='bbox 1215 825 1271 895; x_wconf 75' lang='lat'>363</span> <span class='ocrx_word' id='word_1_487' title='bbox 1287 823 1383 884; x_wconf 86' lang='lat' dir='ltr'>Trull.</span> <span class='ocrx_word' id='word_1_488' title='bbox 1395 832 1418 886; x_wconf 90' lang='lat' dir='ltr'>t.</span> <span class='ocrx_word' id='word_1_489' title='bbox 1430 829 1459 900; x_wconf 67' lang='grc' dir='ltr'>ι,</span> <span class='ocrx_word' id='word_1_490' title='bbox 1476 825 1498 886; x_wconf 90' lang='lat' dir='ltr'>l.</span> <span class='ocrx_word' id='word_1_491' title='bbox 1515 829 1544 903; x_wconf 76' lang='grc' dir='ltr'>Ἰ,</span> <span class='ocrx_word' id='word_1_492' title='bbox 1557 845 1582 888; x_wconf 86' lang='grc' dir='ltr'>ε.</span> <span class='ocrx_word' id='word_1_493' title='bbox 1600 829 1650 905; x_wconf 80' lang='lat'>20,</span> 
     </span>
     <span class='ocr_line' id='line_1_67' title="bbox 853 909 1644 992; baseline 0.005 -22"><span class='ocrx_word' id='word_1_494' title='bbox 853 909 882 971; x_wconf 85' lang='lat' dir='ltr'>d.</span> <span class='ocrx_word' id='word_1_495' title='bbox 901 914 954 984; x_wconf 78' lang='lat'>193</span> <span class='ocrx_word' id='word_1_496' title='bbox 972 911 1100 972; x_wconf 83' lang='lat' dir='ltr'>Bnrbos.</span> <span class='ocrx_word' id='word_1_497' title='bbox 1119 910 1153 972; x_wconf 82' lang='lat' dir='ltr'>de</span> <span class='ocrx_word' id='word_1_498' title='bbox 1164 910 1228 990; x_wconf 83' lang='lat' dir='ltr'>jar.</span> <span class='ocrx_word' id='word_1_499' title='bbox 1245 930 1296 973; x_wconf 86' lang='lat' dir='ltr'>aa.</span> <span class='ocrx_word' id='word_1_500' title='bbox 1314 912 1334 974; x_wconf 91' lang='lat' dir='ltr'>l.</span> <span class='ocrx_word' id='word_1_501' title='bbox 1352 915 1379 992; x_wconf 91' lang='lat' dir='ltr'>t,</span> <span class='ocrx_word' id='word_1_502' title='bbox 1396 932 1422 976; x_wconf 87' lang='lat' dir='ltr'>c.</span> <span class='ocrx_word' id='word_1_503' title='bbox 1439 915 1488 982; x_wconf 81' lang='lat' dir='ltr'>to,</span> <span class='ocrx_word' id='word_1_504' title='bbox 1505 923 1563 978; x_wconf 88' lang='lat' dir='ltr'>ort.</span> <span class='ocrx_word' id='word_1_505' title='bbox 1583 917 1611 978; x_wconf 91' lang='lat' dir='ltr'>l.</span> <span class='ocrx_word' id='word_1_506' title='bbox 1629 938 1644 974; x_wconf 88' lang='lat' dir='ltr'>n</span> 
     </span>
    </p>
   </div>
   <div class='ocr_carea' id='block_1_6' title="bbox 1126 1099 1377 1160">
    <p class='ocr_par' dir='ltr' id='par_1_17' title="bbox 1126 1099 1377 1160">
     <span class='ocr_line' id='line_1_68' title="bbox 1126 1099 1377 1160; baseline 0 -1"><span class='ocrx_word' id='word_1_507' title='bbox 1126 1099 1377 1160; x_wconf 79' lang='lat' dir='ltr'>acaunus.</span> 
     </span>
    </p>
   </div>
   <div class='ocr_carea' id='block_1_7' title="bbox 852 1237 1719 2022">
    <p class='ocr_par' dir='ltr' id='par_1_18' title="bbox 852 1237 1719 2022">
     <span class='ocr_line' id='line_1_69' title="bbox 895 1237 1719 1322; baseline 0.008 -24"><span class='ocrx_word' id='word_1_508' title='bbox 895 1237 1004 1313; x_wconf 77' lang='lat' dir='ltr'>Onerat.</span> <span class='ocrx_word' id='word_1_509' title='bbox 1018 1241 1084 1300; x_wconf 86' lang='lat' dir='ltr'>too.</span> <span class='ocrx_word' id='word_1_510' title='bbox 1102 1272 1142 1282; x_wconf 90' lang='lat'><strong>—</strong></span> <span class='ocrx_word' id='word_1_511' title='bbox 1157 1238 1262 1314; x_wconf 82' lang='lat' dir='ltr'>Oratis</span> <span class='ocrx_word' id='word_1_512' title='bbox 1272 1239 1470 1320; x_wconf 76' lang='lat' dir='ltr'>neqotr&#39;atioet</span> <span class='ocrx_word' id='word_1_513' title='bbox 1482 1240 1586 1322; x_wconf 83' lang='lat' dir='ltr'>quibus</span> <span class='ocrx_word' id='word_1_514' title='bbox 1597 1241 1652 1304; x_wconf 87' lang='lat' dir='ltr'>cie·</span> <span class='ocrx_word' id='word_1_515' title='bbox 1678 1249 1719 1296; x_wconf 80' lang='lat' dir='ltr'>om</span> 
     </span>
     <span class='ocr_line' id='line_1_70' title="bbox 853 1325 1652 1406; baseline 0.006 -20"><span class='ocrx_word' id='word_1_516' title='bbox 853 1326 923 1386; x_wconf 85' lang='lat' dir='ltr'>ricis</span> <span class='ocrx_word' id='word_1_517' title='bbox 935 1326 972 1386; x_wconf 86' lang='lat' dir='ltr'>sit</span> <span class='ocrx_word' id='word_1_518' title='bbox 984 1325 1158 1406; x_wconf 81' lang='lat' dir='ltr'>praiu&#39;ta&#39;tat</span> <span class='ocrx_word' id='word_1_519' title='bbox 1176 1330 1267 1404; x_wconf 82' lang='lat' dir='ltr'>llesp.</span> <span class='ocrx_word' id='word_1_520' title='bbox 1285 1327 1302 1404; x_wconf 63' lang='grc' dir='ltr'>ᾗ</span> <span class='ocrx_word' id='word_1_521' title='bbox 1323 1327 1351 1386; x_wconf 90' lang='lat' dir='ltr'>l.</span> <span class='ocrx_word' id='word_1_522' title='bbox 1374 1327 1507 1389; x_wconf 90' lang='lat' dir='ltr'>Licitum</span> <span class='ocrx_word' id='word_1_523' title='bbox 1523 1335 1571 1390; x_wconf 89' lang='lat' dir='ltr'>est</span> <span class='ocrx_word' id='word_1_524' title='bbox 1586 1348 1652 1391; x_wconf 92' lang='lat' dir='ltr'>om·</span> 
     </span>
     <span class='ocr_line' id='line_1_71' title="bbox 854 1414 1648 1497; baseline 0.008 -22"><span class='ocrx_word' id='word_1_525' title='bbox 854 1414 945 1476; x_wconf 90' lang='lat' dir='ltr'>nibus</span> <span class='ocrx_word' id='word_1_526' title='bbox 961 1433 1065 1475; x_wconf 88' lang='lat' dir='ltr'>emere</span> <span class='ocrx_word' id='word_1_527' title='bbox 1085 1434 1156 1476; x_wconf 90' lang='lat' dir='ltr'>cnm</span> <span class='ocrx_word' id='word_1_528' title='bbox 1172 1415 1275 1476; x_wconf 85' lang='lat' dir='ltr'>animo</span> <span class='ocrx_word' id='word_1_529' title='bbox 1289 1415 1446 1476; x_wconf 83' lang='lat' dir='ltr'>vendendi</span> <span class='ocrx_word' id='word_1_530' title='bbox 1466 1417 1533 1477; x_wconf 91' lang='lat' dir='ltr'>sine</span> <span class='ocrx_word' id='word_1_531' title='bbox 1548 1418 1648 1497; x_wconf 91' lang='lat' dir='ltr'>lucro,</span> 
     </span>
     <span class='ocr_line' id='line_1_72' title="bbox 854 1503 1651 1582; baseline 0.008 -20"><span class='ocrx_word' id='word_1_532' title='bbox 854 1503 928 1582; x_wconf 90' lang='lat' dir='ltr'>quia</span> <span class='ocrx_word' id='word_1_533' title='bbox 942 1522 1003 1562; x_wconf 92' lang='lat' dir='ltr'>non</span> <span class='ocrx_word' id='word_1_534' title='bbox 1020 1509 1064 1564; x_wconf 91' lang='lat' dir='ltr'>est</span> <span class='ocrx_word' id='word_1_535' title='bbox 1077 1503 1408 1582; x_wconf 79' lang='lat' dir='ltr'>prohibitonegotiatio</span> <span class='ocrx_word' id='word_1_536' title='bbox 1420 1504 1541 1568; x_wconf 85' lang='lat' dir='ltr'>nisifiot</span> <span class='ocrx_word' id='word_1_537' title='bbox 1555 1525 1651 1568; x_wconf 86' lang='lat' dir='ltr'>causa</span> 
     </span>
     <span class='ocr_line' id='line_1_73' title="bbox 853 1591 1653 1673; baseline 0.005 -21"><span class='ocrx_word' id='word_1_538' title='bbox 853 1592 942 1666; x_wconf 87' lang='lat' dir='ltr'>lucri,</span> <span class='ocrx_word' id='word_1_539' title='bbox 959 1593 1003 1654; x_wconf 92' lang='lat' dir='ltr'>uti</span> <span class='ocrx_word' id='word_1_540' title='bbox 1020 1593 1152 1653; x_wconf 87' lang='lat' dir='ltr'>hebetur</span> <span class='ocrx_word' id='word_1_541' title='bbox 1165 1611 1231 1673; x_wconf 84' lang='lat' dir='ltr'>cop.</span> <span class='ocrx_word' id='word_1_542' title='bbox 1249 1591 1402 1668; x_wconf 84' lang='lat' dir='ltr'>Secunde,</span> <span class='ocrx_word' id='word_1_543' title='bbox 1426 1591 1472 1654; x_wconf 86' lang='lat' dir='ltr'>Ne</span> <span class='ocrx_word' id='word_1_544' title='bbox 1485 1592 1588 1656; x_wconf 84' lang='lat' dir='ltr'>clerici</span> <span class='ocrx_word' id='word_1_545' title='bbox 1606 1595 1653 1656; x_wconf 84' lang='lat' dir='ltr'>uel</span> 
     </span>
     <span class='ocr_line' id='line_1_74' title="bbox 852 1677 1651 1760; baseline 0.008 -22"><span class='ocrx_word' id='word_1_546' title='bbox 852 1677 998 1740; x_wconf 82' lang='lat' dir='ltr'>neonoclu&#39;.</span> <span class='ocrx_word' id='word_1_547' title='bbox 1024 1679 1113 1740; x_wconf 80' lang='lat' dir='ltr'>Unde</span> <span class='ocrx_word' id='word_1_548' title='bbox 1136 1679 1160 1738; x_wconf 86' lang='lat' dir='ltr'>si</span> <span class='ocrx_word' id='word_1_549' title='bbox 1188 1678 1318 1739; x_wconf 87' lang='lat' dir='ltr'>clericus</span> <span class='ocrx_word' id='word_1_550' title='bbox 1342 1679 1453 1740; x_wconf 84' lang='lat' dir='ltr'>emerit</span> <span class='ocrx_word' id='word_1_551' title='bbox 1475 1680 1595 1760; x_wconf 85' lang='lat' dir='ltr'>aliquid</span> <span class='ocrx_word' id='word_1_552' title='bbox 1616 1686 1651 1745; x_wconf 90' lang='lat' dir='ltr'>ut</span> 
     </span>
     <span class='ocr_line' id='line_1_75' title="bbox 853 1767 1650 1845; baseline 0.004 -17"><span class='ocrx_word' id='word_1_553' title='bbox 853 1773 1017 1828; x_wconf 89' lang='lat' dir='ltr'>consumat</span> <span class='ocrx_word' id='word_1_554' title='bbox 1031 1771 1062 1828; x_wconf 92' lang='lat' dir='ltr'>et</span> <span class='ocrx_word' id='word_1_555' title='bbox 1073 1771 1180 1845; x_wconf 88' lang='lat' dir='ltr'>postea</span> <span class='ocrx_word' id='word_1_556' title='bbox 1191 1767 1325 1845; x_wconf 87' lang='lat' dir='ltr'>pretium</span> <span class='ocrx_word' id='word_1_557' title='bbox 1336 1767 1417 1828; x_wconf 89' lang='lat' dir='ltr'>illius</span> <span class='ocrx_word' id='word_1_558' title='bbox 1427 1774 1557 1845; x_wconf 89' lang='lat' dir='ltr'>crescat,</span> <span class='ocrx_word' id='word_1_559' title='bbox 1574 1788 1650 1830; x_wconf 84' lang='lat' dir='ltr'>ven·</span> 
     </span>
     <span class='ocr_line' id='line_1_76' title="bbox 854 1855 1649 1934; baseline 0.005 -18"><span class='ocrx_word' id='word_1_560' title='bbox 854 1855 927 1916; x_wconf 90' lang='lat' dir='ltr'>dere</span> <span class='ocrx_word' id='word_1_561' title='bbox 950 1860 1061 1934; x_wconf 91' lang='lat' dir='ltr'>potest,</span> <span class='ocrx_word' id='word_1_562' title='bbox 1079 1875 1208 1933; x_wconf 87' lang='lat' dir='ltr'>sperans</span> <span class='ocrx_word' id='word_1_563' title='bbox 1223 1874 1256 1915; x_wconf 87' lang='lat' dir='ltr'>se</span> <span class='ocrx_word' id='word_1_564' title='bbox 1271 1855 1362 1916; x_wconf 88' lang='lat' dir='ltr'>vilius</span> <span class='ocrx_word' id='word_1_565' title='bbox 1384 1860 1582 1934; x_wconf 87' lang='lat' dir='ltr'>empturum;</span> <span class='ocrx_word' id='word_1_566' title='bbox 1600 1862 1649 1920; x_wconf 89' lang='lat' dir='ltr'>est</span> 
     </span>
     <span class='ocr_line' id='line_1_77' title="bbox 854 1943 1646 2022; baseline 0.008 -20"><span class='ocrx_word' id='word_1_567' title='bbox 854 1943 936 2003; x_wconf 89' lang='lat' dir='ltr'>onim</span> <span class='ocrx_word' id='word_1_568' title='bbox 950 1950 1037 2006; x_wconf 88' lang='lat' dir='ltr'>aetus</span> <span class='ocrx_word' id='word_1_569' title='bbox 1053 1944 1252 2006; x_wconf 73' lang='lat' dir='ltr'>oeconomiam</span> <span class='ocrx_word' id='word_1_570' title='bbox 1263 1944 1438 2022; x_wconf 72' lang='lat' dir='ltr'>prudentie</span> <span class='ocrx_word' id='word_1_571' title='bbox 1449 1947 1469 2007; x_wconf 87' lang='lat'>¹.</span> <span class='ocrx_word' id='word_1_572' title='bbox 1486 1945 1518 2008; x_wconf 90' lang='lat' dir='ltr'>S.</span> <span class='ocrx_word' id='word_1_573' title='bbox 1533 1946 1646 2008; x_wconf 86' lang='lat' dir='ltr'>Thom.</span> 
     </span>
    </p>
   </div>
   <div class='ocr_carea' id='block_1_8' title="bbox 849 2257 1650 5492">
    <p class='ocr_par' dir='ltr' id='par_1_19' title="bbox 852 2257 1650 3017">
     <span class='ocr_line' id='line_1_78' title="bbox 852 2257 1648 2324; baseline 0.004 -16"><span class='ocrx_word' id='word_1_574' title='bbox 852 2260 922 2324; x_wconf 75' lang='lat' dir='ltr'>gnis,</span> <span class='ocrx_word' id='word_1_575' title='bbox 940 2271 1011 2322; x_wconf 74' lang='lat' dir='ltr'>sepe</span> <span class='ocrx_word' id='word_1_576' title='bbox 1040 2257 1234 2321; x_wconf 87' lang='lat' dir='ltr'>perumltisque</span> <span class='ocrx_word' id='word_1_577' title='bbox 1274 2257 1407 2321; x_wconf 84' lang='lat' dir='ltr'>theologis</span> <span class='ocrx_word' id='word_1_578' title='bbox 1447 2273 1619 2312; x_wconf 89' lang='lat' dir='ltr'>communem</span> <span class='ocrx_word' id='word_1_579' title='bbox 1641 2299 1648 2324; x_wconf 95' lang='lat'>,</span> 
     </span>
     <span class='ocr_line' id='line_1_79' title="bbox 855 2327 1648 2394; baseline -0.001 -12"><span class='ocrx_word' id='word_1_580' title='bbox 855 2333 949 2392; x_wconf 74' lang='lat' dir='ltr'>laram,</span> <span class='ocrx_word' id='word_1_581' title='bbox 961 2331 1127 2390; x_wconf 83' lang='lat' dir='ltr'>lnrisu&#39;marn,</span> <span class='ocrx_word' id='word_1_582' title='bbox 1142 2327 1303 2390; x_wconf 80' lang='lat' dir='ltr'>horrendam,</span> <span class='ocrx_word' id='word_1_583' title='bbox 1318 2329 1434 2379; x_wconf 70' lang='lat' dir='ltr'>translati</span> <span class='ocrx_word' id='word_1_584' title='bbox 1447 2330 1559 2394; x_wconf 80' lang='lat' dir='ltr'>plenam,</span> <span class='ocrx_word' id='word_1_585' title='bbox 1573 2347 1648 2382; x_wconf 84' lang='lat' dir='ltr'>erro-</span> 
     </span>
     <span class='ocr_line' id='line_1_80' title="bbox 854 2401 1650 2469; baseline 0.005 -19"><span class='ocrx_word' id='word_1_586' title='bbox 854 2419 927 2452; x_wconf 84' lang='lat' dir='ltr'>neum</span> <span class='ocrx_word' id='word_1_587' title='bbox 942 2403 1118 2460; x_wconf 86' lang='lat' dir='ltr'>commentam,</span> <span class='ocrx_word' id='word_1_588' title='bbox 1134 2401 1274 2449; x_wconf 84' lang='lat' dir='ltr'>inauditum</span> <span class='ocrx_word' id='word_1_589' title='bbox 1287 2402 1449 2464; x_wconf 71' lang='lat' dir='ltr'>paradoxon,</span> <span class='ocrx_word' id='word_1_590' title='bbox 1464 2417 1520 2452; x_wconf 85' lang='lat' dir='ltr'>enm</span> <span class='ocrx_word' id='word_1_591' title='bbox 1532 2405 1650 2469; x_wconf 77' lang='lat' dir='ltr'>Eneape-</span> 
     </span>
     <span class='ocr_line' id='line_1_81' title="bbox 854 2471 1647 2538; baseline 0.003 -15"><span class='ocrx_word' id='word_1_592' title='bbox 854 2475 887 2523; x_wconf 89' lang='lat' dir='ltr'>lio</span> <span class='ocrx_word' id='word_1_593' title='bbox 907 2477 1061 2538; x_wconf 75' lang='lat' dir='ltr'>papnuntcm</span> <span class='ocrx_word' id='word_1_594' title='bbox 1081 2472 1216 2534; x_wconf 87' lang='lat' dir='ltr'>appellare</span> <span class='ocrx_word' id='word_1_595' title='bbox 1236 2486 1290 2521; x_wconf 90' lang='lat' dir='ltr'>non</span> <span class='ocrx_word' id='word_1_596' title='bbox 1306 2471 1423 2530; x_wconf 83' lang='lat' dir='ltr'>audeat;</span> <span class='ocrx_word' id='word_1_597' title='bbox 1439 2475 1563 2536; x_wconf 78' lang='lat' dir='ltr'>‹ptaruvis</span> <span class='ocrx_word' id='word_1_598' title='bbox 1578 2475 1647 2525; x_wconf 87' lang='lat' dir='ltr'>hane</span> 
     </span>
     <span class='ocr_line' id='line_1_82' title="bbox 853 2543 1639 2606; baseline 0.004 -12"><span class='ocrx_word' id='word_1_599' title='bbox 853 2545 1012 2594; x_wconf 86' lang='lat' dir='ltr'>methodum</span> <span class='ocrx_word' id='word_1_600' title='bbox 1036 2543 1106 2592; x_wconf 85' lang='lat' dir='ltr'>Patri</span> <span class='ocrx_word' id='word_1_601' title='bbox 1126 2543 1250 2591; x_wconf 81' lang='lat' dir='ltr'>Concinre</span> <span class='ocrx_word' id='word_1_602' title='bbox 1273 2545 1399 2606; x_wconf 81' lang='lat' dir='ltr'>perpetuo</span> <span class='ocrx_word' id='word_1_603' title='bbox 1426 2545 1587 2594; x_wconf 77' lang='lat' dir='ltr'>servandam</span> <span class='ocrx_word' id='word_1_604' title='bbox 1611 2551 1639 2597; x_wconf 91' lang='lat' dir='ltr'>et</span> 
     </span>
     <span class='ocr_line' id='line_1_83' title="bbox 853 2613 1646 2674; baseline 0.003 -11"><span class='ocrx_word' id='word_1_605' title='bbox 853 2619 986 2664; x_wconf 82' lang='lat' dir='ltr'>serratam</span> <span class='ocrx_word' id='word_1_606' title='bbox 1013 2614 1164 2674; x_wconf 56' lang='lat' dir='ltr'>relinquam</span> <span class='ocrx_word' id='word_1_607' title='bbox 1180 2613 1359 2662; x_wconf 87' lang='lat' dir='ltr'>nihilominus</span> <span class='ocrx_word' id='word_1_608' title='bbox 1382 2626 1457 2662; x_wconf 86' lang='lat' dir='ltr'>suoru</span> <span class='ocrx_word' id='word_1_609' title='bbox 1483 2617 1646 2666; x_wconf 88' lang='lat' dir='ltr'>sententium</span> 
     </span>
     <span class='ocr_line' id='line_1_84' title="bbox 853 2680 1647 2748; baseline 0.003 -16"><span class='ocrx_word' id='word_1_610' title='bbox 853 2684 963 2748; x_wconf 89' lang='lat' dir='ltr'>promit,</span> <span class='ocrx_word' id='word_1_611' title='bbox 990 2681 1084 2730; x_wconf 87' lang='lat' dir='ltr'>solidis</span> <span class='ocrx_word' id='word_1_612' title='bbox 1107 2680 1257 2729; x_wconf 85' lang='lat' dir='ltr'>ratiociniis</span> <span class='ocrx_word' id='word_1_613' title='bbox 1285 2681 1409 2744; x_wconf 87' lang='lat' dir='ltr'>aptisque</span> <span class='ocrx_word' id='word_1_614' title='bbox 1437 2684 1647 2734; x_wconf 82' lang='lat' dir='ltr'>auetoritatibus</span> 
     </span>
     <span class='ocr_line' id='line_1_85' title="bbox 853 2751 1643 2815; baseline 0 -11"><span class='ocrx_word' id='word_1_615' title='bbox 853 2753 1001 2804; x_wconf 88' lang='lat' dir='ltr'>conununit</span> <span class='ocrx_word' id='word_1_616' title='bbox 1016 2756 1042 2802; x_wconf 89' lang='lat' dir='ltr'>et</span> <span class='ocrx_word' id='word_1_617' title='bbox 1066 2751 1093 2801; x_wconf 91' lang='lat' dir='ltr'>in</span> <span class='ocrx_word' id='word_1_618' title='bbox 1112 2751 1186 2800; x_wconf 81' lang='lat' dir='ltr'>ouini</span> <span class='ocrx_word' id='word_1_619' title='bbox 1201 2751 1353 2814; x_wconf 80' lang='lat' dir='ltr'>Theologim</span> <span class='ocrx_word' id='word_1_620' title='bbox 1369 2753 1479 2801; x_wconf 87' lang='lat' dir='ltr'>momlis</span> <span class='ocrx_word' id='word_1_621' title='bbox 1495 2758 1643 2815; x_wconf 82' lang='lat' dir='ltr'>parteseae</span> 
     </span>
     <span class='ocr_line' id='line_1_86' title="bbox 853 2822 1648 2875; baseline -0.003 0"><span class='ocrx_word' id='word_1_622' title='bbox 853 2824 1040 2875; x_wconf 82' lang='lat' dir='ltr'>(lectissimum</span> <span class='ocrx_word' id='word_1_623' title='bbox 1063 2826 1089 2871; x_wconf 90' lang='lat' dir='ltr'>et</span> <span class='ocrx_word' id='word_1_624' title='bbox 1109 2822 1320 2871; x_wconf 81' lang='lat' dir='ltr'>versatissimum</span> <span class='ocrx_word' id='word_1_625' title='bbox 1337 2823 1465 2872; x_wconf 83' lang='lat' dir='ltr'>ostendit.</span> <span class='ocrx_word' id='word_1_626' title='bbox 1482 2823 1513 2872; x_wconf 81' lang='lat' dir='ltr'>m</span> <span class='ocrx_word' id='word_1_627' title='bbox 1532 2824 1589 2873; x_wconf 83' lang='lat' dir='ltr'>haee</span> <span class='ocrx_word' id='word_1_628' title='bbox 1604 2826 1648 2873; x_wconf 88' lang='lat' dir='ltr'>est</span> 
     </span>
     <span class='ocr_line' id='line_1_87' title="bbox 853 2893 1647 2958; baseline -0.001 -13"><span class='ocrx_word' id='word_1_629' title='bbox 853 2910 933 2946; x_wconf 80' lang='lat' dir='ltr'>causa</span> <span class='ocrx_word' id='word_1_630' title='bbox 948 2896 1006 2958; x_wconf 70' lang='lat' dir='ltr'>rins</span> <span class='ocrx_word' id='word_1_631' title='bbox 1021 2893 1107 2942; x_wconf 84' lang='lat' dir='ltr'>tacitis</span> <span class='ocrx_word' id='word_1_632' title='bbox 1117 2893 1302 2944; x_wconf 81' lang='lat' dir='ltr'>distractionis</span> <span class='ocrx_word' id='word_1_633' title='bbox 1313 2907 1372 2958; x_wconf 71' lang='lat' dir='ltr'>quae</span> <span class='ocrx_word' id='word_1_634' title='bbox 1383 2897 1472 2944; x_wconf 90' lang='lat' dir='ltr'>tamen</span> <span class='ocrx_word' id='word_1_635' title='bbox 1483 2894 1582 2944; x_wconf 89' lang='lat' dir='ltr'>acriter</span> <span class='ocrx_word' id='word_1_636' title='bbox 1592 2893 1647 2944; x_wconf 91' lang='lat' dir='ltr'>urit</span> 
     </span>
     <span class='ocr_line' id='line_1_88' title="bbox 854 2965 1056 3017; baseline -0.02 0"><span class='ocrx_word' id='word_1_637' title='bbox 854 2969 881 3017; x_wconf 88' lang='lat' dir='ltr'>P.</span> <span class='ocrx_word' id='word_1_638' title='bbox 898 2965 1056 3014; x_wconf 80' lang='lat' dir='ltr'>Cone-inum.</span> 
     </span>
    </p>

    <p class='ocr_par' dir='ltr' id='par_1_20' title="bbox 851 3041 1648 3384">
     <span class='ocr_line' id='line_1_89' title="bbox 884 3041 1646 3104; baseline -0.001 -12"><span class='ocrx_word' id='word_1_639' title='bbox 884 3042 987 3092; x_wconf 86' lang='lat' dir='ltr'>Deinde</span> <span class='ocrx_word' id='word_1_640' title='bbox 1003 3043 1071 3090; x_wconf 85' lang='lat' dir='ltr'>trane</span> <span class='ocrx_word' id='word_1_641' title='bbox 1087 3043 1172 3104; x_wconf 82' lang='lat' dir='ltr'>ipsam</span> <span class='ocrx_word' id='word_1_642' title='bbox 1197 3043 1396 3091; x_wconf 74' lang='lat' dir='ltr'>aestuationem</span> <span class='ocrx_word' id='word_1_643' title='bbox 1413 3043 1440 3092; x_wconf 90' lang='lat' dir='ltr'>P.</span> <span class='ocrx_word' id='word_1_644' title='bbox 1459 3041 1578 3092; x_wconf 89' lang='lat' dir='ltr'>Coneiaa</span> <span class='ocrx_word' id='word_1_645' title='bbox 1599 3041 1646 3091; x_wconf 88' lang='lat' dir='ltr'>do-</span> 
     </span>
     <span class='ocr_line' id='line_1_90' title="bbox 853 3111 1648 3176; baseline 0.001 -17"><span class='ocrx_word' id='word_1_646' title='bbox 853 3113 967 3174; x_wconf 83' lang='lat' dir='ltr'>sumpsit</span> <span class='ocrx_word' id='word_1_647' title='bbox 981 3127 996 3162; x_wconf 96' lang='lat' dir='ltr'>a</span> <span class='ocrx_word' id='word_1_648' title='bbox 1013 3113 1038 3161; x_wconf 90' lang='lat' dir='ltr'>P.</span> <span class='ocrx_word' id='word_1_649' title='bbox 1052 3113 1172 3173; x_wconf 79' lang='lat' dir='ltr'>lmcroix,</span> <span class='ocrx_word' id='word_1_650' title='bbox 1188 3113 1236 3174; x_wconf 92' lang='lat' dir='ltr'>qui</span> <span class='ocrx_word' id='word_1_651' title='bbox 1251 3111 1302 3160; x_wconf 82' lang='lat' dir='ltr'>sibi</span> <span class='ocrx_word' id='word_1_652' title='bbox 1322 3113 1394 3162; x_wconf 88' lang='lat' dir='ltr'>illarn</span> <span class='ocrx_word' id='word_1_653' title='bbox 1406 3113 1500 3176; x_wconf 88' lang='lat' dir='ltr'>objicit</span> <span class='ocrx_word' id='word_1_654' title='bbox 1517 3113 1542 3161; x_wconf 90' lang='lat' dir='ltr'>in</span> <span class='ocrx_word' id='word_1_655' title='bbox 1556 3112 1648 3176; x_wconf 74' lang='lat' dir='ltr'>pirmin-</span> 
     </span>
     <span class='ocr_line' id='line_1_91' title="bbox 853 3181 1647 3245; baseline 0 -15"><span class='ocrx_word' id='word_1_656' title='bbox 853 3181 927 3230; x_wconf 91' lang='lat' dir='ltr'>tionc</span> <span class='ocrx_word' id='word_1_657' title='bbox 944 3182 1027 3231; x_wconf 89' lang='lat' dir='ltr'>totius</span> <span class='ocrx_word' id='word_1_658' title='bbox 1046 3183 1154 3245; x_wconf 84' lang='lat' dir='ltr'>operis,</span> <span class='ocrx_word' id='word_1_659' title='bbox 1171 3195 1196 3230; x_wconf 91' lang='lat' dir='ltr'>n.</span> <span class='ocrx_word' id='word_1_660' title='bbox 1212 3184 1234 3231; x_wconf 89' lang='lat' dir='ltr'>t.</span> <span class='ocrx_word' id='word_1_661' title='bbox 1252 3183 1282 3231; x_wconf 78' lang='lat' dir='ltr'>tu</span> <span class='ocrx_word' id='word_1_662' title='bbox 1297 3184 1454 3245; x_wconf 83' lang='lat' dir='ltr'>promissam</span> <span class='ocrx_word' id='word_1_663' title='bbox 1474 3183 1511 3232; x_wconf 91' lang='lat' dir='ltr'>ibi</span> <span class='ocrx_word' id='word_1_664' title='bbox 1534 3196 1647 3245; x_wconf 87' lang='lat' dir='ltr'>respou-</span> 
     </span>
     <span class='ocr_line' id='line_1_92' title="bbox 853 3252 1647 3318; baseline 0 -18"><span class='ocrx_word' id='word_1_665' title='bbox 853 3253 957 3300; x_wconf 85' lang='lat' dir='ltr'>sioncm</span> <span class='ocrx_word' id='word_1_666' title='bbox 975 3252 1031 3300; x_wconf 81' lang='lat' dir='ltr'>sire</span> <span class='ocrx_word' id='word_1_667' title='bbox 1043 3266 1136 3300; x_wconf 75' lang='lat' dir='ltr'>causas</span> <span class='ocrx_word' id='word_1_668' title='bbox 1152 3252 1332 3314; x_wconf 84' lang='lat' dir='ltr'>suspendendi</span> <span class='ocrx_word' id='word_1_669' title='bbox 1348 3253 1497 3316; x_wconf 83' lang='lat' dir='ltr'>aliquando</span> <span class='ocrx_word' id='word_1_670' title='bbox 1512 3252 1647 3318; x_wconf 73' lang='lat' dir='ltr'>judicium</span> 
     </span>
     <span class='ocr_line' id='line_1_93' title="bbox 851 3321 1493 3384; baseline 0.002 -14"><span class='ocrx_word' id='word_1_671' title='bbox 851 3321 930 3371; x_wconf 85' lang='lat' dir='ltr'>allert</span> <span class='ocrx_word' id='word_1_672' title='bbox 943 3322 1115 3384; x_wconf 82' lang='lat' dir='ltr'>postmodum</span> <span class='ocrx_word' id='word_1_673' title='bbox 1133 3321 1149 3369; x_wconf 94' lang='lat' dir='ltr'>l.</span> <span class='ocrx_word' id='word_1_674' title='bbox 1166 3323 1189 3380; x_wconf 84' lang='lat' dir='ltr'>l,</span> <span class='ocrx_word' id='word_1_675' title='bbox 1201 3336 1227 3370; x_wconf 90' lang='lat'>11.</span> <span class='ocrx_word' id='word_1_676' title='bbox 1247 3324 1316 3382; x_wconf 71' lang='lat' dir='ltr'>lbl‘l,</span> <span class='ocrx_word' id='word_1_677' title='bbox 1332 3322 1374 3370; x_wconf 89' lang='lat' dir='ltr'>bis</span> <span class='ocrx_word' id='word_1_678' title='bbox 1384 3323 1493 3371; x_wconf 80' lang='lat' dir='ltr'>verbis:</span> 
     </span>
    </p>

    <p class='ocr_par' dir='ltr' id='par_1_21' title="bbox 851 3391 1646 4516">
     <span class='ocr_line' id='line_1_94' title="bbox 886 3391 1646 3454; baseline 0.005 -18"><span class='ocrx_word' id='word_1_679' title='bbox 886 3393 1003 3454; x_wconf 80' lang='lat' dir='ltr'>«Primo,</span> <span class='ocrx_word' id='word_1_680' title='bbox 1029 3392 1091 3454; x_wconf 90' lang='lat' dir='ltr'>quia</span> <span class='ocrx_word' id='word_1_681' title='bbox 1115 3405 1170 3440; x_wconf 91' lang='lat' dir='ltr'>non</span> <span class='ocrx_word' id='word_1_682' title='bbox 1192 3395 1280 3454; x_wconf 86' lang='lat' dir='ltr'>potest</span> <span class='ocrx_word' id='word_1_683' title='bbox 1296 3405 1401 3454; x_wconf 86' lang='lat' dir='ltr'>semper</span> <span class='ocrx_word' id='word_1_684' title='bbox 1420 3393 1513 3442; x_wconf 86' lang='lat' dir='ltr'>resciri</span> <span class='ocrx_word' id='word_1_685' title='bbox 1538 3391 1646 3440; x_wconf 81' lang='lat' dir='ltr'>veritas.</span> 
     </span>
     <span class='ocr_line' id='line_1_95' title="bbox 853 3462 1645 3526; baseline 0 -15"><span class='ocrx_word' id='word_1_686' title='bbox 853 3463 979 3523; x_wconf 83' lang='lat' dir='ltr'>Sarnade,</span> <span class='ocrx_word' id='word_1_687' title='bbox 995 3464 1059 3526; x_wconf 91' lang='lat' dir='ltr'>quia</span> <span class='ocrx_word' id='word_1_688' title='bbox 1070 3463 1261 3512; x_wconf 85' lang='lat' dir='ltr'>dittloillimum</span> <span class='ocrx_word' id='word_1_689' title='bbox 1277 3466 1317 3512; x_wconf 90' lang='lat' dir='ltr'>est</span> <span class='ocrx_word' id='word_1_690' title='bbox 1332 3464 1454 3512; x_wconf 79' lang='lat' dir='ltr'>invenire</span> <span class='ocrx_word' id='word_1_691' title='bbox 1473 3467 1501 3512; x_wconf 90' lang='grc' dir='ltr'>ει</span> <span class='ocrx_word' id='word_1_692' title='bbox 1511 3462 1645 3526; x_wconf 88' lang='lat' dir='ltr'>periculo-</span> 
     </span>
     <span class='ocr_line' id='line_1_96' title="bbox 853 3533 1644 3596; baseline 0 -14"><span class='ocrx_word' id='word_1_693' title='bbox 853 3533 1644 3596; x_wconf 75' lang='lat' dir='ltr'>sissiniumdetluirequaruamsintpeecatnserievelgravin.</span> 
     </span>
     <span class='ocr_line' id='line_1_97' title="bbox 854 3604 1645 3669; baseline -0.006 -12"><span class='ocrx_word' id='word_1_694' title='bbox 854 3607 944 3667; x_wconf 79' lang='lat' dir='ltr'>Tatio,</span> <span class='ocrx_word' id='word_1_695' title='bbox 959 3606 1023 3669; x_wconf 83' lang='lat' dir='ltr'>qula</span> <span class='ocrx_word' id='word_1_696' title='bbox 1040 3605 1120 3654; x_wconf 90' lang='lat' dir='ltr'>etiam</span> <span class='ocrx_word' id='word_1_697' title='bbox 1135 3604 1314 3668; x_wconf 73' lang='lat' dir='ltr'>difficillimam</span> <span class='ocrx_word' id='word_1_698' title='bbox 1330 3609 1370 3654; x_wconf 88' lang='lat' dir='ltr'>est</span> <span class='ocrx_word' id='word_1_699' title='bbox 1391 3618 1496 3667; x_wconf 89' lang='lat' dir='ltr'>semper</span> <span class='ocrx_word' id='word_1_700' title='bbox 1514 3604 1645 3653; x_wconf 88' lang='lat' dir='ltr'>determi-</span> 
     </span>
     <span class='ocr_line' id='line_1_98' title="bbox 852 3675 1645 3742; baseline -0.004 -16"><span class='ocrx_word' id='word_1_701' title='bbox 852 3691 915 3726; x_wconf 87' lang='lat' dir='ltr'>nare</span> <span class='ocrx_word' id='word_1_702' title='bbox 931 3691 1046 3742; x_wconf 72' lang='lat' dir='ltr'>quterram</span> <span class='ocrx_word' id='word_1_703' title='bbox 1070 3676 1135 3723; x_wconf 85' lang='lat' dir='ltr'>inter</span> <span class='ocrx_word' id='word_1_704' title='bbox 1153 3676 1281 3738; x_wconf 76' lang='lat' dir='ltr'>opiniones</span> <span class='ocrx_word' id='word_1_705' title='bbox 1303 3677 1336 3724; x_wconf 82' lang='lat' dir='ltr'>aii</span> <span class='ocrx_word' id='word_1_706' title='bbox 1356 3675 1519 3740; x_wconf 71' lang='lat' dir='ltr'>probabilior.</span> <span class='ocrx_word' id='word_1_707' title='bbox 1541 3676 1645 3736; x_wconf 82' lang='lat' dir='ltr'>(lucrio,</span> 
     </span>
     <span class='ocr_line' id='line_1_99' title="bbox 852 3746 1645 3811; baseline -0.003 -15"><span class='ocrx_word' id='word_1_708' title='bbox 852 3749 916 3811; x_wconf 89' lang='lat' dir='ltr'>quia</span> <span class='ocrx_word' id='word_1_709' title='bbox 931 3749 952 3796; x_wconf 86' lang='lat' dir='ltr'>si</span> <span class='ocrx_word' id='word_1_710' title='bbox 963 3747 1134 3796; x_wconf 85' lang='lat' dir='ltr'>adducantur</span> <span class='ocrx_word' id='word_1_711' title='bbox 1147 3751 1271 3797; x_wconf 86' lang='lat' dir='ltr'>auctores</span> <span class='ocrx_word' id='word_1_712' title='bbox 1289 3749 1315 3796; x_wconf 91' lang='lat' dir='ltr'>et</span> <span class='ocrx_word' id='word_1_713' title='bbox 1329 3747 1446 3795; x_wconf 86' lang='lat' dir='ltr'>rationes</span> <span class='ocrx_word' id='word_1_714' title='bbox 1461 3746 1488 3795; x_wconf 88' lang='lat' dir='ltr'>in</span> <span class='ocrx_word' id='word_1_715' title='bbox 1501 3749 1645 3809; x_wconf 89' lang='lat' dir='ltr'>utramque</span> 
     </span>
     <span class='ocr_line' id='line_1_100' title="bbox 853 3817 1646 3883; baseline -0.004 -15"><span class='ocrx_word' id='word_1_716' title='bbox 853 3823 964 3883; x_wconf 88' lang='lat' dir='ltr'>partem,</span> <span class='ocrx_word' id='word_1_717' title='bbox 980 3818 1102 3882; x_wconf 75' lang='lat' dir='ltr'>pendenti</span> <span class='ocrx_word' id='word_1_718' title='bbox 1113 3817 1205 3868; x_wconf 88' lang='lat' dir='ltr'>lectori</span> <span class='ocrx_word' id='word_1_719' title='bbox 1217 3821 1398 3881; x_wconf 79' lang='lat' dir='ltr'>suggeruntur</span> <span class='ocrx_word' id='word_1_720' title='bbox 1409 3817 1570 3867; x_wconf 78' lang='lat' dir='ltr'>sufficientia</span> <span class='ocrx_word' id='word_1_721' title='bbox 1586 3829 1646 3866; x_wconf 92' lang='lat' dir='ltr'>mo·</span> 
     </span>
     <span class='ocr_line' id='line_1_101' title="bbox 853 3887 1641 3952; baseline -0.005 -12"><span class='ocrx_word' id='word_1_722' title='bbox 853 3891 907 3940; x_wconf 87' lang='lat' dir='ltr'>tiva</span> <span class='ocrx_word' id='word_1_723' title='bbox 930 3890 981 3939; x_wconf 86' lang='lat' dir='ltr'>sibi</span> <span class='ocrx_word' id='word_1_724' title='bbox 1007 3889 1137 3938; x_wconf 80' lang='lat' dir='ltr'>formandi</span> <span class='ocrx_word' id='word_1_725' title='bbox 1155 3890 1347 3938; x_wconf 88' lang='lat' dir='ltr'>conscientiam</span> <span class='ocrx_word' id='word_1_726' title='bbox 1364 3887 1520 3952; x_wconf 86' lang='lat' dir='ltr'>practicam.</span> <span class='ocrx_word' id='word_1_727' title='bbox 1542 3888 1641 3948; x_wconf 79' lang='lat' dir='ltr'>Quinto.</span> 
     </span>
     <span class='ocr_line' id='line_1_102' title="bbox 854 3957 1645 4022; baseline -0.005 -12"><span class='ocrx_word' id='word_1_728' title='bbox 854 3963 961 4022; x_wconf 81' lang='lat' dir='ltr'>(Natant</span> <span class='ocrx_word' id='word_1_729' title='bbox 980 3959 1047 4008; x_wconf 91' lang='lat' dir='ltr'>hanc</span> <span class='ocrx_word' id='word_1_730' title='bbox 1072 3959 1196 4021; x_wconf 89' lang='lat' dir='ltr'>quintam</span> <span class='ocrx_word' id='word_1_731' title='bbox 1219 3958 1445 4008; x_wconf 85' lang='lat' dir='ltr'>modestissimam</span> <span class='ocrx_word' id='word_1_732' title='bbox 1463 3957 1597 4006; x_wconf 89' lang='lat' dir='ltr'>rationem</span> <span class='ocrx_word' id='word_1_733' title='bbox 1621 3957 1645 4006; x_wconf 89' lang='lat' dir='ltr'>ii</span> 
     </span>
     <span class='ocr_line' id='line_1_103' title="bbox 852 4027 1643 4095; baseline -0.005 -15"><span class='ocrx_word' id='word_1_734' title='bbox 852 4031 898 4095; x_wconf 91' lang='lat' dir='ltr'>qui</span> <span class='ocrx_word' id='word_1_735' title='bbox 914 4029 1076 4092; x_wconf 84' lang='lat' dir='ltr'>contemptis</span> <span class='ocrx_word' id='word_1_736' title='bbox 1086 4032 1112 4076; x_wconf 87' lang='lat' dir='ltr'>ot</span> <span class='ocrx_word' id='word_1_737' title='bbox 1127 4028 1155 4076; x_wconf 92' lang='lat' dir='ltr'>iu</span> <span class='ocrx_word' id='word_1_738' title='bbox 1166 4029 1263 4077; x_wconf 88' lang='lat' dir='ltr'>malam</span> <span class='ocrx_word' id='word_1_739' title='bbox 1278 4041 1385 4078; x_wconf 89' lang='lat' dir='ltr'>crucem</span> <span class='ocrx_word' id='word_1_740' title='bbox 1399 4041 1414 4076; x_wconf 84' lang='lat' dir='ltr'>a</span> <span class='ocrx_word' id='word_1_741' title='bbox 1426 4027 1562 4076; x_wconf 87' lang='lat' dir='ltr'>mandatis</span> <span class='ocrx_word' id='word_1_742' title='bbox 1572 4030 1643 4076; x_wconf 87' lang='lat' dir='ltr'>cete·</span> 
     </span>
     <span class='ocr_line' id='line_1_104' title="bbox 851 4097 1646 4162; baseline -0.006 -9"><span class='ocrx_word' id='word_1_743' title='bbox 851 4105 888 4154; x_wconf 87' lang='lat' dir='ltr'>ris</span> <span class='ocrx_word' id='word_1_744' title='bbox 903 4101 1026 4152; x_wconf 88' lang='lat' dir='ltr'>casuistis</span> <span class='ocrx_word' id='word_1_745' title='bbox 1048 4099 1150 4148; x_wconf 80' lang='lat' dir='ltr'>vellent</span> <span class='ocrx_word' id='word_1_746' title='bbox 1173 4099 1223 4148; x_wconf 85' lang='lat' dir='ltr'>soli</span> <span class='ocrx_word' id='word_1_747' title='bbox 1245 4113 1357 4162; x_wconf 82' lang='lat' dir='ltr'>regnare</span> <span class='ocrx_word' id='word_1_748' title='bbox 1378 4100 1406 4147; x_wconf 90' lang='lat' dir='ltr'>iu</span> <span class='ocrx_word' id='word_1_749' title='bbox 1427 4097 1469 4148; x_wconf 85' lang='lat' dir='ltr'>his</span> <span class='ocrx_word' id='word_1_750' title='bbox 1486 4097 1599 4160; x_wconf 75' lang='lat' dir='ltr'>tudiciis</span> <span class='ocrx_word' id='word_1_751' title='bbox 1618 4101 1646 4148; x_wconf 91' lang='lat' dir='ltr'>et</span> 
     </span>
     <span class='ocr_line' id='line_1_105' title="bbox 853 4167 1641 4232; baseline -0.004 -11"><span class='ocrx_word' id='word_1_752' title='bbox 853 4171 931 4222; x_wconf 90' lang='lat' dir='ltr'>unice</span> <span class='ocrx_word' id='word_1_753' title='bbox 949 4169 1118 4232; x_wconf 86' lang='lat' dir='ltr'>comprobari</span> <span class='ocrx_word' id='word_1_754' title='bbox 1133 4170 1279 4218; x_wconf 87' lang='lat' dir='ltr'>sententias</span> <span class='ocrx_word' id='word_1_755' title='bbox 1299 4173 1380 4222; x_wconf 78' lang='lat' dir='ltr'>seras.)</span> <span class='ocrx_word' id='word_1_756' title='bbox 1397 4169 1535 4228; x_wconf 87' lang='lat' dir='ltr'>Quantum</span> <span class='ocrx_word' id='word_1_757' title='bbox 1549 4167 1582 4216; x_wconf 88' lang='lat' dir='ltr'>ad</span> <span class='ocrx_word' id='word_1_758' title='bbox 1598 4181 1641 4218; x_wconf 85' lang='lat' dir='ltr'>me</span> 
     </span>
     <span class='ocr_line' id='line_1_106' title="bbox 851 4238 1644 4304; baseline -0.004 -12"><span class='ocrx_word' id='word_1_759' title='bbox 851 4241 960 4302; x_wconf 85' lang='lat' dir='ltr'>attinet,</span> <span class='ocrx_word' id='word_1_760' title='bbox 977 4241 1055 4304; x_wconf 90' lang='lat' dir='ltr'>plane</span> <span class='ocrx_word' id='word_1_761' title='bbox 1068 4239 1161 4304; x_wconf 82' lang='lat' dir='ltr'>judico</span> <span class='ocrx_word' id='word_1_762' title='bbox 1182 4238 1251 4289; x_wconf 85' lang='lat' dir='ltr'>alios</span> <span class='ocrx_word' id='word_1_763' title='bbox 1273 4253 1329 4289; x_wconf 87' lang='lat' dir='ltr'>esse</span> <span class='ocrx_word' id='word_1_764' title='bbox 1355 4239 1542 4302; x_wconf 89' lang='lat' dir='ltr'>prudentiores</span> <span class='ocrx_word' id='word_1_765' title='bbox 1562 4253 1644 4302; x_wconf 91' lang='lat' dir='ltr'>quam</span> 
     </span>
     <span class='ocr_line' id='line_1_107' title="bbox 852 4308 1644 4375; baseline -0.005 -13"><span class='ocrx_word' id='word_1_766' title='bbox 852 4327 911 4375; x_wconf 90' lang='lat' dir='ltr'>me,</span> <span class='ocrx_word' id='word_1_767' title='bbox 925 4325 974 4361; x_wconf 93' lang='lat' dir='ltr'>nec</span> <span class='ocrx_word' id='word_1_768' title='bbox 993 4310 1073 4362; x_wconf 84' lang='lat' dir='ltr'>eredo</span> <span class='ocrx_word' id='word_1_769' title='bbox 1097 4323 1112 4358; x_wconf 89' lang='lat' dir='ltr'>a</span> <span class='ocrx_word' id='word_1_770' title='bbox 1137 4310 1234 4358; x_wconf 89' lang='lat' dir='ltr'>lectore</span> <span class='ocrx_word' id='word_1_771' title='bbox 1249 4309 1495 4372; x_wconf 77' lang='lat' dir='ltr'>magnifaciendum</span> <span class='ocrx_word' id='word_1_772' title='bbox 1510 4308 1644 4372; x_wconf 81' lang='lat' dir='ltr'>judicium</span> 
     </span>
     <span class='ocr_line' id='line_1_108' title="bbox 852 4377 1645 4444; baseline -0.005 -11"><span class='ocrx_word' id='word_1_773' title='bbox 852 4395 942 4434; x_wconf 90' lang='lat' dir='ltr'>meum</span> <span class='ocrx_word' id='word_1_774' title='bbox 958 4381 1067 4444; x_wconf 86' lang='lat' dir='ltr'>quando</span> <span class='ocrx_word' id='word_1_775' title='bbox 1081 4379 1161 4430; x_wconf 89' lang='lat' dir='ltr'>attuli</span> <span class='ocrx_word' id='word_1_776' title='bbox 1175 4377 1245 4430; x_wconf 87' lang='lat' dir='ltr'>alios</span> <span class='ocrx_word' id='word_1_777' title='bbox 1258 4383 1381 4429; x_wconf 89' lang='lat' dir='ltr'>auctores</span> <span class='ocrx_word' id='word_1_778' title='bbox 1395 4377 1469 4428; x_wconf 78' lang='lat' dir='ltr'>omiti</span> <span class='ocrx_word' id='word_1_779' title='bbox 1485 4379 1645 4442; x_wconf 83' lang='lat' dir='ltr'>exceptione</span> 
     </span>
     <span class='ocr_line' id='line_1_109' title="bbox 852 4455 1001 4516; baseline -0.02 -13"><span class='ocrx_word' id='word_1_780' title='bbox 852 4455 1001 4516; x_wconf 79' lang='lat' dir='ltr'>majores.-</span> 
     </span>
    </p>

    <p class='ocr_par' dir='ltr' id='par_1_22' title="bbox 849 4519 1647 5492">
     <span class='ocr_line' id='line_1_110' title="bbox 883 4519 1646 4584; baseline -0.005 -10"><span class='ocrx_word' id='word_1_781' title='bbox 883 4526 1013 4584; x_wconf 90' lang='lat' dir='ltr'>Demum,</span> <span class='ocrx_word' id='word_1_782' title='bbox 1029 4524 1099 4574; x_wconf 89' lang='lat' dir='ltr'>sieut</span> <span class='ocrx_word' id='word_1_783' title='bbox 1114 4524 1159 4573; x_wconf 86' lang='lat' dir='ltr'>ille</span> <span class='ocrx_word' id='word_1_784' title='bbox 1174 4522 1287 4572; x_wconf 89' lang='lat' dir='ltr'>adhibet</span> <span class='ocrx_word' id='word_1_785' title='bbox 1301 4521 1375 4571; x_wconf 86' lang='lat' dir='ltr'>illam</span> <span class='ocrx_word' id='word_1_786' title='bbox 1389 4521 1511 4571; x_wconf 87' lang='lat' dir='ltr'>criticem</span> <span class='ocrx_word' id='word_1_787' title='bbox 1530 4519 1646 4570; x_wconf 83' lang='lat' dir='ltr'>Theolo-</span> 
     </span>
     <span class='ocr_line' id='line_1_111' title="bbox 852 4589 1644 4658; baseline -0.004 -16"><span class='ocrx_word' id='word_1_788' title='bbox 852 4595 902 4658; x_wconf 81' lang='lat' dir='ltr'>gtre</span> <span class='ocrx_word' id='word_1_789' title='bbox 923 4595 950 4644; x_wconf 87' lang='lat' dir='ltr'>P.</span> <span class='ocrx_word' id='word_1_790' title='bbox 976 4594 1098 4656; x_wconf 77' lang='lat' dir='ltr'>lacroix,</span> <span class='ocrx_word' id='word_1_791' title='bbox 1117 4595 1154 4644; x_wconf 88' lang='lat' dir='ltr'>sic</span> <span class='ocrx_word' id='word_1_792' title='bbox 1171 4592 1219 4644; x_wconf 93' lang='lat' dir='ltr'>alii</span> <span class='ocrx_word' id='word_1_793' title='bbox 1240 4591 1322 4642; x_wconf 83' lang='lat' dir='ltr'>aliam</span> <span class='ocrx_word' id='word_1_794' title='bbox 1336 4591 1468 4640; x_wconf 86' lang='lat' dir='ltr'>adhibent</span> <span class='ocrx_word' id='word_1_795' title='bbox 1491 4589 1644 4653; x_wconf 76' lang='lat' dir='ltr'>theologie</span> 
     </span>
     <span class='ocr_line' id='line_1_112' title="bbox 852 4659 1645 4724; baseline -0.008 -10"><span class='ocrx_word' id='word_1_796' title='bbox 852 4679 915 4715; x_wconf 81' lang='lat' dir='ltr'>aare.</span> <span class='ocrx_word' id='word_1_797' title='bbox 928 4665 1009 4713; x_wconf 83' lang='lat' dir='ltr'>diunt</span> <span class='ocrx_word' id='word_1_798' title='bbox 1019 4664 1091 4712; x_wconf 91' lang='lat' dir='ltr'>illam</span> <span class='ocrx_word' id='word_1_799' title='bbox 1106 4678 1162 4714; x_wconf 89' lang='lat' dir='ltr'>esso</span> <span class='ocrx_word' id='word_1_800' title='bbox 1174 4675 1275 4712; x_wconf 90' lang='lat' dir='ltr'>memm</span> <span class='ocrx_word' id='word_1_801' title='bbox 1284 4661 1471 4711; x_wconf 88' lang='lat' dir='ltr'>collectionem</span> <span class='ocrx_word' id='word_1_802' title='bbox 1482 4659 1645 4724; x_wconf 89' lang='lat' dir='ltr'>opinionum</span> 
     </span>
     <span class='ocr_line' id='line_1_113' title="bbox 852 4729 1643 4796; baseline -0.01 -10"><span class='ocrx_word' id='word_1_803' title='bbox 852 4735 973 4786; x_wconf 91' lang='lat' dir='ltr'>omaimn</span> <span class='ocrx_word' id='word_1_804' title='bbox 988 4734 1147 4796; x_wconf 81' lang='lat' dir='ltr'>rigidiorem</span> <span class='ocrx_word' id='word_1_805' title='bbox 1163 4733 1250 4784; x_wconf 86' lang='lat' dir='ltr'>solido</span> <span class='ocrx_word' id='word_1_806' title='bbox 1275 4731 1418 4780; x_wconf 87' lang='lat' dir='ltr'>ratiocinio</span> <span class='ocrx_word' id='word_1_807' title='bbox 1446 4743 1569 4788; x_wconf 84' lang='lat' dir='ltr'>rucuma,</span> <span class='ocrx_word' id='word_1_808' title='bbox 1594 4729 1643 4778; x_wconf 85' lang='lat' dir='ltr'>de-</span> 
     </span>
     <span class='ocr_line' id='line_1_114' title="bbox 852 4799 1647 4864; baseline -0.009 -10"><span class='ocrx_word' id='word_1_809' title='bbox 852 4806 1062 4856; x_wconf 83' lang='lat' dir='ltr'>clamationibus</span> <span class='ocrx_word' id='word_1_810' title='bbox 1073 4817 1136 4853; x_wconf 83' lang='lat' dir='ltr'>vero</span> <span class='ocrx_word' id='word_1_811' title='bbox 1152 4801 1335 4864; x_wconf 79' lang='lat' dir='ltr'>conviciisque</span> <span class='ocrx_word' id='word_1_812' title='bbox 1351 4801 1547 4864; x_wconf 87' lang='lat' dir='ltr'>plenissimam.</span> <span class='ocrx_word' id='word_1_813' title='bbox 1562 4799 1647 4848; x_wconf 78' lang='lat' dir='ltr'>diunt</span> 
     </span>
     <span class='ocr_line' id='line_1_115' title="bbox 853 4867 1646 4936; baseline -0.01 -12"><span class='ocrx_word' id='word_1_814' title='bbox 853 4879 986 4925; x_wconf 79' lang='lat' dir='ltr'>recoctum</span> <span class='ocrx_word' id='word_1_815' title='bbox 1005 4875 1050 4924; x_wconf 84' lang='lat' dir='ltr'>trie</span> <span class='ocrx_word' id='word_1_816' title='bbox 1077 4887 1134 4924; x_wconf 83' lang='lat' dir='ltr'>esse</span> <span class='ocrx_word' id='word_1_817' title='bbox 1155 4872 1289 4936; x_wconf 86' lang='lat' dir='ltr'>quidquid</span> <span class='ocrx_word' id='word_1_818' title='bbox 1315 4870 1421 4920; x_wconf 81' lang='lat' dir='ltr'>Litterae</span> <span class='ocrx_word' id='word_1_819' title='bbox 1445 4867 1646 4928; x_wconf 85' lang='lat' dir='ltr'>Provinciales,</span> 
     </span>
     <span class='ocr_line' id='line_1_116' title="bbox 851 4937 1645 5009; baseline -0.018 -12"><span class='ocrx_word' id='word_1_820' title='bbox 851 4946 995 5009; x_wconf 83' lang='lat' dir='ltr'>&#39;llreologia</span> <span class='ocrx_word' id='word_1_821' title='bbox 1011 4945 1130 5006; x_wconf 87' lang='lat' dir='ltr'>moralis,</span> <span class='ocrx_word' id='word_1_822' title='bbox 1145 4944 1322 5002; x_wconf 84' lang='lat' dir='ltr'>lesuitamm,</span> <span class='ocrx_word' id='word_1_823' title='bbox 1344 4940 1476 4989; x_wconf 89' lang='lat' dir='ltr'>llcnriens</span> <span class='ocrx_word' id='word_1_824' title='bbox 1490 4952 1505 4986; x_wconf 92' lang='lat' dir='ltr'>a</span> <span class='ocrx_word' id='word_1_825' title='bbox 1520 4939 1546 4988; x_wconf 90' lang='lat' dir='ltr'>S.</span> <span class='ocrx_word' id='word_1_826' title='bbox 1568 4937 1645 4999; x_wconf 79' lang='lat' dir='ltr'>lgna·</span> 
     </span>
     <span class='ocr_line' id='line_1_117' title="bbox 853 5008 1647 5080; baseline -0.018 -14"><span class='ocrx_word' id='word_1_827' title='bbox 853 5018 901 5080; x_wconf 93' lang='lat' dir='ltr'>tio,</span> <span class='ocrx_word' id='word_1_828' title='bbox 933 5015 1090 5066; x_wconf 84' lang='lat' dir='ltr'>Sionielrius</span> <span class='ocrx_word' id='word_1_829' title='bbox 1110 5014 1212 5078; x_wconf 89' lang='lat' dir='ltr'>aliique</span> <span class='ocrx_word' id='word_1_830' title='bbox 1236 5011 1371 5062; x_wconf 80' lang='lat' dir='ltr'>notissimi</span> <span class='ocrx_word' id='word_1_831' title='bbox 1393 5008 1535 5060; x_wconf 86' lang='lat' dir='ltr'>Societatis</span> <span class='ocrx_word' id='word_1_832' title='bbox 1557 5018 1647 5055; x_wconf 81' lang='lat' dir='ltr'>osores</span> 
     </span>
     <span class='ocr_line' id='line_1_118' title="bbox 849 5076 1645 5153; baseline -0.018 -15"><span class='ocrx_word' id='word_1_833' title='bbox 849 5091 905 5153; x_wconf 85' lang='lat' dir='ltr'>jam</span> <span class='ocrx_word' id='word_1_834' title='bbox 925 5087 1099 5149; x_wconf 82' lang='lat' dir='ltr'>collegerunt.</span> <span class='ocrx_word' id='word_1_835' title='bbox 1125 5086 1206 5134; x_wconf 91' lang='lat' dir='ltr'>tliunt</span> <span class='ocrx_word' id='word_1_836' title='bbox 1227 5097 1321 5132; x_wconf 87' lang='lat' dir='ltr'>omues</span> <span class='ocrx_word' id='word_1_837' title='bbox 1343 5083 1391 5130; x_wconf 91' lang='lat' dir='ltr'>bos</span> <span class='ocrx_word' id='word_1_838' title='bbox 1415 5085 1503 5128; x_wconf 84' lang='lat' dir='ltr'>ternos</span> <span class='ocrx_word' id='word_1_839' title='bbox 1523 5077 1552 5128; x_wconf 87' lang='lat' dir='ltr'>in</span> <span class='ocrx_word' id='word_1_840' title='bbox 1576 5076 1645 5125; x_wconf 88' lang='lat' dir='ltr'>hanc</span> 
     </span>
     <span class='ocr_line' id='line_1_119' title="bbox 852 5146 1646 5220; baseline -0.019 -13"><span class='ocrx_word' id='word_1_841' title='bbox 852 5159 906 5208; x_wconf 88' lang='lat' dir='ltr'>tere</span> <span class='ocrx_word' id='word_1_842' title='bbox 922 5155 1133 5220; x_wconf 85' lang='lat' dir='ltr'>propositionem</span> <span class='ocrx_word' id='word_1_843' title='bbox 1144 5155 1202 5216; x_wconf 79' lang='lat' dir='ltr'>cogi</span> <span class='ocrx_word' id='word_1_844' title='bbox 1219 5153 1337 5216; x_wconf 87' lang='lat' dir='ltr'>potuisse</span> <span class='ocrx_word' id='word_1_845' title='bbox 1354 5169 1360 5202; x_wconf 73' lang='grc' dir='ltr'><strong>ι</strong></span> <span class='ocrx_word' id='word_1_846' title='bbox 1376 5169 1389 5196; x_wconf 82' lang='lat' dir='ltr'>a</span> <span class='ocrx_word' id='word_1_847' title='bbox 1406 5152 1434 5200; x_wconf 93' lang='lat' dir='ltr'>lu</span> <span class='ocrx_word' id='word_1_848' title='bbox 1450 5146 1646 5212; x_wconf 74' lang='lat' dir='ltr'>questionibus</span> 
     </span>
     <span class='ocr_line' id='line_1_120' title="bbox 853 5217 1645 5282; baseline -0.02 -4"><span class='ocrx_word' id='word_1_849' title='bbox 853 5230 924 5278; x_wconf 85' lang='lat' dir='ltr'>iuter</span> <span class='ocrx_word' id='word_1_850' title='bbox 936 5227 1070 5277; x_wconf 77' lang='lat' dir='ltr'>casuistas</span> <span class='ocrx_word' id='word_1_851' title='bbox 1081 5226 1228 5275; x_wconf 86' lang='lat' dir='ltr'>catholicos</span> <span class='ocrx_word' id='word_1_852' title='bbox 1237 5223 1418 5273; x_wconf 80' lang='lat' dir='ltr'>controversia</span> <span class='ocrx_word' id='word_1_853' title='bbox 1427 5217 1563 5282; x_wconf 85' lang='lat' dir='ltr'>sequenda</span> <span class='ocrx_word' id='word_1_854' title='bbox 1575 5227 1645 5264; x_wconf 88' lang='lat' dir='ltr'>sem·</span> 
     </span>
     <span class='ocr_line' id='line_1_121' title="bbox 852 5285 1645 5364; baseline -0.005 -16"><span class='ocrx_word' id='word_1_855' title='bbox 852 5313 899 5364; x_wconf 91' lang='lat' dir='ltr'>per</span> <span class='ocrx_word' id='word_1_856' title='bbox 909 5301 949 5348; x_wconf 85' lang='lat' dir='ltr'>est</span> <span class='ocrx_word' id='word_1_857' title='bbox 959 5311 1018 5360; x_wconf 83' lang='lat' dir='ltr'>para</span> <span class='ocrx_word' id='word_1_858' title='bbox 1035 5309 1094 5359; x_wconf 84' lang='lat' dir='ltr'>qma</span> <span class='ocrx_word' id='word_1_859' title='bbox 1105 5296 1176 5346; x_wconf 86' lang='lat' dir='ltr'>lavet</span> <span class='ocrx_word' id='word_1_860' title='bbox 1191 5295 1252 5358; x_wconf 78' lang='lat' dir='ltr'>legi.</span> <span class='ocrx_word' id='word_1_861' title='bbox 1268 5312 1278 5338; x_wconf 85' lang='grc' dir='ltr'><strong>ι</strong></span> <span class='ocrx_word' id='word_1_862' title='bbox 1296 5295 1360 5344; x_wconf 86' lang='lat' dir='ltr'>L&#39;tra</span> <span class='ocrx_word' id='word_1_863' title='bbox 1375 5291 1468 5342; x_wconf 85' lang='lat' dir='ltr'>critice</span> <span class='ocrx_word' id='word_1_864' title='bbox 1481 5287 1581 5352; x_wconf 75' lang='lat' dir='ltr'>justior</span> <span class='ocrx_word' id='word_1_865' title='bbox 1595 5285 1645 5344; x_wconf 65' lang='lat' dir='ltr'>Sil,</span> 
     </span>
     <span class='ocr_line' id='line_1_122' title="bbox 852 5355 1645 5433; baseline -0.02 -13"><span class='ocrx_word' id='word_1_866' title='bbox 852 5384 901 5433; x_wconf 79' lang='lat' dir='ltr'>ego</span> <span class='ocrx_word' id='word_1_867' title='bbox 913 5381 967 5418; x_wconf 91' lang='lat' dir='ltr'>aon</span> <span class='ocrx_word' id='word_1_868' title='bbox 984 5367 1053 5419; x_wconf 83' lang='lat' dir='ltr'>tanti</span> <span class='ocrx_word' id='word_1_869' title='bbox 1067 5381 1126 5418; x_wconf 86' lang='lat' dir='ltr'>aum</span> <span class='ocrx_word' id='word_1_870' title='bbox 1146 5369 1175 5417; x_wconf 91' lang='lat' dir='ltr'>ut</span> <span class='ocrx_word' id='word_1_871' title='bbox 1190 5365 1303 5417; x_wconf 80' lang='lat' dir='ltr'>delinire</span> <span class='ocrx_word' id='word_1_872' title='bbox 1319 5361 1431 5412; x_wconf 85' lang='lat' dir='ltr'>valeam.</span> <span class='ocrx_word' id='word_1_873' title='bbox 1447 5357 1523 5410; x_wconf 87' lang='lat' dir='ltr'>Docti</span> <span class='ocrx_word' id='word_1_874' title='bbox 1536 5355 1645 5422; x_wconf 85' lang='lat' dir='ltr'>Judica·</span> 
     </span>
     <span class='ocr_line' id='line_1_123' title="bbox 852 5442 931 5492; baseline -0.025 0"><span class='ocrx_word' id='word_1_875' title='bbox 852 5442 931 5492; x_wconf 89' lang='lat' dir='ltr'>boot.</span> 
     </span>
    </p>
   </div>
   <div class='ocr_carea' id='block_1_9' title="bbox 0 0 2009 6340">
    <p class='ocr_par' dir='ltr' id='par_1_23' title="bbox 0 0 2009 6340">
     <span class='ocr_line' id='line_1_124' title="bbox 0 0 2009 6340; baseline 0 0"><span class='ocrx_word' id='word_1_876' title='bbox 0 0 2009 6340; x_wconf 95' lang='lat' dir='ltr'> </span> 
     </span>
    </p>
   </div>
  </div>
 </body>
</html>
