4166 6346
297 491 362 584 tit
955 487 1289 594 ninunoupnrus.

297 675 468 760 peteretur,
483 672 800 758 nunquumpetenda
821 674 922 750 esset3
945 691 1019 736 nam
1039 674 1089 735 vel
1145 673 1273 734 vendite
1292 673 1349 734 aut
1370 668 1487 732 donata
1505 670 1606 749 alteri,
1623 669 1819 734 manifestari
1834 669 1940 751 dehet,

297 763 447 848 creditor,
461 763 512 826 vel
526 761 738 826 concreditur
752 761 878 836 denda;
896 762 921 824 si
937 763 1089 840 creditur,
1145 761 1219 842 quia
1233 759 1347 822 mansit
1359 753 1656 840 Monasterii‚'tpucd
1671 760 1768 827 habet
1783 760 1839 842 jus
1851 767 1941 841 rep'e·

294 851 363 934 jam
376 871 442 917 nun
454 843 732 936 estopuspetere3
755 849 871 930 poterit
895 853 1002 913 eutem
1025 851 1090 911 fere
1145 850 1247 913 tendi.
1363 841 1368 850 ’
1633 847 1637 854 ’
1792 857 1795 863 ’
1852 855 1889 864 “’

298 957 424 1020 semper
436 939 641 1020 probabiliter
653 937 800 1018 praesumi
816 937 955 1000 dandam
975 939 1015 1000 ab
1036 939 1091 999 eli·
1185 940 1246 1020 59.
1264 939 1295 1002 Si
1310 937 1437 1002 licentia
1450 937 1506 1000 tibi
1522 937 1562 1001 sit
1575 938 1683 1001 debita
1696 943 1728 1001 et
1741 937 1858 1018 injuste
1884 955 1942 1002 ne-
1968 955 2006 1003 us

298 1045 360 1112 quo
375 1023 485 1090 saltem
500 1025 638 1090 mediato
653 1023 844 1106 Superiore3
864 1028 890 1088 si
914 1045 978 1089 non
991 1025 1091 1087 credi·
1146 1031 1248 1106 getur,
1265 1025 1310 1088 ite
1324 1031 1358 1086 ut
1373 1024 1718 1105 injustitie'negationis
1733 1029 1843 1088 teneat
1853 1045 1886 1089 se
1903 1045 1942 1090 cx

297 1121 360 1194 tur,
377 1107 469 1179 stulte
484 1117 620 1196 petitur:
647 1133 721 1195 ergo
747 1133 910 1197 nunquam
932 1120 1015 1178 esset
1037 1134 1094 1195 pe-
1145 1118 1235 1196 perte
1249 1113 1437 1214 Superioris,
1453 1130 1517 1174 non
1531 1113 1668 1175 ideotibi
1680 1113 1939 1188 licitusestusus3

296 1203 394 1265 tende
407 1204 438 1264 in
455 1204 563 1266 ordine
578 1203 619 1264 ad
633 1201 798 1266 vitandum
812 1204 967 1278 morte1e3
985 1204 1093 1284 itaque
1146 1199 1237 1262 sicuti
1251 1200 1277 1261 si
1292 1199 1406 1278 injusto
1420 1199 1476 1262 tibi
1492 1205 1624 1279 negetur
1647 1200 1853 1280 dispensatio,
1878 1217 1942 1264 non

298 1291 372 1356 dicit
382 1295 483 1372 ,Lugo,
498 1311 527 1353 n.
546 1295 615 1369 lat,
634 1294 702 1352 tum
715 1295 839 1352 tentum
853 1309 946 1370 posse
962 1289 1006 1351 sic
1020 1308 1092 1370 pro·
1147 1290 1217 1351 ideo
1248 1289 1456 1368 deobligaris3
1488 1289 1515 1350 si
1538 1294 1645 1352 autem
1672 1289 1800 1351 licentia
1822 1289 1880 1352 tibi
1901 1297 1943 1350 ex

297 1381 367 1443 cedi
381 1399 419 1441 ex
432 1385 624 1460 praesumpta
642 1378 782 1456 licentia,
799 1379 925 1459 quando
942 1378 1094 1458 Superior
1146 1381 1236 1457 perte
1249 1379 1294 1440 tui
1309 1371 1471 1455 debeatur,
1494 1377 1630 1457 eoquod
1660 1395 1679 1438 e
1701 1377 1866 1458 lleligioue
1886 1376 1941 1456 jue

298 1468 341 1532 ite
355 1472 402 1531 est
415 1469 530 1530 invitus
544 1469 645 1529 solum
657 1467 762 1546 quoad
773 1467 914 1544 modum,
927 1471 962 1529 ut
972 1466 1091 1529 ratione
1147 1467 1264 1530 habeas
1278 1471 1313 1529 ot
1327 1465 1382 1528 tibi
1398 1466 1601 1543 concedatur,
1611 1465 1614 1473 “
1626 1465 1744 1527 subicit
1767 1471 1807 1526 ne
1832 1469 1941 1528 votum

297 1552 402 1636 modi,
429 1543 481 1637 qui
505 1556 668 1635 displicet,
694 1551 820 1618 nonsit
850 1557 945 1619 etiam
977 1553 1092 1616 invitus
1146 1555 1254 1632 violeS,
1272 1553 1567 1635 quialicentiatom'
1584 1554 1740 1636 jureipso
1759 1541 1943 1616 conceditur

298 1644 402 1726 quoad
421 1645 646 1718 substantiam
672 1643 756 1707 eolus
781 1643 866 1704 enim
887 1645 1001 1705 modus
1025 1647 1092 1705 tum
1147 1641 1362 1722 aReligione;
1380 1641 1454 1703 hinc
1468 1641 1494 1704 si
1509 1643 1661 1722 Superior
1679 1659 1741 1707 non
1761 1638 1942 1720 suppeditet

297 1735 404 1812 manet
435 1735 545 1794 contra
575 1732 771 1794 voluntatem
811 1731 1010 1810 Superioris;
1052 1731 1091 1792 de
1146 1729 1203 1793 tibi
1218 1729 1450 1791 neceesariaed
1469 1729 1586 1791 victum
1608 1730 1659 1792 rel
1681 1728 1831 1794 secutum
1850 1722 1942 1807 juxta

298 1825 413 1897 cetero,
431 1819 455 1880 si
472 1811 623 1898 Superior
637 1819 758 1880 ratione
772 1818 843 1880 telis
853 1819 1092 1881 moditeneetur
1145 1835 1266 1880 morem
1280 1822 1343 1881 tuer
1359 1815 1541 1897 Religionis,
1558 1819 1632 1880 licet
1641 1817 1737 1880 simul
1745 1819 1877 1898 negaret
1884 1813 1940 1883 tibi

298 1925 366 1970 csse
378 1899 494 1968 invitus
508 1903 604 1968 ctiam
619 1905 723 1986 quoad
735 1903 954 1984 substantiam,
966 1907 1092 1969 licentia
1146 1907 1304 1969 licentiam
1318 1901 1504 1986 acceptnndi
1516 1907 1557 1967 ab
1569 1905 1720 1982 externis,
1734 1904 1821 1970 licite
1830 1919 1941 1990 accep·

297 2000 490 2078 presumpte
501 2013 564 2057 non
579 1995 704 2074 sufficit,
730 1999 855 2058 tenetur
878 2001 984 2058 autem
1008 2011 1091 2075 saepe
1146 1987 1240 2073 tores,
1256 2009 1330 2056 nam
1343 1991 1454 2057 saltem
1467 1995 1691 2057 subordinatus
1710 1995 1867 2076 ejusmodi
1880 1996 1942 2069 Su-

298 2074 382 2148 ex'vi
397 2080 501 2162 officii,
518 2085 613 2149 etiam
627 2085 685 2146 sub
700 2082 837 2162 mortali,
861 2085 906 2146 sic
930 2103 998 2147 esse
1012 2084 1093 2147 invi·
1146 2081 1252 2162 perior
1260 2077 1409 2163 ne'qui'tte
1420 2083 1561 2163 obligare
1570 2083 1612 2145 ed
1621 2087 1840 2162 paupertatem
1850 2082 1942 2146 strie-

297 2175 358 2252 tus,
374 2192 412 2234 ne
425 2169 564 2256 alioquin
584 2168 771 2240 dissolvetur
795 2170 960 2252 disciplina
984 2173 1015 2234 et
1039 2172 1092 2234 ob-
1145 2170 1260 2232 tionem
1272 2169 1437 2250 promissa,
1453 2169 1485 2232 id
1498 2170 1556 2247 est,
1578 2170 1661 2231 ultra
1682 2169 1853 2250 Religionis
1877 2175 1939 2232 tuae

295 2249 681 2344 'serrantiepnupertatim
699 2262 730 2322 et
745 2257 847 2322 simile
869 2261 924 2332 det
944 2261 1032 2341 Lego
1048 2249 1091 2321 'de
1146 2259 1295 2332 modum3
1311 2251 1423 2335 Gustu,
1445 2275 1475 2320 n.
1497 2261 1546 2336 10,
1570 2275 1640 2340 quae
1660 2261 1767 2320 tamen
1790 2257 1941 2326 caute'in·

297 2341 550 2432 dispensetione,
581 2341 654 2423 na'm
682 2344 757 2416 licet
786 2347 865 2409 scies
891 2347 1092 2428 Superiorem
1145 2338 1316 2427 telligeuda
1335 2351 1427 2422 sunt;
1454 2343 1528 2408 nain
1549 2346 1741 2425 vix'poterit
1769 2345 1942 2424 prudenter

297 2435 379 2502 hanc
394 2435 541 2504 daturum
554 2435 579 2497 si
594 2431 729 2514 peteres,
752 2439 862 2508 ,tamen
884 2454 998 2516 pecces
1019 2455 1092 2516 ope·
1147 2435 1294 2514 praesuml
1315 2435 1441 2496 veniam
1461 2435 1575 2516 injuste
1597 2433 1706 2514 otgeri
1726 2434 1937 2514 astipulare,

297 2525 397 2608 rande
412 2517 465 2586 illa
488 2541 551 2586 non
573 2523 681 2607 petite,
709 2523 786 2585 dum
802 2523 873 2603 'peti
896 2526 1018 2603 potest;
1036 2524 1093 2586 ed·
1142 2523 1200 2608 ‘qui
1213 2523 1330 2584 hebere
1343 2517 1446 2604 potest
1459 2541 1497 2585 ex
1510 2522 1755 2586 circumstantiis
1767 2527 1939 2586 camdeno·

297 2613 393 2676 mittit
404 2605 510 2673 tamen
524 2631 556 2672 n.
574 2615 642 2689 las,
660 2611 830 2704 aliquando
850 2613 994 2672 sufficere
1014 2615 1092 2691 ptae·
1147 2607 1197 2672 bis
1209 2609 1343 2690 ignotas
1645 2612 1648 2623 '
1815 2615 1821 2622 '

297 2691 455 2786 sumptam
470 2694 586 2761 adhoc
601 2703 636 2761 ot
658 2699 811 2778 Superior
831 2699 873 2761 sit
894 2699 1010 2761 invitus
1025 2704 1091 2760 tan.
1186 2699 1264 2777 510.
1280 2699 1311 2762 Si
1326 2699 1478 2778 Superior
1489 2697 1595 2761 illicite
1615 2699 1669 2764 det
1687 2699 1859 2778 Boeotiam,
1875 2700 1939 2762 ua·
1961 2733 1997 2782 ω

296 2794 364 2854 tum
386 2786 490 2880 quoad
512 2785 662 2861 modum;
689 2805 763 2849 nem
786 2785 811 2846 si
835 2786 936 2848 adsim
954 2787 1091 2878 Principi
1146 2778 1227 2855 var„
1242 2786 1372 2863 sacch,
1386 2807 1405 2848 α
1418 2805 1450 2848 n.
1465 2785 1659 2866 tl';'Castr.,
1670 2807 1702 2869 p.
1717 2790 1768 2865 23,
1788 2807 1820 2850 n.
1842 2791 1872 2864 t,
1893 2786 1939 2850 'di-

298 2877 350 2960 qui
367 2875 512 2939 ostendet
533 2869 567 2944 se
590 2878 698 2954 optare
724 2874 950 2956 Reliquiorium
972 2893 1088 2954 meum,
1146 2878 1221 2936 cunt
1247 2872 1408 2937 subditum
1437 2875 1491 2937 illa
1513 2873 1654 2938 utentem
1669 2875 1806 2956 'peceare
1828 2879 1938 2938 contra

295 2959 470 3047 prudenter
480 2955 588 3050 judico
613 2961 814 3042 Superiorem
834 2981 897 3026 non
921 2981 988 3024 esse
1012 2963 1091 3024 invi·
1145 2951 1373 3042 paupertatem,
1391 2964 1466 3044 quia
1477 2959 1603 3026 licentia
1614 2965 1670 3026 ills
1680 2969 1728 3027 est
1739 2964 1845 3039 nulla3
1865 2963 1938 3026 liin'c
2068 3017 2069 3044 ,

296 3057 375 3130 tum,
392 3049 561 3136 nequidem
573 3047 677 3131 qrroad
687 3052 827 3129 modum,
840 3052 989 3114 utstatim
1000 3046 1087 3126 dem;
1145 3051 1253 3114 dicunt
1265 3050 1434 3129 ipsummet
1445 3049 1704 3131 Superiorem'ita'
1715 3051 1938 3131 utentempcc·
2067 3051 2069 3070 ⁴

297 3139 323 3203 si
336 3143 443 3208 temen
458 3133 608 3218 Princeps
620 3141 743 3218 optaret
766 3159 785 3202 e
808 3139 858 3201 me
873 3140 960 3221 prius
973 3140 1037 3220 peti
1051 3139 1089 3201 li·
1145 3155 1216 3201 care
1236 3145 1345 3200 contre
1370 3135 1608 3220 paupertatem
1628 3139 1823 3202 'contradicit
1840 3142 1934 3219 Lug„
2067 3139 2069 3214 ,

297 3221 447 3304 centiam,
464 3231 496 3289 et
510 3223 712 3302 nihilominus
733 3246 771 3289 ee
791 3246 853 3289 non
873 3227 971 3307 petite
984 3221 1090 3311 stetim
1144 3245 1175 3290 n.
1201 3229 1275 3305 l30,
1302 3221 1472 3308 quia'eliae
1491 3228 1634 3290 subditus
1654 3229 1756 3308 magis
1786 3230 1938 3309 peccaret
2067 3259 2068 3268 κ

297 3309 422 3392 darem,
451 3309 606 3402 Superior
635 3313 749 3377 adhuc
770 3315 833 3378 nori
862 3317 949 3394 esset
971 3307 1090 3394 ,invitus
1145 3318 1255 3377 contre
1277 3317 1506 3396 paupeitstem,
1530 3316 1559 3377 si
1576 3317 1749 3396 Superiore
1766 3316 1937 3394 mandente
2067 3303 2068 3390 i

296 3395 404 3493 quoad
422 3397 646 3490 substantium,
668 3404 722 3476 sed
745 3405 867 3466 tabtum
887 3404 991 3485 quoad
1005 3405 1090 3486 huirc
1144 3401 1311 3481 idraretu'r,
1327 3402 1577 3484 quod'qu'aulvis
1598 3403 1775 3466 dolioedent
1791 3406 1935 3483 ssabtm'p.
2067 3409 2068 3414 ’

293 3488 437 3576 modum.
463 3489 591 3570 Requiri
615 3495 721 3555 autem
744 3493 963 3570 certitudinem
984 3497 1090 3556 mora·
1144 3493 1176 3552 et
1199 3485 1318 3568 Pellin,
1343 3510 1374 3554 n.
1403 3493 1480 3568 ilo,
1506 3493 1614 3553 tomen
1642 3493 1762 3572 neg'ent
1782 3493 1938 3564 Suarset
2066 3559 2067 3564 γ

295 3576 359 3638 lem
383 3575 421 3646 de
446 3571 550 3639 futuro
575 3597 729 3654 consensu
753 3579 931 3661 Superioris
954 3581 1089 3642 diximus
1144 3577 1275 3656 Sanch„
1297 3599 1327 3640 n.
1350 3577 1460 3644 saei
1485 3579 1572 3641 dicat
1591 3579 1753 3642 subditum
1765 3577 1937 3643 murum
2065 3577 2067 3634 Ι

296 3655 345 3728 lit.
361 3665 434 3741 t,n.
449 3669 518 3728 821.
883 3669 886 3676 '
1055 3674 1059 3682 ’
1144 3665 1776 3746 sibisedldon'asterio,etideonbness'e
1794 3666 1937 3748 'proprio-

228 3791 271 3841 ,ω
337 3753 434 3836 Otjz'c.
457 3755 633 3843 consensus
653 3762 865 3836 praesumptus
887 3756 1011 3834 Domini
1036 3777 1090 3840 ex·
1142 3755 1269 3832 tarium,
1283 3755 1426 3818 similiter
1438 3753 1508 3818 dico
1530 3775 1594 3819 non
1617 3755 1799 3838 expendere
1813 3755 1936 3819 nornine

296 3846 386 3914 cusat
399 3861 419 3902 a
432 3842 527 3920 furto,
546 3845 720 3912 secundum
734 3839 817 3916 dictu
827 3845 848 3908 l.
861 3847 890 3920 3,
899 3863 933 3926 p.
947 3847 975 3924 l,
985 3866 1017 3908 n.
1030 3849 1088 3910 tos
1142 3859 1200 3904 suo
1216 3837 1273 3904 sed
1288 3844 1477 3922 Superioris,
1501 3843 1644 3925 adeoque
1658 3845 1761 3907 'etiam
1773 3855 1849 3908 'non
1868 3853 1936 3907 'csse

295 3930 424 4004 etgloaa.
449 3919 528 4016 item
552 3933 682 3996 excuset
704 3951 724 3995 e
745 3933 951 4008 restitutione,
977 3953 1089 3996 secun·
1143 3927 1407 4011 proprietarium
1425 3931 1830 3995 docetnilrilomirtosrect'e
1839 3935 1934 4012 nugo,

296 4019 372 4082 dum
386 4018 470 4082 dicta
484 4003 507 4081 i.
526 4021 557 4098 3,
569 4039 604 4100 p.
621 4021 651 4097 2,
668 4013 699 4083 nl
715 4023 793 4082 los:
819 4039 894 4101 ergo
910 4019 1054 4084 similiter
1069 4041 1089 4084 a
1143 4041 1205 4084 cc.
1222 4013 1291 4098 lSl',
1307 4028 1339 4082 et
1350 4022 1529 4086 consentire
1540 4021 1666 4096 ridetur
1684 4021 1805 4098 Pollis„
1821 4039 1853 4082 n.
1868 4023 1934 4096 tbi,

295 4105 464 4172 violatione
478 4109 685 4190 paupertatis.
701 4111 793 4188 Resp.
811 4111 847 4170 N.
861 4127 1001 4190 conseq„
1015 4109 1090 4189 quia
1144 4109 1289 4190 quamvis
1300 4109 1371 4170 talis
1382 4109 1525 4172 subditus
1548 4107 1776 4190 proprietarius
1798 4124 1863 4170 non
1886 4107 1933 4184 sit,

296 4211 368 4274 cum
380 4195 669 4280 Dominustuntum
684 4193 880 4259 attendated
894 4216 984 4258 suem
1006 4196 1089 4260 utili·
1142 4197 1553 4277 cumproprieeuctoritatc
1577 4197 1620 4268 nil
1644 4200 1777 4277 usurpet
1786 4201 1934 4278 tanquam

295 4285 413 4360 tatem,
438 4283 624 4366 regulariter
648 4285 850 4365 preesumitur
873 4283 959 4366 quod
982 4285 1088 4366 displi-
1141 4303 1246 4363 suum,
1261 4279 1399 4349 attamen
1413 4285 1505 4366 posse
1519 4290 1783 4366 peccare'contra
1802 4291 1936 4366 pauper·

295 4369 399 4432 centio
420 4370 491 4432 talis
517 4363 602 4434 mo'di
624 4390 694 4458 non
717 4374 834 4433 afferet
858 4369 1088 4452 displicentiam
1141 4368 1658 4458 tatem,sinouretii1eatstai1on
1676 4371 1827 4454 pauperis
1842 4387 1935 4454 quem

295 4476 425 4540 grauem
439 4453 543 4560 quoad
555 4458 784 4535 substantiam
811 4479 827 4522 e
846 4465 971 4540 contra,
988 4464 1089 4541 Supe-
1143 4465 1175 4524 in
1189 4481 1223 4524 se
1235 4453 1423 4548 conservare
1432 4455 1568 4527 tenetur.
1593 4459 1608 4472 “’
1851 4485 1854 4490 ·

295 4547 360 4611 rior
389 4545 562 4628 Religiosus
592 4539 686 4612 debet
715 4549 880 4611 attendere
907 4551 947 4612 ad
968 4550 1088 4612 bouum
1181 4553 1260 4632 §lt
1276 4551 1308 4614 Si
1321 4547 1472 4630 Superior
1483 4552 1537 4614 det
1548 4550 1705 4614 licentiam
1719 4549 1761 4612 ad
1785 4567 1864 4612 usus
1878 4547 1934 4611 illi·
1955 4601 1989 4649 m

296 4652 462 4696 commune
477 4635 656 4716 Religionis,
674 4635 757 4718 quod
772 4636 911 4718 graviter
923 4641 1088 4718 peteretur
1142 4641 1220 4704 citos
1243 4642 1292 4724 rel
1312 4643 1497 4726 superfluos,
1520 4643 1613 4717 Nau,
1636 4639 1767 4717 sacch„
1785 4639 1886 4701 Gtstr.
1904 4639 1935 4700 et

296 4721 321 4782 si
333 4716 450 4784 invitus
464 4721 568 4804 quoad
582 4723 677 4786 talem
690 4724 820 4786 modum
835 4743 898 4785 non
915 4727 996 4788 esset
1010 4724 1087 4788 invi·
1141 4728 1302 4807 Busemb,
1319 4747 1358 4789 ex
1369 4728 1481 4790 eadem
1494 4729 1614 4792 ratione
1628 4728 1739 4789 dieunt
1758 4731 1824 4788 tant
1840 4728 1935 4806 Supe-

295 4813 346 4871 tus
359 4807 463 4890 quoad
478 4807 693 4874 substantium.
1141 4817 1257 4881 riorem
1279 4834 1374 4900 quum
1395 4814 1556 4880 subditum
1575 4817 1620 4879 sic
1641 4815 1784 4879 utentem
1807 4816 1935 4896 psc'cere

229 4949 269 4996 Η,
335 4899 396 4978 §8-
413 4899 446 4960 Si
460 4917 511 4959 res
525 4917 564 4962 cx
577 4897 672 4990 tacite
686 4900 736 4975 vel
750 4903 941 4981 praesumpta
960 4901 1087 4965 licentia
1142 4911 1252 4969 contro
1269 4899 1507 4986 paupertatem,
1533 4923 1570 4968 ac
1591 4901 1761 4985 propterea·
1782 4899 1934 4985 ejusmodi

295 4986 335 5050 sit
350 4994 546 5068 consumpta,
562 5006 623 5052 non
640 5007 707 5054 esse
723 4987 802 5069 opus
816 4989 1016 5052 manifestere
1030 4993 1086 5053 Su·
1140 4995 1299 5057 licentiam
1314 5011 1381 5056 esse
1396 4995 1586 5069 invalidam
1601 4992 1713 5059 binc'si
1726 4989 1786 5054 'res
1800 4990 1936 5072 pretiosa

295 5075 412 5158 periuri
431 5067 554 5156 'putent
586 5079 691 5155 suen,
718 5078 848 5156 Senon,
873 5077 956 5160 quod
976 5081 1087 5142 verum
1141 5083 1298 5166 Religioso
1311 5098 1373 5145 non
1388 5083 1437 5160 sit,
1453 5098 1511 5144 nec
1525 5075 1652 5162 putetur
1663 5097 1722 5160 pro
1743 5079 1779 5142 s'e
1792 5081 1853 5142 “vel
1868 5079 1935 5141 eliis

296 5183 364 5244 esse
380 5163 456 5229 dicit
469 5165 562 5244 Lug,
579 5165 702 5227 etiamsi
718 5163 822 5229 illicite
838 5173 868 5227 et
882 5165 1000 5246 absque
1024 5167 1087 5230 ulla
1140 5170 1211 5233 usui
1225 5172 1391 5252 lutura,ut
1403 5171 1429 5232 si
1442 5163 1473 5232 et
1485 5163 1620 5236 donetur
1630 5169 1712 5249 lepis
1729 5165 1844 5242 'valens
1862 5169 1931 5230 con·

294 5251 422 5330 licentia
445 5253 528 5318 esset
550 5259 747 5342 cousumpta,
772 5253 846 5335 quie
870 5249 1012 5316 subditus
1023 5273 1086 5318 non
1138 5262 1189 5321 tre
1210 5258 1357 5320 morbum
1379 5255 1588 5337 comitialem,
1612 5255 1674 5338 (poe
1687 5255 1854 5336 'nec‘ipse
1874 5271 1933 5334 nec

295 5343 402 5404 utetur
424 5340 558 5421 emplius
580 5361 613 5404 re
635 5340 713 5428 illu,
729 5360 787 5405 neo
811 5339 961 5428 Superior
983 5348 1085 5424 potest
1140 5347 1239 5426 elius,
1265 5346 1319 5409 ubi
1341 5334 1419 5424 erit,
1443 5352 1570 5428 putetur
1596 5341 1817 5424 laboraturus,
1837 5344 1933 5414 'dccet

295 5428 429 5528 emplius
446 5429 536 5523 circe
550 5429 642 5494 illam
664 5430 848 5514 disponerc;
872 5431 898 5494 oi
920 5432 1084 5522 temensit
1136 5437 1235 5516 Less,
1249 5435 1280 5498 ie
1294 5423 1372 5499 auct.
1396 5432 1429 5502 V.
1444 5433 1607 5518 Paupertas
1625 5429 1794 5517 resipiat,
1818 5431 1928 5528 omit,
