<?xml version="1.0" encoding="UTF-8"?>
<!DOCTYPE html PUBLIC "-//W3C//DTD XHTML 1.0 Transitional//EN"
    "http://www.w3.org/TR/xhtml1/DTD/xhtml1-transitional.dtd">
<html xmlns="http://www.w3.org/1999/xhtml" xml:lang="en" lang="en">
 <head>
  <title>
</title>
<meta http-equiv="Content-Type" content="text/html;charset=utf-8" />
  <meta name='ocr-system' content='tesseract 3.04.00' />
  <meta name='ocr-capabilities' content='ocr_page ocr_carea ocr_par ocr_line ocrx_word'/>
</head>
<body>
  <div class='ocr_page' id='page_1' title='image "./theologiamorali01busegoog_0739.png"; bbox 0 0 4086 6348; ppageno 0'>
   <div class='ocr_carea' id='block_1_1' title="bbox 639 545 1246 616">
    <p class='ocr_par' dir='ltr' id='par_1_1' title="bbox 639 545 1246 616">
     <span class='ocr_line' id='line_1_1' title="bbox 639 545 1246 616; baseline -0.002 -2"><span class='ocrx_word' id='word_1_1' title='bbox 639 552 691 614; x_wconf 88' lang='lat' dir='ltr'><strong>DE</strong></span> <span class='ocrx_word' id='word_1_2' title='bbox 712 545 963 616; x_wconf 73' lang='lat' dir='ltr'><strong>masticare</strong></span> <span class='ocrx_word' id='word_1_3' title='bbox 984 549 1246 616; x_wconf 75' lang='lat' dir='ltr'><strong>chaalcoauu.</strong></span> 
     </span>
    </p>
   </div>
   <div class='ocr_carea' id='block_1_2' title="bbox 100 739 927 3486">
    <p class='ocr_par' dir='ltr' id='par_1_2' title="bbox 100 739 927 3486">
     <span class='ocr_line' id='line_1_2' title="bbox 129 739 926 824; baseline -0.005 -16"><span class='ocrx_word' id='word_1_4' title='bbox 129 741 194 822; x_wconf 64' lang='grc'><strong>91.</strong></span> <span class='ocrx_word' id='word_1_5' title='bbox 209 745 331 824; x_wconf 82' lang='lat' dir='ltr'><strong>Negant</strong></span> <span class='ocrx_word' id='word_1_6' title='bbox 346 741 467 806; x_wconf 83' lang='lat' dir='ltr'><strong>Caram.</strong></span> <span class='ocrx_word' id='word_1_7' title='bbox 484 740 618 822; x_wconf 89' lang='grc'><strong>6166661</strong></span> <span class='ocrx_word' id='word_1_8' title='bbox 633 739 686 803; x_wconf 89' lang='grc'><strong>6111</strong></span> <span class='ocrx_word' id='word_1_9' title='bbox 705 761 712 816; x_wconf 94' lang='grc'><strong>;</strong></span> <span class='ocrx_word' id='word_1_10' title='bbox 728 741 926 821; x_wconf 76' lang='grc' dir='ltr'><strong>6166616661,Ι</strong></span> 
     </span>
     <span class='ocr_line' id='line_1_3' title="bbox 129 828 923 914; baseline -0.003 -22"><span class='ocrx_word' id='word_1_11' title='bbox 129 830 310 914; x_wconf 78' lang='lat' dir='ltr'><strong><em>Supponunt</em></strong></span> <span class='ocrx_word' id='word_1_12' title='bbox 322 849 382 912; x_wconf 84' lang='lat' dir='ltr'><strong>seq.</strong></span> <span class='ocrx_word' id='word_1_13' title='bbox 400 832 428 892; x_wconf 92' lang='grc'><strong>1.</strong></span> <span class='ocrx_word' id='word_1_14' title='bbox 445 828 625 892; x_wconf 89' lang='lat' dir='ltr'><strong>Dominium</strong></span> <span class='ocrx_word' id='word_1_15' title='bbox 640 829 923 911; x_wconf 86' lang='lat' dir='ltr'><strong>essequadruplen,</strong></span> 
     </span>
     <span class='ocr_line' id='line_1_4' title="bbox 132 917 926 1002; baseline -0.005 -20"><span class='ocrx_word' id='word_1_16' title='bbox 132 917 341 1002; x_wconf 83' lang='lat' dir='ltr'><strong>Proprietatis,</strong></span> <span class='ocrx_word' id='word_1_17' title='bbox 358 919 442 999; x_wconf 91' lang='lat' dir='ltr'><strong>quod</strong></span> <span class='ocrx_word' id='word_1_18' title='bbox 452 918 548 980; x_wconf 91' lang='lat' dir='ltr'><strong>habet</strong></span> <span class='ocrx_word' id='word_1_19' title='bbox 557 921 679 995; x_wconf 89' lang='lat' dir='ltr'><strong>Petrus,</strong></span> <span class='ocrx_word' id='word_1_20' title='bbox 694 918 783 1000; x_wconf 86' lang='lat' dir='ltr'><strong>cujus</strong></span> <span class='ocrx_word' id='word_1_21' title='bbox 797 917 926 979; x_wconf 86' lang='grc'><strong>661166-</strong></span> 
     </span>
     <span class='ocr_line' id='line_1_5' title="bbox 126 1003 926 1088; baseline -0.001 -19"><span class='ocrx_word' id='word_1_22' title='bbox 126 1007 204 1070; x_wconf 90' lang='lat' dir='ltr'><strong>dus.</strong></span> <span class='ocrx_word' id='word_1_23' title='bbox 220 1003 397 1084; x_wconf 85' lang='lat' dir='ltr'><strong>Potentiale,</strong></span> <span class='ocrx_word' id='word_1_24' title='bbox 414 1007 499 1088; x_wconf 93' lang='lat' dir='ltr'><strong>quod</strong></span> <span class='ocrx_word' id='word_1_25' title='bbox 514 1007 632 1070; x_wconf 88' lang='lat' dir='ltr'><strong>habent</strong></span> <span class='ocrx_word' id='word_1_26' title='bbox 649 1025 773 1085; x_wconf 92' lang='lat' dir='ltr'><strong>omnes,</strong></span> <span class='ocrx_word' id='word_1_27' title='bbox 790 1005 843 1087; x_wconf 92' lang='lat' dir='ltr'><strong>qui</strong></span> <span class='ocrx_word' id='word_1_28' title='bbox 858 1007 926 1068; x_wconf 87' lang='lat' dir='ltr'><strong>lun·</strong></span> 
     </span>
     <span class='ocr_line' id='line_1_6' title="bbox 130 1095 923 1178; baseline -0.004 -20"><span class='ocrx_word' id='word_1_29' title='bbox 130 1095 214 1158; x_wconf 92' lang='lat' dir='ltr'><strong>dum</strong></span> <span class='ocrx_word' id='word_1_30' title='bbox 229 1096 316 1158; x_wconf 91' lang='lat' dir='ltr'><strong>illum</strong></span> <span class='ocrx_word' id='word_1_31' title='bbox 331 1097 473 1178; x_wconf 88' lang='lat' dir='ltr'><strong>accipere</strong></span> <span class='ocrx_word' id='word_1_32' title='bbox 487 1100 619 1176; x_wconf 82' lang='lat' dir='ltr'><strong>possunt</strong></span> <span class='ocrx_word' id='word_1_33' title='bbox 633 1114 690 1178; x_wconf 89' lang='lat' dir='ltr'><strong>per</strong></span> <span class='ocrx_word' id='word_1_34' title='bbox 710 1096 923 1172; x_wconf 80' lang='lat' dir='ltr'><strong>donationem,</strong></span> 
     </span>
     <span class='ocr_line' id='line_1_7' title="bbox 126 1183 926 1266; baseline -0.003 -20"><span class='ocrx_word' id='word_1_35' title='bbox 126 1183 183 1246; x_wconf 87' lang='grc'><strong>661</strong></span> <span class='ocrx_word' id='word_1_36' title='bbox 197 1184 398 1266; x_wconf 77' lang='lat' dir='ltr'><strong>emptionem,</strong></span> <span class='ocrx_word' id='word_1_37' title='bbox 416 1184 524 1265; x_wconf 91' lang='lat' dir='ltr'><strong>quales</strong></span> <span class='ocrx_word' id='word_1_38' title='bbox 538 1187 611 1245; x_wconf 91' lang='lat' dir='ltr'><strong>sunt</strong></span> <span class='ocrx_word' id='word_1_39' title='bbox 620 1183 790 1264; x_wconf 79' lang='lat' dir='ltr'><strong>Principes,</strong></span> <span class='ocrx_word' id='word_1_40' title='bbox 803 1203 840 1246; x_wconf 90' lang='grc'><strong>66</strong></span> <span class='ocrx_word' id='word_1_41' title='bbox 850 1201 926 1245; x_wconf 90' lang='grc'><strong>666-</strong></span> 
     </span>
     <span class='ocr_line' id='line_1_8' title="bbox 129 1270 927 1355; baseline -0.006 -18"><span class='ocrx_word' id='word_1_42' title='bbox 129 1271 601 1355; x_wconf 63' lang='grc'><strong>6166666661.,16616116166616</strong></span> <span class='ocrx_word' id='word_1_43' title='bbox 619 1273 704 1355; x_wconf 88' lang='lat' dir='ltr'><strong>quod</strong></span> <span class='ocrx_word' id='word_1_44' title='bbox 725 1270 820 1336; x_wconf 87' lang='lat' dir='ltr'><strong>habet</strong></span> <span class='ocrx_word' id='word_1_45' title='bbox 837 1273 927 1335; x_wconf 89' lang='lat' dir='ltr'><strong>Prin-</strong></span> 
     </span>
     <span class='ocr_line' id='line_1_9' title="bbox 129 1361 925 1446; baseline -0.006 -19"><span class='ocrx_word' id='word_1_46' title='bbox 129 1381 220 1446; x_wconf 89' lang='lat' dir='ltr'><strong>ceps,</strong></span> <span class='ocrx_word' id='word_1_47' title='bbox 236 1363 268 1423; x_wconf 91' lang='lat' dir='ltr'><strong>in</strong></span> <span class='ocrx_word' id='word_1_48' title='bbox 284 1366 436 1446; x_wconf 85' lang='lat' dir='ltr'><strong>quantum</strong></span> <span class='ocrx_word' id='word_1_49' title='bbox 450 1365 565 1442; x_wconf 77' lang='lat' dir='ltr'><strong>praest</strong></span> <span class='ocrx_word' id='word_1_50' title='bbox 578 1361 798 1440; x_wconf 84' lang='lat' dir='ltr'><strong>gubernationi</strong></span> <span class='ocrx_word' id='word_1_51' title='bbox 813 1380 870 1442; x_wconf 90' lang='grc'><strong>666</strong></span> <span class='ocrx_word' id='word_1_52' title='bbox 883 1361 925 1422; x_wconf 92' lang='lat' dir='ltr'><strong>le-</strong></span> 
     </span>
     <span class='ocr_line' id='line_1_10' title="bbox 100 1449 926 1532; baseline -0.002 -19"><span class='ocrx_word' id='word_1_53' title='bbox 100 1484 103 1490; x_wconf 94' lang='lat'><em>·</em></span> <span class='ocrx_word' id='word_1_54' title='bbox 128 1471 204 1532; x_wconf 80' lang='lat' dir='ltr'><strong>ges.</strong></span> <span class='ocrx_word' id='word_1_55' title='bbox 220 1449 376 1514; x_wconf 74' lang='lat' dir='ltr'><strong>Polaticum</strong></span> <span class='ocrx_word' id='word_1_56' title='bbox 389 1451 454 1512; x_wconf 91' lang='lat' dir='ltr'><strong>sive</strong></span> <span class='ocrx_word' id='word_1_57' title='bbox 467 1449 759 1528; x_wconf 82' lang='lat' dir='ltr'><strong>extraordinarium,</strong></span> <span class='ocrx_word' id='word_1_58' title='bbox 777 1451 861 1532; x_wconf 91' lang='lat' dir='ltr'><strong>quod</strong></span> <span class='ocrx_word' id='word_1_59' title='bbox 871 1452 926 1512; x_wconf 86' lang='lat' dir='ltr'><strong>ha·</strong></span> 
     </span>
     <span class='ocr_line' id='line_1_11' title="bbox 131 1539 926 1620; baseline -0.003 -18"><span class='ocrx_word' id='word_1_60' title='bbox 131 1541 190 1602; x_wconf 87' lang='lat' dir='ltr'><strong>bet</strong></span> <span class='ocrx_word' id='word_1_61' title='bbox 203 1541 298 1603; x_wconf 88' lang='lat' dir='ltr'><strong>etiam</strong></span> <span class='ocrx_word' id='word_1_62' title='bbox 312 1539 472 1619; x_wconf 78' lang='lat' dir='ltr'><strong>Princeps,</strong></span> <span class='ocrx_word' id='word_1_63' title='bbox 487 1539 519 1600; x_wconf 94' lang='lat' dir='ltr'><strong>in</strong></span> <span class='ocrx_word' id='word_1_64' title='bbox 534 1543 686 1620; x_wconf 93' lang='lat' dir='ltr'><strong>quantum</strong></span> <span class='ocrx_word' id='word_1_65' title='bbox 700 1539 854 1620; x_wconf 85' lang='lat' dir='ltr'><strong>habetjus</strong></span> <span class='ocrx_word' id='word_1_66' title='bbox 863 1539 926 1601; x_wconf 93' lang='lat' dir='ltr'><strong>dis-</strong></span> 
     </span>
     <span class='ocr_line' id='line_1_12' title="bbox 131 1625 927 1712; baseline -0.005 -21"><span class='ocrx_word' id='word_1_67' title='bbox 131 1627 272 1712; x_wconf 85' lang='lat' dir='ltr'><strong>ponendi</strong></span> <span class='ocrx_word' id='word_1_68' title='bbox 286 1629 326 1689; x_wconf 89' lang='grc'><strong>16</strong></span> <span class='ocrx_word' id='word_1_69' title='bbox 340 1627 433 1690; x_wconf 89' lang='lat' dir='ltr'><strong>rebus</strong></span> <span class='ocrx_word' id='word_1_70' title='bbox 446 1627 587 1708; x_wconf 85' lang='lat' dir='ltr'><strong>privatis,</strong></span> <span class='ocrx_word' id='word_1_71' title='bbox 605 1627 730 1708; x_wconf 89' lang='lat' dir='ltr'><strong>quando</strong></span> <span class='ocrx_word' id='word_1_72' title='bbox 742 1628 788 1689; x_wconf 89' lang='lat' dir='ltr'><strong>ita</strong></span> <span class='ocrx_word' id='word_1_73' title='bbox 802 1625 927 1706; x_wconf 81' lang='lat' dir='ltr'><strong>expedit</strong></span> 
     </span>
     <span class='ocr_line' id='line_1_13' title="bbox 132 1713 926 1780; baseline -0.008 0"><span class='ocrx_word' id='word_1_74' title='bbox 132 1717 176 1780; x_wconf 85' lang='grc'><strong>61</strong></span> <span class='ocrx_word' id='word_1_75' title='bbox 198 1717 316 1780; x_wconf 88' lang='lat' dir='ltr'><strong>bouum</strong></span> <span class='ocrx_word' id='word_1_76' title='bbox 338 1733 514 1778; x_wconf 89' lang='lat' dir='ltr'><strong>commune.</strong></span> <span class='ocrx_word' id='word_1_77' title='bbox 540 1719 570 1778; x_wconf 90' lang='grc'><strong>1.</strong></span> <span class='ocrx_word' id='word_1_78' title='bbox 587 1715 675 1776; x_wconf 90' lang='grc' dir='ltr'><strong>Β666</strong></span> <span class='ocrx_word' id='word_1_79' title='bbox 689 1719 764 1778; x_wconf 89' lang='grc'><strong>1666</strong></span> <span class='ocrx_word' id='word_1_80' title='bbox 778 1713 926 1776; x_wconf 90' lang='grc'><strong>11666166</strong></span> 
     </span>
     <span class='ocr_line' id='line_1_14' title="bbox 130 1802 926 1881; baseline -0.01 -11"><span class='ocrx_word' id='word_1_81' title='bbox 130 1806 293 1870; x_wconf 86' lang='grc'><strong>66166616</strong></span> <span class='ocrx_word' id='word_1_82' title='bbox 307 1822 437 1866; x_wconf 90' lang='lat' dir='ltr'><strong>manum</strong></span> <span class='ocrx_word' id='word_1_83' title='bbox 449 1808 617 1881; x_wconf 87' lang='lat' dir='ltr'><strong>mortnam,</strong></span> <span class='ocrx_word' id='word_1_84' title='bbox 633 1803 660 1864; x_wconf 91' lang='lat' dir='ltr'><strong>si</strong></span> <span class='ocrx_word' id='word_1_85' title='bbox 678 1802 801 1864; x_wconf 87' lang='grc'><strong>1166116</strong></span> <span class='ocrx_word' id='word_1_86' title='bbox 820 1805 926 1881; x_wconf 89' lang='grc'><strong>66616-</strong></span> 
     </span>
     <span class='ocr_line' id='line_1_15' title="bbox 135 1889 925 1970; baseline -0.011 -12"><span class='ocrx_word' id='word_1_87' title='bbox 135 1911 210 1958; x_wconf 86' lang='lat' dir='ltr'><strong>rum</strong></span> <span class='ocrx_word' id='word_1_88' title='bbox 223 1893 444 1970; x_wconf 86' lang='lat' dir='ltr'><strong>inalienabilia,</strong></span> <span class='ocrx_word' id='word_1_89' title='bbox 462 1898 493 1955; x_wconf 88' lang='lat' dir='ltr'><strong>ct</strong></span> <span class='ocrx_word' id='word_1_90' title='bbox 507 1911 545 1953; x_wconf 81' lang='lat' dir='ltr'><strong>ex</strong></span> <span class='ocrx_word' id='word_1_91' title='bbox 558 1891 611 1953; x_wconf 89' lang='lat' dir='ltr'><strong>illa</strong></span> <span class='ocrx_word' id='word_1_92' title='bbox 629 1909 725 1953; x_wconf 87' lang='lat' dir='ltr'><strong>manu</strong></span> <span class='ocrx_word' id='word_1_93' title='bbox 743 1889 846 1951; x_wconf 88' lang='lat' dir='ltr'><strong>redire</strong></span> <span class='ocrx_word' id='word_1_94' title='bbox 862 1907 925 1950; x_wconf 92' lang='lat' dir='ltr'><strong>uon</strong></span> 
     </span>
     <span class='ocr_line' id='line_1_16' title="bbox 130 1975 923 2066; baseline -0.009 -21"><span class='ocrx_word' id='word_1_95' title='bbox 130 1983 271 2066; x_wconf 90' lang='lat' dir='ltr'><strong>possint;</strong></span> <span class='ocrx_word' id='word_1_96' title='bbox 288 1981 361 2043; x_wconf 88' lang='lat' dir='ltr'><strong>hinc</strong></span> <span class='ocrx_word' id='word_1_97' title='bbox 384 1979 577 2042; x_wconf 82' lang='lat' dir='ltr'><strong>amortisatio</strong></span> <span class='ocrx_word' id='word_1_98' title='bbox 595 1979 750 2041; x_wconf 88' lang='lat' dir='ltr'><strong>bonorum</strong></span> <span class='ocrx_word' id='word_1_99' title='bbox 769 1975 923 2055; x_wconf 77' lang='lat' dir='ltr'><strong>actualia,</strong></span> 
     </span>
     <span class='ocr_line' id='line_1_17' title="bbox 134 2067 925 2152; baseline -0.008 -20"><span class='ocrx_word' id='word_1_100' title='bbox 134 2087 302 2152; x_wconf 86' lang='lat' dir='ltr'><strong>perquam</strong></span> <span class='ocrx_word' id='word_1_101' title='bbox 316 2069 400 2131; x_wconf 92' lang='lat' dir='ltr'><strong>bona</strong></span> <span class='ocrx_word' id='word_1_102' title='bbox 414 2067 559 2131; x_wconf 88' lang='lat' dir='ltr'><strong>cadentia</strong></span> <span class='ocrx_word' id='word_1_103' title='bbox 573 2068 605 2128; x_wconf 92' lang='lat' dir='ltr'><strong>in</strong></span> <span class='ocrx_word' id='word_1_104' title='bbox 625 2084 754 2129; x_wconf 88' lang='lat' dir='ltr'><strong>manum</strong></span> <span class='ocrx_word' id='word_1_105' title='bbox 768 2069 925 2130; x_wconf 87' lang='lat' dir='ltr'><strong>mortuam</strong></span> 
     </span>
     <span class='ocr_line' id='line_1_18' title="bbox 129 2154 925 2234; baseline -0.01 -12"><span class='ocrx_word' id='word_1_106' title='bbox 129 2161 213 2222; x_wconf 89' lang='lat' dir='ltr'><strong>fiunt</strong></span> <span class='ocrx_word' id='word_1_107' title='bbox 235 2157 456 2220; x_wconf 77' lang='lat' dir='ltr'><strong>inalterabilis.</strong></span> <span class='ocrx_word' id='word_1_108' title='bbox 482 2163 511 2222; x_wconf 89' lang='lat'><strong>3.</strong></span> <span class='ocrx_word' id='word_1_109' title='bbox 537 2159 582 2218; x_wconf 91' lang='lat' dir='ltr'><strong>De</strong></span> <span class='ocrx_word' id='word_1_110' title='bbox 604 2174 757 2217; x_wconf 89' lang='lat' dir='ltr'><strong>consensu</strong></span> <span class='ocrx_word' id='word_1_111' title='bbox 772 2154 925 2234; x_wconf 88' lang='lat' dir='ltr'><strong>Principis</strong></span> 
     </span>
     <span class='ocr_line' id='line_1_19' title="bbox 130 2243 924 2325; baseline -0.011 -13"><span class='ocrx_word' id='word_1_112' title='bbox 130 2247 250 2312; x_wconf 89' lang='lat' dir='ltr'><strong>utentis</strong></span> <span class='ocrx_word' id='word_1_113' title='bbox 272 2245 410 2307; x_wconf 92' lang='lat' dir='ltr'><strong>dominio</strong></span> <span class='ocrx_word' id='word_1_114' title='bbox 432 2246 557 2325; x_wconf 88' lang='lat' dir='ltr'><strong>politico</strong></span> <span class='ocrx_word' id='word_1_115' title='bbox 585 2247 716 2324; x_wconf 87' lang='lat' dir='ltr'><strong>possunt</strong></span> <span class='ocrx_word' id='word_1_116' title='bbox 745 2244 831 2305; x_wconf 89' lang='lat' dir='ltr'><strong>bona</strong></span> <span class='ocrx_word' id='word_1_117' title='bbox 856 2243 924 2303; x_wconf 83' lang='lat' dir='ltr'><strong>fieri</strong></span> 
     </span>
     <span class='ocr_line' id='line_1_20' title="bbox 129 2331 924 2414; baseline -0.009 -15"><span class='ocrx_word' id='word_1_118' title='bbox 129 2334 357 2412; x_wconf 83' lang='lat' dir='ltr'><strong>inalienabilia,</strong></span> <span class='ocrx_word' id='word_1_119' title='bbox 377 2337 409 2397; x_wconf 90' lang='lat' dir='ltr'><strong>et</strong></span> <span class='ocrx_word' id='word_1_120' title='bbox 428 2334 636 2409; x_wconf 87' lang='lat' dir='ltr'><strong>amortissata,</strong></span> <span class='ocrx_word' id='word_1_121' title='bbox 654 2332 797 2414; x_wconf 88' lang='lat' dir='ltr'><strong>quamvis</strong></span> <span class='ocrx_word' id='word_1_122' title='bbox 811 2331 924 2410; x_wconf 89' lang='lat' dir='ltr'><strong>privati</strong></span> 
     </span>
     <span class='ocr_line' id='line_1_21' title="bbox 128 2421 925 2510; baseline -0.01 -21"><span class='ocrx_word' id='word_1_123' title='bbox 128 2446 190 2510; x_wconf 91' lang='lat' dir='ltr'><strong>per</strong></span> <span class='ocrx_word' id='word_1_124' title='bbox 201 2427 262 2488; x_wconf 91' lang='lat' dir='ltr'><strong>hoc</strong></span> <span class='ocrx_word' id='word_1_125' title='bbox 276 2424 439 2508; x_wconf 87' lang='lat' dir='ltr'><strong>priventur</strong></span> <span class='ocrx_word' id='word_1_126' title='bbox 453 2423 592 2486; x_wconf 92' lang='lat' dir='ltr'><strong>dominio</strong></span> <span class='ocrx_word' id='word_1_127' title='bbox 606 2421 778 2504; x_wconf 89' lang='lat' dir='ltr'><strong>potentiali.</strong></span> <span class='ocrx_word' id='word_1_128' title='bbox 791 2422 844 2482; x_wconf 88' lang='lat' dir='ltr'><strong>llis</strong></span> <span class='ocrx_word' id='word_1_129' title='bbox 854 2439 925 2505; x_wconf 88' lang='lat' dir='ltr'><strong>sup·</strong></span> 
     </span>
     <span class='ocr_line' id='line_1_22' title="bbox 158 2515 247 2578; baseline -0.045 0"><span class='ocrx_word' id='word_1_130' title='bbox 158 2515 247 2578; x_wconf 89' lang='lat' dir='ltr'><strong>ositis</strong></span> 
     </span>
     <span class='ocr_line' id='line_1_23' title="bbox 133 2536 924 2686; baseline -0.011 -19"><span class='ocrx_word' id='word_1_131' title='bbox 133 2536 319 2666; x_wconf 46' lang='grc' dir='ltr'><strong>Ιὶ81661661</strong></span> <span class='ocrx_word' id='word_1_132' title='bbox 337 2621 415 2686; x_wconf 84' lang='lat' dir='ltr'><strong>seqq.</strong></span> <span class='ocrx_word' id='word_1_133' title='bbox 438 2605 467 2662; x_wconf 94' lang='grc'><strong>1.</strong></span> <span class='ocrx_word' id='word_1_134' title='bbox 494 2601 612 2664; x_wconf 89' lang='lat' dir='ltr'><strong>Standc</strong></span> <span class='ocrx_word' id='word_1_135' title='bbox 636 2599 700 2682; x_wconf 86' lang='lat' dir='ltr'><strong>juri</strong></span> <span class='ocrx_word' id='word_1_136' title='bbox 724 2603 844 2682; x_wconf 80' lang='lat' dir='ltr'><strong>naturae</strong></span> <span class='ocrx_word' id='word_1_137' title='bbox 859 2615 924 2659; x_wconf 91' lang='lat' dir='ltr'><strong>nou</strong></span> 
     </span>
     <span class='ocr_line' id='line_1_24' title="bbox 129 2685 923 2778; baseline -0.014 -21"><span class='ocrx_word' id='word_1_138' title='bbox 129 2695 237 2778; x_wconf 88' lang='grc'><strong>661661</strong></span> <span class='ocrx_word' id='word_1_139' title='bbox 260 2691 376 2753; x_wconf 89' lang='grc'><strong>166166</strong></span> <span class='ocrx_word' id='word_1_140' title='bbox 400 2689 557 2753; x_wconf 75' lang='lat' dir='ltr'><strong>saecularis</strong></span> <span class='ocrx_word' id='word_1_141' title='bbox 581 2689 648 2750; x_wconf 86' lang='lat' dir='ltr'><strong>fieri</strong></span> <span class='ocrx_word' id='word_1_142' title='bbox 669 2685 923 2760; x_wconf 85' lang='lat' dir='ltr'><strong>Ecclesiasticus;</strong></span> 
     </span>
     <span class='ocr_line' id='line_1_25' title="bbox 128 2774 925 2862; baseline -0.013 -17"><span class='ocrx_word' id='word_1_143' title='bbox 128 2781 289 2845; x_wconf 87' lang='lat' dir='ltr'><strong>rationem</strong></span> <span class='ocrx_word' id='word_1_144' title='bbox 315 2780 401 2856; x_wconf 89' lang='grc'><strong>1661,</strong></span> <span class='ocrx_word' id='word_1_145' title='bbox 430 2781 504 2862; x_wconf 89' lang='lat' dir='ltr'><strong>quia</strong></span> <span class='ocrx_word' id='word_1_146' title='bbox 528 2783 639 2842; x_wconf 86' lang='lat' dir='ltr'><strong>Petrus</strong></span> <span class='ocrx_word' id='word_1_147' title='bbox 657 2795 719 2839; x_wconf 91' lang='lat' dir='ltr'><strong>non</strong></span> <span class='ocrx_word' id='word_1_148' title='bbox 733 2779 836 2857; x_wconf 89' lang='grc'><strong>661661</strong></span> <span class='ocrx_word' id='word_1_149' title='bbox 849 2774 925 2836; x_wconf 90' lang='lat' dir='ltr'><strong>dare</strong></span> 
     </span>
     <span class='ocr_line' id='line_1_26' title="bbox 129 2865 925 2950; baseline -0.014 -16"><span class='ocrx_word' id='word_1_150' title='bbox 129 2869 293 2946; x_wconf 80' lang='lat' dir='ltr'><strong>Ecclesia,</strong></span> <span class='ocrx_word' id='word_1_151' title='bbox 309 2868 360 2930; x_wconf 87' lang='lat' dir='ltr'><strong>rel</strong></span> <span class='ocrx_word' id='word_1_152' title='bbox 374 2868 548 2950; x_wconf 91' lang='lat' dir='ltr'><strong>cuicunque</strong></span> <span class='ocrx_word' id='word_1_153' title='bbox 563 2868 664 2946; x_wconf 87' lang='lat' dir='ltr'><strong>alteri,</strong></span> <span class='ocrx_word' id='word_1_154' title='bbox 681 2865 739 2928; x_wconf 91' lang='lat' dir='ltr'><strong>nisi</strong></span> <span class='ocrx_word' id='word_1_155' title='bbox 750 2865 925 2927; x_wconf 89' lang='lat' dir='ltr'><strong>dominium</strong></span> 
     </span>
     <span class='ocr_line' id='line_1_27' title="bbox 130 2953 926 3040; baseline -0.006 -19"><span class='ocrx_word' id='word_1_156' title='bbox 130 2957 346 3040; x_wconf 81' lang='lat' dir='ltr'><strong>proprietatis,</strong></span> <span class='ocrx_word' id='word_1_157' title='bbox 371 2955 432 3017; x_wconf 91' lang='lat' dir='ltr'><strong>hoc</strong></span> <span class='ocrx_word' id='word_1_158' title='bbox 453 2955 537 3017; x_wconf 89' lang='lat' dir='ltr'><strong>enim</strong></span> <span class='ocrx_word' id='word_1_159' title='bbox 555 2956 657 3016; x_wconf 91' lang='lat' dir='ltr'><strong>solum</strong></span> <span class='ocrx_word' id='word_1_160' title='bbox 672 2957 719 3016; x_wconf 90' lang='lat' dir='ltr'><strong>ast</strong></span> <span class='ocrx_word' id='word_1_161' title='bbox 733 2954 830 3034; x_wconf 89' lang='lat' dir='ltr'><strong>ipsius</strong></span> <span class='ocrx_word' id='word_1_162' title='bbox 847 2973 854 3014; x_wconf 91' lang='lat'><strong>:</strong></span> <span class='ocrx_word' id='word_1_163' title='bbox 871 2953 926 3016; x_wconf 93' lang='lat' dir='ltr'><strong>do·</strong></span> 
     </span>
     <span class='ocr_line' id='line_1_28' title="bbox 129 3043 926 3126; baseline -0.01 -14"><span class='ocrx_word' id='word_1_164' title='bbox 129 3047 267 3112; x_wconf 90' lang='lat' dir='ltr'><strong>minium</strong></span> <span class='ocrx_word' id='word_1_165' title='bbox 290 3049 395 3108; x_wconf 90' lang='lat' dir='ltr'><strong>autem</strong></span> <span class='ocrx_word' id='word_1_166' title='bbox 419 3045 600 3125; x_wconf 80' lang='lat' dir='ltr'><strong>potentiale,</strong></span> <span class='ocrx_word' id='word_1_167' title='bbox 624 3043 863 3126; x_wconf 83' lang='lat' dir='ltr'><strong>jurisdictionis,</strong></span> <span class='ocrx_word' id='word_1_168' title='bbox 895 3045 926 3104; x_wconf 91' lang='lat' dir='ltr'><strong>et</strong></span> 
     </span>
     <span class='ocr_line' id='line_1_29' title="bbox 129 3129 923 3218; baseline -0.011 -20"><span class='ocrx_word' id='word_1_169' title='bbox 129 3135 308 3218; x_wconf 89' lang='lat' dir='ltr'><strong>politicum,</strong></span> <span class='ocrx_word' id='word_1_170' title='bbox 334 3131 448 3214; x_wconf 88' lang='lat' dir='ltr'><strong>quibus</strong></span> <span class='ocrx_word' id='word_1_171' title='bbox 474 3132 702 3194; x_wconf 81' lang='lat' dir='ltr'><strong>subduceretur</strong></span> <span class='ocrx_word' id='word_1_172' title='bbox 722 3129 923 3205; x_wconf 78' lang='grc'><strong>1116166166,</strong></span> 
     </span>
     <span class='ocr_line' id='line_1_30' title="bbox 129 3216 925 3298; baseline -0.011 -10"><span class='ocrx_word' id='word_1_173' title='bbox 129 3227 158 3288; x_wconf 89' lang='grc'><strong>61</strong></span> <span class='ocrx_word' id='word_1_174' title='bbox 174 3226 265 3286; x_wconf 83' lang='lat' dir='ltr'><strong>fieret</strong></span> <span class='ocrx_word' id='word_1_175' title='bbox 277 3220 525 3298; x_wconf 81' lang='lat' dir='ltr'><strong>Ecclesiasticus,</strong></span> <span class='ocrx_word' id='word_1_176' title='bbox 542 3239 605 3284; x_wconf 92' lang='lat' dir='ltr'><strong>non</strong></span> <span class='ocrx_word' id='word_1_177' title='bbox 624 3225 671 3283; x_wconf 90' lang='lat' dir='ltr'><strong>est</strong></span> <span class='ocrx_word' id='word_1_178' title='bbox 684 3221 779 3297; x_wconf 88' lang='lat' dir='ltr'><strong>Petri,</strong></span> <span class='ocrx_word' id='word_1_179' title='bbox 801 3219 858 3280; x_wconf 90' lang='grc'><strong>661</strong></span> <span class='ocrx_word' id='word_1_180' title='bbox 875 3216 925 3279; x_wconf 91' lang='grc'><strong>661</strong></span> 
     </span>
     <span class='ocr_line' id='line_1_31' title="bbox 130 3309 925 3396; baseline -0.01 -22"><span class='ocrx_word' id='word_1_181' title='bbox 130 3313 341 3395; x_wconf 86' lang='lat' dir='ltr'><strong>privatorum,</strong></span> <span class='ocrx_word' id='word_1_182' title='bbox 365 3311 416 3371; x_wconf 87' lang='lat' dir='ltr'><strong>vel</strong></span> <span class='ocrx_word' id='word_1_183' title='bbox 439 3309 591 3396; x_wconf 85' lang='lat' dir='ltr'><strong>Principis</strong></span> <span class='ocrx_word' id='word_1_184' title='bbox 608 3330 616 3371; x_wconf 76' lang='grc' dir='ltr'><strong>ε</strong></span> <span class='ocrx_word' id='word_1_185' title='bbox 642 3327 717 3388; x_wconf 81' lang='lat' dir='ltr'><strong>ergo</strong></span> <span class='ocrx_word' id='word_1_186' title='bbox 737 3311 848 3371; x_wconf 89' lang='lat' dir='ltr'><strong>Petrus</strong></span> <span class='ocrx_word' id='word_1_187' title='bbox 863 3323 925 3368; x_wconf 90' lang='grc'><strong>666</strong></span> 
     </span>
     <span class='ocr_line' id='line_1_32' title="bbox 129 3395 925 3486; baseline -0.014 -21"><span class='ocrx_word' id='word_1_188' title='bbox 129 3403 239 3486; x_wconf 85' lang='grc'><strong>661661</strong></span> <span class='ocrx_word' id='word_1_189' title='bbox 258 3399 334 3464; x_wconf 90' lang='grc'><strong>11161</strong></span> <span class='ocrx_word' id='word_1_190' title='bbox 357 3399 424 3461; x_wconf 90' lang='grc'><strong>6166</strong></span> <span class='ocrx_word' id='word_1_191' title='bbox 444 3398 570 3462; x_wconf 88' lang='lat' dir='ltr'><strong>licentia</strong></span> <span class='ocrx_word' id='word_1_192' title='bbox 583 3397 736 3477; x_wconf 91' lang='lat' dir='ltr'><strong>Principis</strong></span> <span class='ocrx_word' id='word_1_193' title='bbox 756 3395 925 3459; x_wconf 84' lang='lat' dir='ltr'><strong>transferre</strong></span> 
     </span>
    </p>
   </div>
   <div class='ocr_carea' id='block_1_3' title="bbox 125 3490 927 5174">
    <p class='ocr_par' dir='ltr' id='par_1_3' title="bbox 125 3490 927 5174">
     <span class='ocr_line' id='line_1_33' title="bbox 129 3490 925 3574; baseline -0.01 -13"><span class='ocrx_word' id='word_1_194' title='bbox 129 3501 166 3561; x_wconf 90' lang='lat' dir='ltr'><strong>in</strong></span> <span class='ocrx_word' id='word_1_195' title='bbox 192 3496 376 3561; x_wconf 84' lang='lat' dir='ltr'><strong>Ecclesiam.</strong></span> <span class='ocrx_word' id='word_1_196' title='bbox 402 3499 431 3556; x_wconf 89' lang='grc'><strong>1.</strong></span> <span class='ocrx_word' id='word_1_197' title='bbox 456 3497 519 3558; x_wconf 89' lang='lat' dir='ltr'><strong>Nec</strong></span> <span class='ocrx_word' id='word_1_198' title='bbox 542 3495 575 3556; x_wconf 94' lang='lat' dir='ltr'><strong>id</strong></span> <span class='ocrx_word' id='word_1_199' title='bbox 598 3495 665 3557; x_wconf 88' lang='grc'><strong>11661</strong></span> <span class='ocrx_word' id='word_1_200' title='bbox 688 3493 795 3574; x_wconf 87' lang='grc'><strong>661161</strong></span> <span class='ocrx_word' id='word_1_201' title='bbox 812 3490 925 3555; x_wconf 88' lang='grc'><strong>616616</strong></span> 
     </span>
     <span class='ocr_line' id='line_1_34' title="bbox 126 3583 927 3672; baseline -0.011 -23"><span class='ocrx_word' id='word_1_202' title='bbox 126 3586 195 3672; x_wconf 92' lang='lat' dir='ltr'><strong>juri</strong></span> <span class='ocrx_word' id='word_1_203' title='bbox 218 3584 446 3661; x_wconf 77' lang='lat' dir='ltr'><strong>Ecclesiastico,</strong></span> <span class='ocrx_word' id='word_1_204' title='bbox 470 3583 544 3666; x_wconf 88' lang='lat' dir='ltr'><strong>quia</strong></span> <span class='ocrx_word' id='word_1_205' title='bbox 569 3601 627 3663; x_wconf 88' lang='lat' dir='ltr'><strong>per</strong></span> <span class='ocrx_word' id='word_1_206' title='bbox 648 3584 803 3659; x_wconf 76' lang='lat' dir='ltr'><strong>canones,</strong></span> <span class='ocrx_word' id='word_1_207' title='bbox 820 3585 852 3642; x_wconf 89' lang='lat' dir='ltr'><strong>et</strong></span> <span class='ocrx_word' id='word_1_208' title='bbox 869 3599 927 3660; x_wconf 90' lang='lat' dir='ltr'><strong>per</strong></span> 
     </span>
     <span class='ocr_line' id='line_1_35' title="bbox 131 3669 926 3754; baseline -0.013 -15"><span class='ocrx_word' id='word_1_209' title='bbox 131 3691 262 3739; x_wconf 91' lang='lat' dir='ltr'><strong>omnem</strong></span> <span class='ocrx_word' id='word_1_210' title='bbox 285 3676 473 3754; x_wconf 83' lang='lat' dir='ltr'><strong>potestatem</strong></span> <span class='ocrx_word' id='word_1_211' title='bbox 494 3671 642 3733; x_wconf 86' lang='lat' dir='ltr'><strong>Ecclesiae</strong></span> <span class='ocrx_word' id='word_1_212' title='bbox 661 3689 724 3734; x_wconf 92' lang='lat' dir='ltr'><strong>nou</strong></span> <span class='ocrx_word' id='word_1_213' title='bbox 745 3674 792 3732; x_wconf 90' lang='grc'><strong>661</strong></span> <span class='ocrx_word' id='word_1_214' title='bbox 806 3669 926 3731; x_wconf 87' lang='lat' dir='ltr'><strong>licitum</strong></span> 
     </span>
     <span class='ocr_line' id='line_1_36' title="bbox 130 3757 926 3844; baseline -0.009 -17"><span class='ocrx_word' id='word_1_215' title='bbox 130 3781 247 3844; x_wconf 89' lang='lat' dir='ltr'><strong>rapere</strong></span> <span class='ocrx_word' id='word_1_216' title='bbox 262 3761 353 3823; x_wconf 90' lang='lat' dir='ltr'><strong>alicui</strong></span> <span class='ocrx_word' id='word_1_217' title='bbox 368 3779 425 3822; x_wconf 91' lang='lat' dir='ltr'><strong>sua</strong></span> <span class='ocrx_word' id='word_1_218' title='bbox 440 3765 471 3824; x_wconf 89' lang='lat' dir='ltr'><strong>et</strong></span> <span class='ocrx_word' id='word_1_219' title='bbox 485 3761 562 3822; x_wconf 87' lang='lat' dir='ltr'><strong>dare</strong></span> <span class='ocrx_word' id='word_1_220' title='bbox 573 3760 731 3824; x_wconf 78' lang='lat' dir='ltr'><strong>Ecclesia.</strong></span> <span class='ocrx_word' id='word_1_221' title='bbox 748 3761 778 3822; x_wconf 86' lang='lat'><strong>3.</strong></span> <span class='ocrx_word' id='word_1_222' title='bbox 805 3757 926 3821; x_wconf 79' lang='lat' dir='ltr'><strong>Sufficit</strong></span> 
     </span>
     <span class='ocr_line' id='line_1_37' title="bbox 129 3847 927 3932; baseline -0.01 -17"><span class='ocrx_word' id='word_1_223' title='bbox 129 3849 288 3932; x_wconf 89' lang='lat' dir='ltr'><strong>Principis</strong></span> <span class='ocrx_word' id='word_1_224' title='bbox 301 3847 427 3910; x_wconf 90' lang='lat' dir='ltr'><strong>licentia</strong></span> <span class='ocrx_word' id='word_1_225' title='bbox 441 3849 516 3911; x_wconf 91' lang='lat' dir='ltr'><strong>olim</strong></span> <span class='ocrx_word' id='word_1_226' title='bbox 531 3866 690 3926; x_wconf 89' lang='lat' dir='ltr'><strong>concessa,</strong></span> <span class='ocrx_word' id='word_1_227' title='bbox 707 3847 733 3909; x_wconf 91' lang='lat' dir='ltr'><strong>si</strong></span> <span class='ocrx_word' id='word_1_228' title='bbox 748 3847 863 3910; x_wconf 89' lang='lat' dir='ltr'><strong>nonsit</strong></span> <span class='ocrx_word' id='word_1_229' title='bbox 877 3863 927 3907; x_wconf 92' lang='lat' dir='ltr'><strong>re-</strong></span> 
     </span>
     <span class='ocr_line' id='line_1_38' title="bbox 130 3934 927 4016; baseline -0.01 -13"><span class='ocrx_word' id='word_1_230' title='bbox 130 3943 258 4016; x_wconf 91' lang='lat' dir='ltr'><strong>vocata,</strong></span> <span class='ocrx_word' id='word_1_231' title='bbox 273 3944 327 3999; x_wconf 92' lang='lat' dir='ltr'><strong>aut</strong></span> <span class='ocrx_word' id='word_1_232' title='bbox 338 3937 500 3999; x_wconf 89' lang='lat' dir='ltr'><strong>moraliter</strong></span> <span class='ocrx_word' id='word_1_233' title='bbox 514 3955 581 4000; x_wconf 87' lang='lat' dir='ltr'><strong>esse</strong></span> <span class='ocrx_word' id='word_1_234' title='bbox 596 3938 733 4014; x_wconf 87' lang='lat' dir='ltr'><strong>desierit,</strong></span> <span class='ocrx_word' id='word_1_235' title='bbox 746 3938 827 3999; x_wconf 88' lang='lat' dir='ltr'><strong>hane</strong></span> <span class='ocrx_word' id='word_1_236' title='bbox 842 3934 927 3997; x_wconf 88' lang='lat' dir='ltr'><strong>enim</strong></span> 
     </span>
     <span class='ocr_line' id='line_1_39' title="bbox 131 4025 926 4110; baseline -0.008 -18"><span class='ocrx_word' id='word_1_237' title='bbox 131 4031 361 4093; x_wconf 87' lang='lat' dir='ltr'><strong>concesserunt</strong></span> <span class='ocrx_word' id='word_1_238' title='bbox 376 4025 527 4089; x_wconf 76' lang='lat' dir='ltr'><strong>Constant.</strong></span> <span class='ocrx_word' id='word_1_239' title='bbox 553 4025 690 4110; x_wconf 75' lang='lat' dir='ltr'><strong>Mopsus,</strong></span> <span class='ocrx_word' id='word_1_240' title='bbox 714 4032 745 4090; x_wconf 89' lang='lat' dir='ltr'><strong>et</strong></span> <span class='ocrx_word' id='word_1_241' title='bbox 763 4025 859 4107; x_wconf 89' lang='lat' dir='ltr'><strong>aliqui</strong></span> <span class='ocrx_word' id='word_1_242' title='bbox 874 4026 926 4086; x_wconf 87' lang='lat' dir='ltr'><strong>alii</strong></span> 
     </span>
     <span class='ocr_line' id='line_1_40' title="bbox 130 4114 926 4196; baseline -0.01 -14"><span class='ocrx_word' id='word_1_243' title='bbox 130 4115 324 4192; x_wconf 86' lang='lat' dir='ltr'><strong>Monarohaa,</strong></span> <span class='ocrx_word' id='word_1_244' title='bbox 336 4114 380 4176; x_wconf 89' lang='lat' dir='ltr'><strong>uti</strong></span> <span class='ocrx_word' id='word_1_245' title='bbox 396 4117 484 4177; x_wconf 89' lang='lat' dir='ltr'><strong>natat</strong></span> <span class='ocrx_word' id='word_1_246' title='bbox 497 4115 607 4192; x_wconf 89' lang='lat' dir='ltr'><strong>Diana,</strong></span> <span class='ocrx_word' id='word_1_247' title='bbox 623 4117 698 4196; x_wconf 81' lang='grc'><strong>61,</strong></span> <span class='ocrx_word' id='word_1_248' title='bbox 715 4123 735 4177; x_wconf 92' lang='lat' dir='ltr'><strong>t.</strong></span> <span class='ocrx_word' id='word_1_249' title='bbox 751 4119 781 4192; x_wconf 92' lang='grc'><strong>1,</strong></span> <span class='ocrx_word' id='word_1_250' title='bbox 798 4114 834 4176; x_wconf 83' lang='lat' dir='ltr'><strong>It.</strong></span> <span class='ocrx_word' id='word_1_251' title='bbox 848 4116 884 4176; x_wconf 93' lang='grc'><strong>11</strong></span> <span class='ocrx_word' id='word_1_252' title='bbox 899 4121 926 4176; x_wconf 87' lang='lat' dir='ltr'><strong>et</strong></span> 
     </span>
     <span class='ocr_line' id='line_1_41' title="bbox 125 4201 926 4292; baseline -0.009 -24"><span class='ocrx_word' id='word_1_253' title='bbox 125 4227 165 4292; x_wconf 84' lang='lat' dir='ltr'><strong>p.</strong></span> <span class='ocrx_word' id='word_1_254' title='bbox 177 4209 208 4281; x_wconf 90' lang='grc'><strong>1,</strong></span> <span class='ocrx_word' id='word_1_255' title='bbox 225 4213 265 4270; x_wconf 87' lang='lat' dir='ltr'><strong>tr.</strong></span> <span class='ocrx_word' id='word_1_256' title='bbox 283 4207 312 4282; x_wconf 93' lang='grc'><strong>1,</strong></span> <span class='ocrx_word' id='word_1_257' title='bbox 329 4201 367 4266; x_wconf 83' lang='lat' dir='ltr'><strong>a.</strong></span> <span class='ocrx_word' id='word_1_258' title='bbox 384 4207 433 4282; x_wconf 79' lang='lat'><strong>57,</strong></span> <span class='ocrx_word' id='word_1_259' title='bbox 451 4207 634 4266; x_wconf 89' lang='lat' dir='ltr'><strong>nontamen</strong></span> <span class='ocrx_word' id='word_1_260' title='bbox 649 4203 824 4267; x_wconf 89' lang='lat' dir='ltr'><strong>omncsalii</strong></span> <span class='ocrx_word' id='word_1_261' title='bbox 839 4203 926 4265; x_wconf 92' lang='lat' dir='ltr'><strong>Prin·</strong></span> 
     </span>
     <span class='ocr_line' id='line_1_42' title="bbox 130 4291 927 4375; baseline -0.009 -17"><span class='ocrx_word' id='word_1_262' title='bbox 130 4295 234 4375; x_wconf 86' lang='lat' dir='ltr'><strong>cipes,</strong></span> <span class='ocrx_word' id='word_1_263' title='bbox 250 4293 294 4356; x_wconf 91' lang='lat' dir='ltr'><strong>uti</strong></span> <span class='ocrx_word' id='word_1_264' title='bbox 309 4293 405 4354; x_wconf 87' lang='lat' dir='ltr'><strong>habet</strong></span> <span class='ocrx_word' id='word_1_265' title='bbox 418 4291 503 4353; x_wconf 92' lang='lat' dir='ltr'><strong>idem</strong></span> <span class='ocrx_word' id='word_1_266' title='bbox 513 4292 603 4354; x_wconf 86' lang='lat' dir='ltr'><strong>Dian.</strong></span> <span class='ocrx_word' id='word_1_267' title='bbox 612 4311 644 4374; x_wconf 85' lang='lat' dir='ltr'><strong>p.</strong></span> <span class='ocrx_word' id='word_1_268' title='bbox 660 4295 690 4370; x_wconf 88' lang='grc'><strong>6,</strong></span> <span class='ocrx_word' id='word_1_269' title='bbox 706 4301 728 4354; x_wconf 91' lang='lat' dir='ltr'><strong>t.</strong></span> <span class='ocrx_word' id='word_1_270' title='bbox 746 4294 794 4370; x_wconf 88' lang='grc'><strong>13,</strong></span> <span class='ocrx_word' id='word_1_271' title='bbox 812 4293 848 4353; x_wconf 84' lang='lat' dir='ltr'><strong>ll.</strong></span> <span class='ocrx_word' id='word_1_272' title='bbox 867 4293 881 4353; x_wconf 94' lang='grc'><strong>1</strong></span> <span class='ocrx_word' id='word_1_273' title='bbox 899 4297 927 4352; x_wconf 83' lang='lat' dir='ltr'><strong>et</strong></span> 
     </span>
     <span class='ocr_line' id='line_1_43' title="bbox 131 4379 927 4464; baseline -0.011 -16"><span class='ocrx_word' id='word_1_274' title='bbox 131 4389 185 4462; x_wconf 95' lang='grc'><strong>10,</strong></span> <span class='ocrx_word' id='word_1_275' title='bbox 203 4387 395 4464; x_wconf 90' lang='lat' dir='ltr'><strong>possuntque</strong></span> <span class='ocrx_word' id='word_1_276' title='bbox 409 4381 521 4462; x_wconf 84' lang='lat' dir='ltr'><strong>reliqui</strong></span> <span class='ocrx_word' id='word_1_277' title='bbox 537 4397 696 4442; x_wconf 88' lang='lat' dir='ltr'><strong>revocare.</strong></span> <span class='ocrx_word' id='word_1_278' title='bbox 714 4385 743 4442; x_wconf 98' lang='grc'><strong>1.</strong></span> <span class='ocrx_word' id='word_1_279' title='bbox 760 4379 927 4443; x_wconf 79' lang='grc'><strong>1166666-</strong></span> 
     </span>
     <span class='ocr_line' id='line_1_44' title="bbox 128 4469 926 4550; baseline -0.01 -12"><span class='ocrx_word' id='word_1_280' title='bbox 128 4472 312 4538; x_wconf 88' lang='lat' dir='ltr'><strong>tisationem</strong></span> <span class='ocrx_word' id='word_1_281' title='bbox 327 4489 389 4532; x_wconf 92' lang='lat' dir='ltr'><strong>non</strong></span> <span class='ocrx_word' id='word_1_282' title='bbox 401 4469 492 4550; x_wconf 88' lang='lat' dir='ltr'><strong>juvat</strong></span> <span class='ocrx_word' id='word_1_283' title='bbox 506 4469 616 4550; x_wconf 83' lang='lat' dir='ltr'><strong>legalis</strong></span> <span class='ocrx_word' id='word_1_284' title='bbox 630 4469 837 4550; x_wconf 87' lang='lat' dir='ltr'><strong>praescriptio,</strong></span> <span class='ocrx_word' id='word_1_285' title='bbox 852 4488 926 4531; x_wconf 92' lang='lat' dir='ltr'><strong>nam</strong></span> 
     </span>
     <span class='ocr_line' id='line_1_45' title="bbox 128 4557 925 4642; baseline -0.006 -19"><span class='ocrx_word' id='word_1_286' title='bbox 128 4561 159 4628; x_wconf 91' lang='lat' dir='ltr'><strong>si</strong></span> <span class='ocrx_word' id='word_1_287' title='bbox 174 4562 261 4642; x_wconf 80' lang='lat' dir='ltr'><strong>leges</strong></span> <span class='ocrx_word' id='word_1_288' title='bbox 275 4559 337 4620; x_wconf 92' lang='lat' dir='ltr'><strong>sint</strong></span> <span class='ocrx_word' id='word_1_289' title='bbox 350 4559 527 4636; x_wconf 84' lang='lat' dir='ltr'><strong>saeculares,</strong></span> <span class='ocrx_word' id='word_1_290' title='bbox 553 4557 602 4619; x_wconf 89' lang='lat' dir='ltr'><strong>his</strong></span> <span class='ocrx_word' id='word_1_291' title='bbox 625 4577 687 4620; x_wconf 93' lang='lat' dir='ltr'><strong>non</strong></span> <span class='ocrx_word' id='word_1_292' title='bbox 709 4559 825 4620; x_wconf 91' lang='lat' dir='ltr'><strong>debent</strong></span> <span class='ocrx_word' id='word_1_293' title='bbox 840 4557 925 4639; x_wconf 87' lang='lat' dir='ltr'><strong>judi-</strong></span> 
     </span>
     <span class='ocr_line' id='line_1_46' title="bbox 129 4645 926 4730; baseline -0.01 -14"><span class='ocrx_word' id='word_1_294' title='bbox 129 4651 213 4726; x_wconf 88' lang='lat' dir='ltr'><strong>cari,</strong></span> <span class='ocrx_word' id='word_1_295' title='bbox 228 4648 279 4730; x_wconf 91' lang='lat' dir='ltr'><strong>qui</strong></span> <span class='ocrx_word' id='word_1_296' title='bbox 294 4647 370 4728; x_wconf 89' lang='lat' dir='ltr'><strong>ipsis</strong></span> <span class='ocrx_word' id='word_1_297' title='bbox 383 4666 445 4709; x_wconf 92' lang='lat' dir='ltr'><strong>non</strong></span> <span class='ocrx_word' id='word_1_298' title='bbox 459 4652 532 4710; x_wconf 88' lang='lat' dir='ltr'><strong>sunt</strong></span> <span class='ocrx_word' id='word_1_299' title='bbox 546 4645 690 4728; x_wconf 88' lang='lat' dir='ltr'><strong>subjecti,</strong></span> <span class='ocrx_word' id='word_1_300' title='bbox 714 4652 745 4710; x_wconf 90' lang='lat' dir='ltr'><strong>et</strong></span> <span class='ocrx_word' id='word_1_301' title='bbox 767 4649 856 4728; x_wconf 84' lang='lat' dir='ltr'><strong>leges</strong></span> <span class='ocrx_word' id='word_1_302' title='bbox 867 4665 926 4708; x_wconf 78' lang='grc'><strong>66-</strong></span> 
     </span>
     <span class='ocr_line' id='line_1_47' title="bbox 129 4735 925 4818; baseline -0.015 -12"><span class='ocrx_word' id='word_1_303' title='bbox 129 4739 257 4806; x_wconf 86' lang='lat' dir='ltr'><strong>cularcs</strong></span> <span class='ocrx_word' id='word_1_304' title='bbox 272 4736 311 4798; x_wconf 90' lang='lat' dir='ltr'><strong>de</strong></span> <span class='ocrx_word' id='word_1_305' title='bbox 325 4735 925 4818; x_wconf 57' lang='grc'><strong>6666661611661166656661666611616-</strong></span> 
     </span>
     <span class='ocr_line' id='line_1_48' title="bbox 128 4825 922 4906; baseline -0.006 -14"><span class='ocrx_word' id='word_1_306' title='bbox 128 4825 291 4900; x_wconf 84' lang='lat' dir='ltr'><strong>siasticus,</strong></span> <span class='ocrx_word' id='word_1_307' title='bbox 321 4827 347 4888; x_wconf 91' lang='lat' dir='ltr'><strong>si</strong></span> <span class='ocrx_word' id='word_1_308' title='bbox 367 4830 474 4889; x_wconf 88' lang='lat' dir='ltr'><strong>autem</strong></span> <span class='ocrx_word' id='word_1_309' title='bbox 497 4826 583 4906; x_wconf 79' lang='lat' dir='ltr'><strong>leges</strong></span> <span class='ocrx_word' id='word_1_310' title='bbox 603 4825 666 4888; x_wconf 90' lang='lat' dir='ltr'><strong>sint</strong></span> <span class='ocrx_word' id='word_1_311' title='bbox 685 4825 922 4902; x_wconf 65' lang='lat' dir='ltr'><strong>Ecclesiasticus,</strong></span> 
     </span>
     <span class='ocr_line' id='line_1_49' title="bbox 127 4912 926 4994; baseline -0.011 -14"><span class='ocrx_word' id='word_1_312' title='bbox 127 4915 252 4980; x_wconf 88' lang='lat' dir='ltr'><strong>habeut</strong></span> <span class='ocrx_word' id='word_1_313' title='bbox 263 4913 429 4994; x_wconf 89' lang='lat' dir='ltr'><strong>disponere</strong></span> <span class='ocrx_word' id='word_1_314' title='bbox 446 4917 566 4975; x_wconf 89' lang='lat' dir='ltr'><strong>tantum</strong></span> <span class='ocrx_word' id='word_1_315' title='bbox 580 4912 721 4975; x_wconf 87' lang='grc'><strong>61666666</strong></span> <span class='ocrx_word' id='word_1_316' title='bbox 731 4912 926 4978; x_wconf 88' lang='lat' dir='ltr'><strong>Ecclesiasti-</strong></span> 
     </span>
     <span class='ocr_line' id='line_1_50' title="bbox 127 5001 922 5084; baseline -0.003 -17"><span class='ocrx_word' id='word_1_317' title='bbox 127 5021 187 5067; x_wconf 83' lang='lat' dir='ltr'><strong>cus</strong></span> <span class='ocrx_word' id='word_1_318' title='bbox 201 5001 259 5064; x_wconf 92' lang='lat' dir='ltr'><strong>sibi</strong></span> <span class='ocrx_word' id='word_1_319' title='bbox 274 5001 441 5084; x_wconf 84' lang='lat' dir='ltr'><strong>subjectas,</strong></span> <span class='ocrx_word' id='word_1_320' title='bbox 454 5019 515 5063; x_wconf 91' lang='grc'><strong>666</strong></span> <span class='ocrx_word' id='word_1_321' title='bbox 531 5005 636 5063; x_wconf 89' lang='lat' dir='ltr'><strong>autem</strong></span> <span class='ocrx_word' id='word_1_322' title='bbox 647 5001 922 5065; x_wconf 88' lang='lat' dir='ltr'><strong>circasaeculares:</strong></span> 
     </span>
     <span class='ocr_line' id='line_1_51' title="bbox 129 5091 359 5174; baseline -0.009 -19"><span class='ocrx_word' id='word_1_323' title='bbox 129 5110 222 5174; x_wconf 81' lang='lat' dir='ltr'><strong>ergo.</strong></span> <span class='ocrx_word' id='word_1_324' title='bbox 239 5093 284 5153; x_wconf 83' lang='lat' dir='ltr'><strong>Ex</strong></span> <span class='ocrx_word' id='word_1_325' title='bbox 299 5091 359 5168; x_wconf 86' lang='lat' dir='ltr'><strong>bis,</strong></span> 
     </span>
    </p>
   </div>
   <div class='ocr_carea' id='block_1_4' title="bbox 1714 545 1774 609">
    <p class='ocr_par' dir='ltr' id='par_1_4' title="bbox 1714 545 1774 609">
     <span class='ocr_line' id='line_1_52' title="bbox 1714 545 1774 609; baseline 0 -1"><span class='ocrx_word' id='word_1_326' title='bbox 1714 545 1774 609; x_wconf 75' lang='grc'><strong>131</strong></span> 
     </span>
    </p>
   </div>
   <div class='ocr_carea' id='block_1_5' title="bbox 978 731 1854 3041">
    <p class='ocr_par' dir='ltr' id='par_1_5' title="bbox 979 731 1774 1344">
     <span class='ocr_line' id='line_1_53' title="bbox 981 731 1774 821; baseline -0.008 -19"><span class='ocrx_word' id='word_1_327' title='bbox 981 759 1044 803; x_wconf 90' lang='grc'><strong>666</strong></span> <span class='ocrx_word' id='word_1_328' title='bbox 1058 741 1130 804; x_wconf 89' lang='grc'><strong>1166</strong></span> <span class='ocrx_word' id='word_1_329' title='bbox 1154 740 1292 821; x_wconf 87' lang='grc'><strong>6661661</strong></span> <span class='ocrx_word' id='word_1_330' title='bbox 1311 737 1363 820; x_wconf 86' lang='lat' dir='ltr'><strong>jus</strong></span> <span class='ocrx_word' id='word_1_331' title='bbox 1385 733 1556 816; x_wconf 82' lang='lat' dir='ltr'><strong>potentiale</strong></span> <span class='ocrx_word' id='word_1_332' title='bbox 1569 733 1602 796; x_wconf 89' lang='lat' dir='ltr'><strong>ln</strong></span> <span class='ocrx_word' id='word_1_333' title='bbox 1616 731 1774 798; x_wconf 76' lang='grc'><strong>11166616-</strong></span> 
     </span>
     <span class='ocr_line' id='line_1_54' title="bbox 979 820 1773 907; baseline -0.01 -17"><span class='ocrx_word' id='word_1_334' title='bbox 979 849 1078 907; x_wconf 87' lang='lat' dir='ltr'><strong>mum,</strong></span> <span class='ocrx_word' id='word_1_335' title='bbox 1095 848 1153 892; x_wconf 90' lang='grc'><strong>666</strong></span> <span class='ocrx_word' id='word_1_336' title='bbox 1167 827 1329 907; x_wconf 89' lang='lat' dir='ltr'><strong>Principes</strong></span> <span class='ocrx_word' id='word_1_337' title='bbox 1340 823 1602 907; x_wconf 67' lang='lat' dir='ltr'><strong>jurisdictionem,</strong></span> <span class='ocrx_word' id='word_1_338' title='bbox 1627 821 1678 884; x_wconf 90' lang='grc'><strong>661</strong></span> <span class='ocrx_word' id='word_1_339' title='bbox 1695 820 1773 902; x_wconf 83' lang='lat' dir='ltr'><strong>poli·</strong></span> 
     </span>
     <span class='ocr_line' id='line_1_55' title="bbox 979 910 1771 995; baseline -0.013 -15"><span class='ocrx_word' id='word_1_340' title='bbox 979 918 1088 995; x_wconf 90' lang='lat' dir='ltr'><strong>ticum,</strong></span> <span class='ocrx_word' id='word_1_341' title='bbox 1114 922 1143 981; x_wconf 87' lang='grc'><strong>3.</strong></span> <span class='ocrx_word' id='word_1_342' title='bbox 1166 917 1250 980; x_wconf 83' lang='lat' dir='ltr'><strong>&#39;Palis</strong></span> <span class='ocrx_word' id='word_1_343' title='bbox 1272 917 1384 978; x_wconf 87' lang='lat' dir='ltr'><strong>damus</strong></span> <span class='ocrx_word' id='word_1_344' title='bbox 1402 933 1465 975; x_wconf 92' lang='lat' dir='ltr'><strong>non</strong></span> <span class='ocrx_word' id='word_1_345' title='bbox 1489 912 1585 974; x_wconf 90' lang='lat' dir='ltr'><strong>habet</strong></span> <span class='ocrx_word' id='word_1_346' title='bbox 1604 911 1657 992; x_wconf 84' lang='lat' dir='ltr'><strong>jus</strong></span> <span class='ocrx_word' id='word_1_347' title='bbox 1679 910 1771 989; x_wconf 84' lang='lat' dir='ltr'><strong>asyli,</strong></span> 
     </span>
     <span class='ocr_line' id='line_1_56' title="bbox 980 997 1774 1089; baseline -0.013 -20"><span class='ocrx_word' id='word_1_348' title='bbox 980 1007 1129 1089; x_wconf 88' lang='lat' dir='ltr'><strong>quiahoc</strong></span> <span class='ocrx_word' id='word_1_349' title='bbox 1154 1011 1237 1070; x_wconf 89' lang='lat' dir='ltr'><strong>esset</strong></span> <span class='ocrx_word' id='word_1_350' title='bbox 1257 1009 1366 1068; x_wconf 88' lang='lat' dir='ltr'><strong>contra</strong></span> <span class='ocrx_word' id='word_1_351' title='bbox 1381 1001 1632 1084; x_wconf 88' lang='lat' dir='ltr'><strong>jurisdictionem</strong></span> <span class='ocrx_word' id='word_1_352' title='bbox 1653 997 1774 1060; x_wconf 77' lang='lat' dir='ltr'><strong>Princi-</strong></span> 
     </span>
     <span class='ocr_line' id='line_1_57' title="bbox 979 1089 1772 1176; baseline -0.01 -19"><span class='ocrx_word' id='word_1_353' title='bbox 979 1097 1038 1176; x_wconf 88' lang='lat' dir='ltr'><strong>pis.</strong></span> <span class='ocrx_word' id='word_1_354' title='bbox 1059 1101 1088 1160; x_wconf 95' lang='grc'><strong>1.</strong></span> <span class='ocrx_word' id='word_1_355' title='bbox 1105 1099 1212 1160; x_wconf 83' lang='lat' dir='ltr'><strong>Manet</strong></span> <span class='ocrx_word' id='word_1_356' title='bbox 1224 1095 1294 1158; x_wconf 86' lang='lat' dir='ltr'><strong>talis</strong></span> <span class='ocrx_word' id='word_1_357' title='bbox 1309 1094 1425 1156; x_wconf 90' lang='lat' dir='ltr'><strong>&#39;domus</strong></span> <span class='ocrx_word' id='word_1_358' title='bbox 1447 1091 1506 1154; x_wconf 90' lang='lat' dir='ltr'><strong>sub</strong></span> <span class='ocrx_word' id='word_1_359' title='bbox 1521 1090 1594 1172; x_wconf 86' lang='lat' dir='ltr'><strong>jure</strong></span> <span class='ocrx_word' id='word_1_360' title='bbox 1609 1089 1703 1152; x_wconf 87' lang='lat' dir='ltr'><strong>etiam</strong></span> <span class='ocrx_word' id='word_1_361' title='bbox 1718 1106 1772 1167; x_wconf 88' lang='lat' dir='ltr'><strong>po·</strong></span> 
     </span>
     <span class='ocr_line' id='line_1_58' title="bbox 979 1175 1773 1264; baseline -0.013 -17"><span class='ocrx_word' id='word_1_362' title='bbox 979 1185 1063 1248; x_wconf 91' lang='lat' dir='ltr'><strong>litico</strong></span> <span class='ocrx_word' id='word_1_363' title='bbox 1091 1184 1254 1264; x_wconf 89' lang='lat' dir='ltr'><strong>Principis.</strong></span> <span class='ocrx_word' id='word_1_364' title='bbox 1285 1185 1358 1245; x_wconf 82' lang='lat' dir='ltr'><strong>llaec</strong></span> <span class='ocrx_word' id='word_1_365' title='bbox 1381 1185 1455 1243; x_wconf 89' lang='grc'><strong>6661</strong></span> <span class='ocrx_word' id='word_1_366' title='bbox 1478 1175 1773 1260; x_wconf 68' lang='grc'><strong>6166161661166-</strong></span> 
     </span>
     <span class='ocr_line' id='line_1_59' title="bbox 980 1269 1513 1344; baseline -0.011 -8"><span class='ocrx_word' id='word_1_367' title='bbox 980 1274 1127 1338; x_wconf 86' lang='lat' dir='ltr'><strong>damenta</strong></span> <span class='ocrx_word' id='word_1_368' title='bbox 1141 1272 1419 1344; x_wconf 68' lang='lat' dir='ltr'><strong>adversariorum</strong></span> <span class='ocrx_word' id='word_1_369' title='bbox 1437 1269 1492 1332; x_wconf 89' lang='grc'><strong>661</strong></span> <span class='ocrx_word' id='word_1_370' title='bbox 1506 1287 1513 1330; x_wconf 94' lang='lat'><strong>:</strong></span> 
     </span>
    </p>

    <p class='ocr_par' dir='ltr' id='par_1_6' title="bbox 978 1355 1854 3041">
     <span class='ocr_line' id='line_1_60' title="bbox 1020 1355 1854 1443; baseline -0.007 -19"><span class='ocrx_word' id='word_1_371' title='bbox 1020 1364 1080 1443; x_wconf 69' lang='lat' dir='ltr'><strong>fit.</strong></span> <span class='ocrx_word' id='word_1_372' title='bbox 1097 1364 1231 1426; x_wconf 90' lang='lat' dir='ltr'><strong>Omnino</strong></span> <span class='ocrx_word' id='word_1_373' title='bbox 1247 1359 1418 1424; x_wconf 90' lang='lat' dir='ltr'><strong>tenendum</strong></span> <span class='ocrx_word' id='word_1_374' title='bbox 1441 1363 1488 1421; x_wconf 89' lang='lat' dir='ltr'><strong>est</strong></span> <span class='ocrx_word' id='word_1_375' title='bbox 1501 1375 1592 1438; x_wconf 90' lang='grc'><strong>66666</strong></span> <span class='ocrx_word' id='word_1_376' title='bbox 1611 1355 1696 1419; x_wconf 89' lang='lat' dir='ltr'><strong>bona</strong></span> <span class='ocrx_word' id='word_1_377' title='bbox 1716 1373 1773 1418; x_wconf 77' lang='lat' dir='ltr'><strong>aa·</strong></span> <span class='ocrx_word' id='word_1_378' title='bbox 1799 1371 1854 1418; x_wconf 80' lang='lat' dir='ltr'><strong>taos</strong></span> 
     </span>
     <span class='ocr_line' id='line_1_61' title="bbox 981 1445 1774 1514; baseline -0.009 -1"><span class='ocrx_word' id='word_1_379' title='bbox 981 1453 1099 1513; x_wconf 88' lang='grc'><strong>6616616</strong></span> <span class='ocrx_word' id='word_1_380' title='bbox 1113 1452 1179 1513; x_wconf 86' lang='lat' dir='ltr'><strong>lieri</strong></span> <span class='ocrx_word' id='word_1_381' title='bbox 1195 1448 1413 1514; x_wconf 78' lang='lat' dir='ltr'><strong>Ecclesiastico</strong></span> <span class='ocrx_word' id='word_1_382' title='bbox 1428 1448 1496 1510; x_wconf 88' lang='lat' dir='ltr'><strong>sine</strong></span> <span class='ocrx_word' id='word_1_383' title='bbox 1510 1447 1637 1510; x_wconf 87' lang='lat' dir='ltr'><strong>licentia</strong></span> <span class='ocrx_word' id='word_1_384' title='bbox 1655 1445 1774 1508; x_wconf 88' lang='lat' dir='ltr'><strong>Princi-</strong></span> 
     </span>
     <span class='ocr_line' id='line_1_62' title="bbox 979 1534 1769 1621; baseline -0.008 -21"><span class='ocrx_word' id='word_1_385' title='bbox 979 1541 1038 1620; x_wconf 89' lang='lat' dir='ltr'><strong>pis;</strong></span> <span class='ocrx_word' id='word_1_386' title='bbox 1055 1539 1098 1602; x_wconf 90' lang='lat' dir='ltr'><strong>ita</strong></span> <span class='ocrx_word' id='word_1_387' title='bbox 1121 1540 1211 1602; x_wconf 88' lang='lat' dir='ltr'><strong>Dian.</strong></span> <span class='ocrx_word' id='word_1_388' title='bbox 1230 1558 1262 1621; x_wconf 87' lang='lat' dir='ltr'><strong>p.</strong></span> <span class='ocrx_word' id='word_1_389' title='bbox 1281 1542 1311 1615; x_wconf 88' lang='lat'><strong>6,</strong></span> <span class='ocrx_word' id='word_1_390' title='bbox 1335 1539 1419 1614; x_wconf 80' lang='lat' dir='ltr'><strong>t..a,</strong></span> <span class='ocrx_word' id='word_1_391' title='bbox 1436 1535 1575 1598; x_wconf 87' lang='grc'><strong>610661.</strong></span> <span class='ocrx_word' id='word_1_392' title='bbox 1593 1536 1626 1594; x_wconf 85' lang='lat' dir='ltr'><strong>in</strong></span> <span class='ocrx_word' id='word_1_393' title='bbox 1643 1538 1672 1612; x_wconf 90' lang='grc'><strong>1,</strong></span> <span class='ocrx_word' id='word_1_394' title='bbox 1688 1534 1769 1613; x_wconf 81' lang='lat' dir='ltr'><strong>erici,</strong></span> 
     </span>
     <span class='ocr_line' id='line_1_63' title="bbox 979 1621 1770 1709; baseline -0.01 -19"><span class='ocrx_word' id='word_1_395' title='bbox 979 1628 1049 1690; x_wconf 84' lang='lat' dir='ltr'><strong>dist.</strong></span> <span class='ocrx_word' id='word_1_396' title='bbox 1066 1631 1116 1707; x_wconf 89' lang='grc'><strong>61,</strong></span> <span class='ocrx_word' id='word_1_397' title='bbox 1133 1647 1197 1709; x_wconf 88' lang='grc'><strong>666.</strong></span> <span class='ocrx_word' id='word_1_398' title='bbox 1214 1629 1273 1688; x_wconf 82' lang='grc'><strong>161</strong></span> <span class='ocrx_word' id='word_1_399' title='bbox 1286 1644 1365 1708; x_wconf 83' lang='lat' dir='ltr'><strong>seqq.</strong></span> <span class='ocrx_word' id='word_1_400' title='bbox 1387 1625 1479 1687; x_wconf 87' lang='grc'><strong>116116</strong></span> <span class='ocrx_word' id='word_1_401' title='bbox 1500 1628 1560 1702; x_wconf 90' lang='grc'><strong>661,</strong></span> <span class='ocrx_word' id='word_1_402' title='bbox 1588 1625 1617 1684; x_wconf 92' lang='grc'><strong>1.</strong></span> <span class='ocrx_word' id='word_1_403' title='bbox 1642 1622 1722 1696; x_wconf 82' lang='grc'><strong>0616</strong></span> <span class='ocrx_word' id='word_1_404' title='bbox 1744 1621 1770 1683; x_wconf 89' lang='grc'><strong>61</strong></span> 
     </span>
     <span class='ocr_line' id='line_1_64' title="bbox 980 1715 1771 1791; baseline -0.008 -13"><span class='ocrx_word' id='word_1_405' title='bbox 980 1717 1219 1779; x_wconf 83' lang='lat' dir='ltr'><strong>fundamentum</strong></span> <span class='ocrx_word' id='word_1_406' title='bbox 1235 1715 1489 1780; x_wconf 88' lang='lat' dir='ltr'><strong>adversariorum</strong></span> <span class='ocrx_word' id='word_1_407' title='bbox 1501 1715 1541 1775; x_wconf 91' lang='lat' dir='ltr'><strong>sit</strong></span> <span class='ocrx_word' id='word_1_408' title='bbox 1550 1729 1660 1774; x_wconf 89' lang='lat' dir='ltr'><strong>verum</strong></span> <span class='ocrx_word' id='word_1_409' title='bbox 1675 1733 1681 1773; x_wconf 92' lang='lat'>:</span> <span class='ocrx_word' id='word_1_410' title='bbox 1694 1729 1771 1791; x_wconf 81' lang='lat' dir='ltr'><strong>ergo</strong></span> 
     </span>
     <span class='ocr_line' id='line_1_65' title="bbox 979 1799 1772 1886; baseline -0.006 -20"><span class='ocrx_word' id='word_1_411' title='bbox 979 1805 1123 1867; x_wconf 87' lang='lat' dir='ltr'><strong>similiter</strong></span> <span class='ocrx_word' id='word_1_412' title='bbox 1136 1805 1210 1868; x_wconf 87' lang='lat' dir='ltr'><strong>lacit</strong></span> <span class='ocrx_word' id='word_1_413' title='bbox 1224 1805 1370 1886; x_wconf 86' lang='lat' dir='ltr'><strong>injuriam</strong></span> <span class='ocrx_word' id='word_1_414' title='bbox 1385 1801 1533 1882; x_wconf 89' lang='lat' dir='ltr'><strong>Principi,</strong></span> <span class='ocrx_word' id='word_1_415' title='bbox 1550 1805 1582 1863; x_wconf 88' lang='lat' dir='ltr'><strong>et</strong></span> <span class='ocrx_word' id='word_1_416' title='bbox 1591 1799 1772 1862; x_wconf 86' lang='lat' dir='ltr'><strong>concivibus</strong></span> 
     </span>
     <span class='ocr_line' id='line_1_66' title="bbox 980 1889 1772 1975; baseline -0.006 -19"><span class='ocrx_word' id='word_1_417' title='bbox 980 1894 1033 1975; x_wconf 91' lang='lat' dir='ltr'><strong>qui</strong></span> <span class='ocrx_word' id='word_1_418' title='bbox 1048 1894 1114 1956; x_wconf 89' lang='lat' dir='ltr'><strong>sine</strong></span> <span class='ocrx_word' id='word_1_419' title='bbox 1129 1894 1256 1958; x_wconf 86' lang='lat' dir='ltr'><strong>licentia</strong></span> <span class='ocrx_word' id='word_1_420' title='bbox 1276 1913 1328 1971; x_wconf 89' lang='lat' dir='ltr'><strong>se,</strong></span> <span class='ocrx_word' id='word_1_421' title='bbox 1345 1898 1377 1955; x_wconf 92' lang='lat' dir='ltr'><strong>et</strong></span> <span class='ocrx_word' id='word_1_422' title='bbox 1390 1911 1448 1954; x_wconf 92' lang='grc'><strong>666</strong></span> <span class='ocrx_word' id='word_1_423' title='bbox 1460 1893 1545 1953; x_wconf 88' lang='lat' dir='ltr'><strong>bona</strong></span> <span class='ocrx_word' id='word_1_424' title='bbox 1556 1889 1707 1952; x_wconf 86' lang='lat' dir='ltr'><strong>transfert</strong></span> <span class='ocrx_word' id='word_1_425' title='bbox 1730 1889 1772 1951; x_wconf 90' lang='lat' dir='ltr'><strong>ad</strong></span> 
     </span>
     <span class='ocr_line' id='line_1_67' title="bbox 979 1979 1773 2065; baseline -0.008 -19"><span class='ocrx_word' id='word_1_426' title='bbox 979 1985 1065 2046; x_wconf 85' lang='lat' dir='ltr'><strong>aliud</strong></span> <span class='ocrx_word' id='word_1_427' title='bbox 1079 2003 1231 2065; x_wconf 77' lang='lat' dir='ltr'><strong>regnum3</strong></span> <span class='ocrx_word' id='word_1_428' title='bbox 1247 1985 1323 2048; x_wconf 89' lang='lat' dir='ltr'><strong>item</strong></span> <span class='ocrx_word' id='word_1_429' title='bbox 1337 1983 1390 2062; x_wconf 92' lang='lat' dir='ltr'><strong>qui</strong></span> <span class='ocrx_word' id='word_1_430' title='bbox 1415 1982 1530 2044; x_wconf 89' lang='lat' dir='ltr'><strong>bovem</strong></span> <span class='ocrx_word' id='word_1_431' title='bbox 1549 1997 1641 2042; x_wconf 90' lang='lat' dir='ltr'><strong>suum</strong></span> <span class='ocrx_word' id='word_1_432' title='bbox 1655 1979 1773 2042; x_wconf 86' lang='lat' dir='ltr'><strong>mactat</strong></span> 
     </span>
     <span class='ocr_line' id='line_1_68' title="bbox 980 2066 1772 2154; baseline -0.015 -17"><span class='ocrx_word' id='word_1_433' title='bbox 980 2079 1035 2137; x_wconf 87' lang='grc'><strong>661</strong></span> <span class='ocrx_word' id='word_1_434' title='bbox 1058 2073 1168 2135; x_wconf 90' lang='grc'><strong>666111</strong></span> <span class='ocrx_word' id='word_1_435' title='bbox 1188 2077 1307 2148; x_wconf 84' lang='lat' dir='ltr'><strong>extero,</strong></span> <span class='ocrx_word' id='word_1_436' title='bbox 1333 2071 1409 2154; x_wconf 90' lang='lat' dir='ltr'><strong>quia</strong></span> <span class='ocrx_word' id='word_1_437' title='bbox 1430 2070 1474 2132; x_wconf 92' lang='lat' dir='ltr'><strong>sic</strong></span> <span class='ocrx_word' id='word_1_438' title='bbox 1495 2069 1600 2149; x_wconf 90' lang='lat' dir='ltr'><strong>privat</strong></span> <span class='ocrx_word' id='word_1_439' title='bbox 1626 2066 1772 2128; x_wconf 89' lang='grc'><strong>66661666</strong></span> 
     </span>
     <span class='ocr_line' id='line_1_69' title="bbox 978 2154 1772 2242; baseline -0.009 -18"><span class='ocrx_word' id='word_1_440' title='bbox 978 2181 1053 2224; x_wconf 91' lang='grc'><strong>6666</strong></span> <span class='ocrx_word' id='word_1_441' title='bbox 1064 2162 1136 2242; x_wconf 87' lang='lat' dir='ltr'><strong>jure</strong></span> <span class='ocrx_word' id='word_1_442' title='bbox 1149 2162 1323 2242; x_wconf 81' lang='lat' dir='ltr'><strong>potentiali,</strong></span> <span class='ocrx_word' id='word_1_443' title='bbox 1340 2165 1372 2223; x_wconf 90' lang='grc'><strong>61</strong></span> <span class='ocrx_word' id='word_1_444' title='bbox 1386 2160 1565 2238; x_wconf 85' lang='lat' dir='ltr'><strong>Principem</strong></span> <span class='ocrx_word' id='word_1_445' title='bbox 1581 2154 1772 2239; x_wconf 84' lang='lat' dir='ltr'><strong>jurisdictio·</strong></span> 
     </span>
     <span class='ocr_line' id='line_1_70' title="bbox 980 2243 1771 2331; baseline -0.008 -20"><span class='ocrx_word' id='word_1_446' title='bbox 980 2249 1054 2327; x_wconf 87' lang='lat' dir='ltr'><strong>nali,</strong></span> <span class='ocrx_word' id='word_1_447' title='bbox 1072 2268 1109 2312; x_wconf 86' lang='lat' dir='ltr'><strong>ac</strong></span> <span class='ocrx_word' id='word_1_448' title='bbox 1120 2250 1248 2331; x_wconf 89' lang='lat' dir='ltr'><strong>politico</strong></span> <span class='ocrx_word' id='word_1_449' title='bbox 1265 2271 1272 2312; x_wconf 96' lang='lat'><strong>:</strong></span> <span class='ocrx_word' id='word_1_450' title='bbox 1287 2249 1364 2312; x_wconf 91' lang='lat' dir='ltr'><strong>item</strong></span> <span class='ocrx_word' id='word_1_451' title='bbox 1377 2248 1454 2310; x_wconf 86' lang='lat' dir='ltr'><strong>feeit</strong></span> <span class='ocrx_word' id='word_1_452' title='bbox 1465 2247 1625 2329; x_wconf 82' lang='lat' dir='ltr'><strong>injuriam,</strong></span> <span class='ocrx_word' id='word_1_453' title='bbox 1637 2244 1692 2326; x_wconf 92' lang='lat' dir='ltr'><strong>qui</strong></span> <span class='ocrx_word' id='word_1_454' title='bbox 1702 2243 1771 2306; x_wconf 84' lang='grc'><strong>6166</strong></span> 
     </span>
     <span class='ocr_line' id='line_1_71' title="bbox 978 2332 1771 2418; baseline -0.009 -18"><span class='ocrx_word' id='word_1_455' title='bbox 978 2338 1105 2400; x_wconf 89' lang='grc'><strong>11666116</strong></span> <span class='ocrx_word' id='word_1_456' title='bbox 1128 2339 1280 2418; x_wconf 90' lang='lat' dir='ltr'><strong>Principis</strong></span> <span class='ocrx_word' id='word_1_457' title='bbox 1297 2339 1332 2399; x_wconf 87' lang='lat' dir='ltr'><strong>tit</strong></span> <span class='ocrx_word' id='word_1_458' title='bbox 1353 2337 1540 2416; x_wconf 78' lang='lat' dir='ltr'><strong>Religiosus,</strong></span> <span class='ocrx_word' id='word_1_459' title='bbox 1557 2332 1771 2415; x_wconf 76' lang='grc'><strong>6616666616-</strong></span> 
     </span>
     <span class='ocr_line' id='line_1_72' title="bbox 980 2421 1771 2508; baseline -0.006 -21"><span class='ocrx_word' id='word_1_460' title='bbox 980 2427 1066 2488; x_wconf 92' lang='lat' dir='ltr'><strong>ducit</strong></span> <span class='ocrx_word' id='word_1_461' title='bbox 1080 2427 1217 2490; x_wconf 91' lang='lat' dir='ltr'><strong>dominio</strong></span> <span class='ocrx_word' id='word_1_462' title='bbox 1231 2425 1471 2508; x_wconf 86' lang='lat' dir='ltr'><strong>jurisdictionis.</strong></span> <span class='ocrx_word' id='word_1_463' title='bbox 1483 2424 1521 2488; x_wconf 84' lang='lat' dir='ltr'><strong>Si</strong></span> <span class='ocrx_word' id='word_1_464' title='bbox 1532 2423 1621 2501; x_wconf 82' lang='lat' dir='ltr'><strong>dicos,</strong></span> <span class='ocrx_word' id='word_1_465' title='bbox 1633 2422 1692 2484; x_wconf 88' lang='lat' dir='ltr'><strong>hos</strong></span> <span class='ocrx_word' id='word_1_466' title='bbox 1698 2421 1771 2502; x_wconf 84' lang='lat' dir='ltr'><strong>jura</strong></span> 
     </span>
     <span class='ocr_line' id='line_1_73' title="bbox 979 2511 1773 2596; baseline -0.004 -20"><span class='ocrx_word' id='word_1_467' title='bbox 979 2514 1090 2576; x_wconf 87' lang='lat' dir='ltr'><strong>Divino</strong></span> <span class='ocrx_word' id='word_1_468' title='bbox 1110 2515 1235 2576; x_wconf 86' lang='lat' dir='ltr'><strong>eximia</strong></span> <span class='ocrx_word' id='word_1_469' title='bbox 1253 2515 1471 2596; x_wconf 87' lang='lat' dir='ltr'><strong>jurisdictione</strong></span> <span class='ocrx_word' id='word_1_470' title='bbox 1497 2512 1651 2588; x_wconf 88' lang='lat' dir='ltr'><strong>saeculari,</strong></span> <span class='ocrx_word' id='word_1_471' title='bbox 1673 2511 1717 2572; x_wconf 91' lang='lat' dir='ltr'><strong>uti</strong></span> <span class='ocrx_word' id='word_1_472' title='bbox 1741 2515 1773 2573; x_wconf 90' lang='grc'><strong>61</strong></span> 
     </span>
     <span class='ocr_line' id='line_1_74' title="bbox 979 2600 1772 2684; baseline -0.006 -18"><span class='ocrx_word' id='word_1_473' title='bbox 979 2603 1126 2680; x_wconf 84' lang='lat' dir='ltr'><strong>Clericus,</strong></span> <span class='ocrx_word' id='word_1_474' title='bbox 1155 2606 1247 2684; x_wconf 86' lang='lat' dir='ltr'><strong>Resp.</strong></span> <span class='ocrx_word' id='word_1_475' title='bbox 1273 2605 1360 2666; x_wconf 88' lang='lat' dir='ltr'><strong>idem</strong></span> <span class='ocrx_word' id='word_1_476' title='bbox 1382 2622 1450 2665; x_wconf 90' lang='lat' dir='ltr'><strong>esse</strong></span> <span class='ocrx_word' id='word_1_477' title='bbox 1466 2603 1505 2664; x_wconf 89' lang='lat' dir='ltr'><strong>de</strong></span> <span class='ocrx_word' id='word_1_478' title='bbox 1526 2601 1628 2678; x_wconf 91' lang='lat' dir='ltr'><strong>bouis,</strong></span> <span class='ocrx_word' id='word_1_479' title='bbox 1645 2600 1670 2662; x_wconf 90' lang='lat' dir='ltr'><strong>si</strong></span> <span class='ocrx_word' id='word_1_480' title='bbox 1685 2605 1772 2662; x_wconf 89' lang='lat' dir='ltr'><strong>tran·</strong></span> 
     </span>
     <span class='ocr_line' id='line_1_75' title="bbox 979 2689 1767 2774; baseline -0.004 -21"><span class='ocrx_word' id='word_1_481' title='bbox 979 2696 1068 2753; x_wconf 85' lang='lat' dir='ltr'><strong>scant</strong></span> <span class='ocrx_word' id='word_1_482' title='bbox 1086 2691 1127 2752; x_wconf 90' lang='grc'><strong>61</strong></span> <span class='ocrx_word' id='word_1_483' title='bbox 1140 2693 1323 2769; x_wconf 82' lang='lat' dir='ltr'><strong>Ecclesiam,</strong></span> <span class='ocrx_word' id='word_1_484' title='bbox 1340 2696 1375 2754; x_wconf 90' lang='lat' dir='ltr'><strong>ut</strong></span> <span class='ocrx_word' id='word_1_485' title='bbox 1389 2692 1523 2754; x_wconf 89' lang='lat' dir='ltr'><strong>habetur</strong></span> <span class='ocrx_word' id='word_1_486' title='bbox 1534 2709 1560 2752; x_wconf 96' lang='grc'><strong>6.</strong></span> <span class='ocrx_word' id='word_1_487' title='bbox 1582 2689 1767 2774; x_wconf 80' lang='lat' dir='ltr'><strong>Quanquam,</strong></span> 
     </span>
     <span class='ocr_line' id='line_1_76' title="bbox 979 2778 1768 2844; baseline 0 -2"><span class='ocrx_word' id='word_1_488' title='bbox 979 2779 1158 2843; x_wconf 71' lang='lat' dir='ltr'><strong>decanatus</strong></span> <span class='ocrx_word' id='word_1_489' title='bbox 1176 2781 1208 2842; x_wconf 85' lang='lat' dir='ltr'><strong>in</strong></span> <span class='ocrx_word' id='word_1_490' title='bbox 1221 2785 1240 2843; x_wconf 86' lang='grc'><strong>0</strong></span> <span class='ocrx_word' id='word_1_491' title='bbox 1256 2785 1288 2843; x_wconf 90' lang='grc'><strong>61</strong></span> <span class='ocrx_word' id='word_1_492' title='bbox 1301 2781 1417 2844; x_wconf 88' lang='grc'><strong>166661</strong></span> <span class='ocrx_word' id='word_1_493' title='bbox 1426 2778 1664 2843; x_wconf 91' lang='lat' dir='ltr'><strong>cumcommuni</strong></span> <span class='ocrx_word' id='word_1_494' title='bbox 1677 2779 1768 2842; x_wconf 85' lang='lat' dir='ltr'><strong>Suar.</strong></span> 
     </span>
     <span class='ocr_line' id='line_1_77' title="bbox 980 2865 1768 2951; baseline 0 -21"><span class='ocrx_word' id='word_1_495' title='bbox 980 2870 1010 2930; x_wconf 84' lang='lat' dir='ltr'><strong>in</strong></span> <span class='ocrx_word' id='word_1_496' title='bbox 1028 2867 1136 2949; x_wconf 72' lang='lat' dir='ltr'><strong>defens.</strong></span> <span class='ocrx_word' id='word_1_497' title='bbox 1152 2867 1226 2951; x_wconf 76' lang='lat' dir='ltr'><strong>fidei</strong></span> <span class='ocrx_word' id='word_1_498' title='bbox 1236 2869 1259 2931; x_wconf 89' lang='lat' dir='ltr'><strong>l.</strong></span> <span class='ocrx_word' id='word_1_499' title='bbox 1275 2873 1305 2946; x_wconf 89' lang='grc'><strong>1,</strong></span> <span class='ocrx_word' id='word_1_500' title='bbox 1323 2873 1395 2944; x_wconf 86' lang='grc'><strong>6.9;</strong></span> <span class='ocrx_word' id='word_1_501' title='bbox 1413 2871 1491 2932; x_wconf 89' lang='lat' dir='ltr'><strong>Bou.</strong></span> <span class='ocrx_word' id='word_1_502' title='bbox 1509 2869 1540 2928; x_wconf 82' lang='lat' dir='ltr'><strong>in</strong></span> <span class='ocrx_word' id='word_1_503' title='bbox 1553 2865 1657 2930; x_wconf 85' lang='grc'><strong>06661.</strong></span> <span class='ocrx_word' id='word_1_504' title='bbox 1673 2865 1704 2929; x_wconf 85' lang='lat' dir='ltr'><strong>d.</strong></span> <span class='ocrx_word' id='word_1_505' title='bbox 1720 2869 1768 2946; x_wconf 88' lang='grc'><strong>10,</strong></span> 
     </span>
     <span class='ocr_line' id='line_1_78' title="bbox 979 2954 1772 3041; baseline -0.004 -21"><span class='ocrx_word' id='word_1_506' title='bbox 979 2963 1055 3041; x_wconf 77' lang='grc'><strong>61,</strong></span> <span class='ocrx_word' id='word_1_507' title='bbox 1079 2954 1772 3039; x_wconf 69' lang='grc' dir='ltr'><strong>6.1,ἓ1,6.1;1)1666,6.6,1.3.11.161</strong></span> 
     </span>
    </p>
   </div>
   <div class='ocr_carea' id='block_1_6' title="bbox 977 3045 1771 3129">
    <p class='ocr_par' dir='ltr' id='par_1_7' title="bbox 977 3045 1771 3129">
     <span class='ocr_line' id='line_1_79' title="bbox 977 3045 1771 3129; baseline -0.001 -20"><span class='ocrx_word' id='word_1_508' title='bbox 977 3067 1010 3129; x_wconf 90' lang='lat' dir='ltr'><strong>p.</strong></span> <span class='ocrx_word' id='word_1_509' title='bbox 1029 3051 1057 3124; x_wconf 95' lang='grc'><strong>1,</strong></span> <span class='ocrx_word' id='word_1_510' title='bbox 1076 3055 1114 3109; x_wconf 86' lang='lat' dir='ltr'><strong>tr.</strong></span> <span class='ocrx_word' id='word_1_511' title='bbox 1131 3047 1213 3124; x_wconf 80' lang='grc'><strong>1,11.</strong></span> <span class='ocrx_word' id='word_1_512' title='bbox 1232 3051 1260 3126; x_wconf 93' lang='grc'><strong>1,</strong></span> <span class='ocrx_word' id='word_1_513' title='bbox 1277 3047 1419 3110; x_wconf 88' lang='grc' dir='ltr'><strong>Ρ6161666</strong></span> <span class='ocrx_word' id='word_1_514' title='bbox 1434 3047 1530 3109; x_wconf 88' lang='lat' dir='ltr'><strong>etiam</strong></span> <span class='ocrx_word' id='word_1_515' title='bbox 1557 3051 1680 3126; x_wconf 86' lang='lat' dir='ltr'><strong>Papam</strong></span> <span class='ocrx_word' id='word_1_516' title='bbox 1695 3045 1771 3108; x_wconf 86' lang='lat' dir='ltr'><strong>dare</strong></span> 
     </span>
    </p>
   </div>
   <div class='ocr_carea' id='block_1_7' title="bbox 979 3135 1773 5172">
    <p class='ocr_par' dir='ltr' id='par_1_8' title="bbox 979 3135 1773 5172">
     <span class='ocr_line' id='line_1_80' title="bbox 980 3135 1773 3216; baseline 0 -18"><span class='ocrx_word' id='word_1_517' title='bbox 980 3137 1062 3198; x_wconf 90' lang='lat' dir='ltr'><strong>hanc</strong></span> <span class='ocrx_word' id='word_1_518' title='bbox 1078 3135 1307 3216; x_wconf 83' lang='lat' dir='ltr'><strong>exemptionem</strong></span> <span class='ocrx_word' id='word_1_519' title='bbox 1328 3136 1466 3215; x_wconf 76' lang='lat' dir='ltr'><strong>Clericis,</strong></span> <span class='ocrx_word' id='word_1_520' title='bbox 1490 3135 1773 3216; x_wconf 85' lang='lat' dir='ltr'><strong>independentera</strong></span> 
     </span>
     <span class='ocr_line' id='line_1_81' title="bbox 980 3223 1771 3305; baseline 0.001 -19"><span class='ocrx_word' id='word_1_521' title='bbox 980 3223 1176 3304; x_wconf 88' lang='lat' dir='ltr'><strong>Principibus</strong></span> <span class='ocrx_word' id='word_1_522' title='bbox 1187 3224 1401 3301; x_wconf 78' lang='lat' dir='ltr'><strong>sacularibus,</strong></span> <span class='ocrx_word' id='word_1_523' title='bbox 1416 3227 1536 3287; x_wconf 83' lang='lat' dir='ltr'><strong>certum</strong></span> <span class='ocrx_word' id='word_1_524' title='bbox 1548 3227 1605 3302; x_wconf 84' lang='grc'><strong>661,</strong></span> <span class='ocrx_word' id='word_1_525' title='bbox 1617 3241 1691 3285; x_wconf 87' lang='lat' dir='ltr'><strong>uam</strong></span> <span class='ocrx_word' id='word_1_526' title='bbox 1701 3241 1771 3305; x_wconf 87' lang='grc'><strong>666.</strong></span> 
     </span>
     <span class='ocr_line' id='line_1_82' title="bbox 982 3310 1768 3396; baseline -0.003 -22"><span class='ocrx_word' id='word_1_527' title='bbox 982 3313 1157 3396; x_wconf 77' lang='lat' dir='ltr'><strong>Quanquam</strong></span> <span class='ocrx_word' id='word_1_528' title='bbox 1172 3331 1274 3394; x_wconf 84' lang='lat' dir='ltr'><strong>supra,</strong></span> <span class='ocrx_word' id='word_1_529' title='bbox 1293 3331 1360 3394; x_wconf 85' lang='grc'><strong>666.</strong></span> <span class='ocrx_word' id='word_1_530' title='bbox 1383 3311 1519 3390; x_wconf 79' lang='lat' dir='ltr'><strong>Noverit,</strong></span> <span class='ocrx_word' id='word_1_531' title='bbox 1542 3329 1607 3394; x_wconf 88' lang='grc'><strong>666.</strong></span> <span class='ocrx_word' id='word_1_532' title='bbox 1632 3310 1768 3389; x_wconf 72' lang='grc'><strong>1666666,</strong></span> 
     </span>
     <span class='ocr_line' id='line_1_83' title="bbox 980 3400 1772 3484; baseline 0.005 -21"><span class='ocrx_word' id='word_1_533' title='bbox 980 3401 1015 3464; x_wconf 88' lang='grc'><strong>16</strong></span> <span class='ocrx_word' id='word_1_534' title='bbox 1023 3411 1141 3465; x_wconf 85' lang='lat' dir='ltr'><strong>sentent.</strong></span> <span class='ocrx_word' id='word_1_535' title='bbox 1164 3421 1303 3464; x_wconf 80' lang='grc'><strong>6666666.</strong></span> <span class='ocrx_word' id='word_1_536' title='bbox 1327 3421 1392 3484; x_wconf 88' lang='grc'><strong>666.</strong></span> <span class='ocrx_word' id='word_1_537' title='bbox 1409 3403 1464 3465; x_wconf 83' lang='lat' dir='ltr'><strong>alt.</strong></span> <span class='ocrx_word' id='word_1_538' title='bbox 1488 3401 1524 3464; x_wconf 83' lang='lat' dir='ltr'><strong>de</strong></span> <span class='ocrx_word' id='word_1_539' title='bbox 1536 3403 1595 3466; x_wconf 81' lang='lat' dir='ltr'><strong>ret.</strong></span> <span class='ocrx_word' id='word_1_540' title='bbox 1614 3400 1700 3465; x_wconf 83' lang='lat' dir='ltr'><strong>Eccl.</strong></span> <span class='ocrx_word' id='word_1_541' title='bbox 1713 3423 1772 3467; x_wconf 85' lang='lat' dir='ltr'><strong>non</strong></span> 
     </span>
     <span class='ocr_line' id='line_1_84' title="bbox 980 3489 1772 3572; baseline 0.001 -18"><span class='ocrx_word' id='word_1_542' title='bbox 980 3489 1072 3554; x_wconf 80' lang='grc'><strong>61166.</strong></span> <span class='ocrx_word' id='word_1_543' title='bbox 1090 3492 1148 3554; x_wconf 91' lang='lat' dir='ltr'><strong>sub</strong></span> <span class='ocrx_word' id='word_1_544' title='bbox 1163 3491 1302 3554; x_wconf 89' lang='lat' dir='ltr'><strong>censuris</strong></span> <span class='ocrx_word' id='word_1_545' title='bbox 1312 3492 1499 3572; x_wconf 70' lang='lat' dir='ltr'><strong>precipiunt</strong></span> <span class='ocrx_word' id='word_1_546' title='bbox 1507 3491 1706 3572; x_wconf 90' lang='lat' dir='ltr'><strong>Principibus</strong></span> <span class='ocrx_word' id='word_1_547' title='bbox 1716 3492 1772 3555; x_wconf 85' lang='lat' dir='ltr'><strong>ob·</strong></span> 
     </span>
     <span class='ocr_line' id='line_1_85' title="bbox 981 3579 1772 3662; baseline 0.003 -20"><span class='ocrx_word' id='word_1_548' title='bbox 981 3579 1171 3642; x_wconf 84' lang='lat' dir='ltr'><strong>servantiam</strong></span> <span class='ocrx_word' id='word_1_549' title='bbox 1195 3579 1287 3660; x_wconf 87' lang='lat' dir='ltr'><strong>hujus</strong></span> <span class='ocrx_word' id='word_1_550' title='bbox 1314 3579 1537 3662; x_wconf 75' lang='lat' dir='ltr'><strong>exemptionis3</strong></span> <span class='ocrx_word' id='word_1_551' title='bbox 1569 3580 1642 3642; x_wconf 88' lang='lat' dir='ltr'><strong>hinc</strong></span> <span class='ocrx_word' id='word_1_552' title='bbox 1676 3581 1772 3644; x_wconf 84' lang='lat' dir='ltr'><strong>etiem</strong></span> 
     </span>
     <span class='ocr_line' id='line_1_86' title="bbox 980 3665 1773 3753; baseline 0 -20"><span class='ocrx_word' id='word_1_553' title='bbox 980 3669 1120 3733; x_wconf 82' lang='lat' dir='ltr'><strong>Trident.</strong></span> <span class='ocrx_word' id='word_1_554' title='bbox 1137 3689 1200 3732; x_wconf 82' lang='lat' dir='ltr'><strong>sess.</strong></span> <span class='ocrx_word' id='word_1_555' title='bbox 1217 3673 1267 3749; x_wconf 84' lang='grc'><strong>15,</strong></span> <span class='ocrx_word' id='word_1_556' title='bbox 1281 3689 1345 3753; x_wconf 85' lang='grc'><strong>666.</strong></span> <span class='ocrx_word' id='word_1_557' title='bbox 1357 3674 1408 3748; x_wconf 89' lang='grc'><strong>10,</strong></span> <span class='ocrx_word' id='word_1_558' title='bbox 1424 3665 1615 3750; x_wconf 68' lang='grc' dir='ltr'><strong>161161611ε</strong></span> <span class='ocrx_word' id='word_1_559' title='bbox 1631 3668 1773 3733; x_wconf 77' lang='lat' dir='ltr'><strong>Ecclesia</strong></span> 
     </span>
     <span class='ocr_line' id='line_1_87' title="bbox 980 3756 1773 3838; baseline 0.004 -20"><span class='ocrx_word' id='word_1_560' title='bbox 980 3765 1008 3818; x_wconf 85' lang='lat' dir='ltr'><strong>et</strong></span> <span class='ocrx_word' id='word_1_561' title='bbox 1036 3756 1305 3820; x_wconf 79' lang='lat' dir='ltr'><strong>Ecclesiastioarnm</strong></span> <span class='ocrx_word' id='word_1_562' title='bbox 1336 3775 1530 3838; x_wconf 75' lang='grc'><strong>6666666666</strong></span> <span class='ocrx_word' id='word_1_563' title='bbox 1556 3758 1773 3821; x_wconf 71' lang='lat' dir='ltr'><strong>immunitates</strong></span> 
     </span>
     <span class='ocr_line' id='line_1_88' title="bbox 980 3847 1773 3926; baseline 0 -16"><span class='ocrx_word' id='word_1_564' title='bbox 980 3848 1038 3910; x_wconf 83' lang='lat' dir='ltr'><strong>Dei</strong></span> <span class='ocrx_word' id='word_1_565' title='bbox 1051 3847 1248 3926; x_wconf 75' lang='lat' dir='ltr'><strong>ordinatione,</strong></span> <span class='ocrx_word' id='word_1_566' title='bbox 1264 3856 1293 3910; x_wconf 86' lang='lat' dir='ltr'><strong>et</strong></span> <span class='ocrx_word' id='word_1_567' title='bbox 1308 3847 1465 3912; x_wconf 81' lang='lat' dir='ltr'><strong>Canonia&#39;s</strong></span> <span class='ocrx_word' id='word_1_568' title='bbox 1475 3847 1677 3910; x_wconf 64' lang='lat' dir='ltr'><strong>scardonitana</strong></span> <span class='ocrx_word' id='word_1_569' title='bbox 1690 3867 1773 3910; x_wconf 78' lang='grc'><strong>6666-</strong></span> 
     </span>
     <span class='ocr_line' id='line_1_89' title="bbox 981 3935 1773 4018; baseline 0.003 -20"><span class='ocrx_word' id='word_1_570' title='bbox 981 3939 1100 3998; x_wconf 82' lang='lat' dir='ltr'><strong>titutum</strong></span> <span class='ocrx_word' id='word_1_571' title='bbox 1115 3955 1189 3998; x_wconf 84' lang='lat' dir='ltr'><strong>esse:</strong></span> <span class='ocrx_word' id='word_1_572' title='bbox 1211 3937 1301 4018; x_wconf 88' lang='lat' dir='ltr'><strong>cujus</strong></span> <span class='ocrx_word' id='word_1_573' title='bbox 1315 3937 1395 3998; x_wconf 91' lang='lat' dir='ltr'><strong>ratic</strong></span> <span class='ocrx_word' id='word_1_574' title='bbox 1411 3940 1469 4015; x_wconf 90' lang='lat' dir='ltr'><strong>cst,</strong></span> <span class='ocrx_word' id='word_1_575' title='bbox 1492 3935 1567 4018; x_wconf 90' lang='lat' dir='ltr'><strong>quia</strong></span> <span class='ocrx_word' id='word_1_576' title='bbox 1586 3936 1773 4001; x_wconf 81' lang='grc'><strong>666616616-</strong></span> 
     </span>
     <span class='ocr_line' id='line_1_90' title="bbox 981 4025 1773 4107; baseline 0.004 -21"><span class='ocrx_word' id='word_1_577' title='bbox 981 4025 1373 4105; x_wconf 84' lang='grc'><strong>166666161666101661666,</strong></span> <span class='ocrx_word' id='word_1_578' title='bbox 1390 4026 1443 4107; x_wconf 91' lang='lat' dir='ltr'><strong>qui</strong></span> <span class='ocrx_word' id='word_1_579' title='bbox 1457 4030 1522 4088; x_wconf 86' lang='lat' dir='ltr'><strong>Deo</strong></span> <span class='ocrx_word' id='word_1_580' title='bbox 1537 4026 1715 4105; x_wconf 87' lang='lat' dir='ltr'><strong>specialiter</strong></span> <span class='ocrx_word' id='word_1_581' title='bbox 1728 4028 1773 4089; x_wconf 90' lang='lat' dir='ltr'><strong>di·</strong></span> 
     </span>
     <span class='ocr_line' id='line_1_91' title="bbox 981 4113 1773 4194; baseline 0.003 -18"><span class='ocrx_word' id='word_1_582' title='bbox 981 4113 1041 4176; x_wconf 86' lang='lat' dir='ltr'><strong>cati</strong></span> <span class='ocrx_word' id='word_1_583' title='bbox 1056 4117 1138 4191; x_wconf 90' lang='lat' dir='ltr'><strong>sunt,</strong></span> <span class='ocrx_word' id='word_1_584' title='bbox 1154 4119 1185 4178; x_wconf 88' lang='lat' dir='ltr'><strong>et</strong></span> <span class='ocrx_word' id='word_1_585' title='bbox 1199 4115 1358 4177; x_wconf 88' lang='lat' dir='ltr'><strong>constituti</strong></span> <span class='ocrx_word' id='word_1_586' title='bbox 1373 4115 1571 4177; x_wconf 75' lang='lat' dir='ltr'><strong>secularium</strong></span> <span class='ocrx_word' id='word_1_587' title='bbox 1583 4115 1722 4194; x_wconf 83' lang='grc'><strong>1611666,</strong></span> <span class='ocrx_word' id='word_1_588' title='bbox 1734 4133 1773 4178; x_wconf 89' lang='grc'><strong>66</strong></span> 
     </span>
     <span class='ocr_line' id='line_1_92' title="bbox 979 4202 1773 4268; baseline -0.001 -2"><span class='ocrx_word' id='word_1_589' title='bbox 979 4203 1094 4266; x_wconf 83' lang='lat' dir='ltr'><strong>Vicarii</strong></span> <span class='ocrx_word' id='word_1_590' title='bbox 1106 4203 1219 4266; x_wconf 83' lang='lat' dir='ltr'><strong>Christi</strong></span> <span class='ocrx_word' id='word_1_591' title='bbox 1235 4204 1266 4265; x_wconf 92' lang='lat' dir='ltr'><strong>in</strong></span> <span class='ocrx_word' id='word_1_592' title='bbox 1281 4203 1390 4266; x_wconf 88' lang='lat' dir='ltr'><strong>ordine</strong></span> <span class='ocrx_word' id='word_1_593' title='bbox 1402 4203 1443 4265; x_wconf 89' lang='lat' dir='ltr'><strong>ad</strong></span> <span class='ocrx_word' id='word_1_594' title='bbox 1452 4202 1702 4265; x_wconf 89' lang='lat' dir='ltr'><strong>administranda</strong></span> <span class='ocrx_word' id='word_1_595' title='bbox 1711 4203 1773 4268; x_wconf 85' lang='lat' dir='ltr'><strong>illis</strong></span> 
     </span>
     <span class='ocr_line' id='line_1_93' title="bbox 980 4291 1773 4374; baseline 0 -20"><span class='ocrx_word' id='word_1_596' title='bbox 980 4293 1101 4360; x_wconf 88' lang='lat' dir='ltr'><strong>Divina,</strong></span> <span class='ocrx_word' id='word_1_597' title='bbox 1120 4311 1228 4354; x_wconf 91' lang='lat' dir='ltr'><strong>eorum</strong></span> <span class='ocrx_word' id='word_1_598' title='bbox 1242 4293 1388 4373; x_wconf 87' lang='lat' dir='ltr'><strong>potestati</strong></span> <span class='ocrx_word' id='word_1_599' title='bbox 1399 4293 1538 4370; x_wconf 86' lang='lat' dir='ltr'><strong>subesse,</strong></span> <span class='ocrx_word' id='word_1_600' title='bbox 1551 4291 1625 4354; x_wconf 87' lang='lat' dir='ltr'><strong>binc</strong></span> <span class='ocrx_word' id='word_1_601' title='bbox 1637 4311 1699 4374; x_wconf 89' lang='grc'><strong>666.</strong></span> <span class='ocrx_word' id='word_1_602' title='bbox 1712 4291 1773 4354; x_wconf 83' lang='lat' dir='ltr'><strong>Ec·</strong></span> 
     </span>
     <span class='ocr_line' id='line_1_94' title="bbox 979 4379 1772 4458; baseline 0.003 -18"><span class='ocrx_word' id='word_1_603' title='bbox 979 4379 1066 4441; x_wconf 81' lang='lat' dir='ltr'><strong>etesia</strong></span> <span class='ocrx_word' id='word_1_604' title='bbox 1079 4382 1197 4442; x_wconf 78' lang='lat' dir='ltr'><strong>Sancta</strong></span> <span class='ocrx_word' id='word_1_605' title='bbox 1211 4379 1330 4458; x_wconf 81' lang='lat' dir='ltr'><strong>Manr&#39;oe,</strong></span> <span class='ocrx_word' id='word_1_606' title='bbox 1342 4379 1379 4444; x_wconf 80' lang='lat' dir='ltr'><strong>a</strong></span> <span class='ocrx_word' id='word_1_607' title='bbox 1391 4379 1513 4443; x_wconf 82' lang='lat' dir='ltr'><strong>Constit.</strong></span> <span class='ocrx_word' id='word_1_608' title='bbox 1524 4379 1649 4457; x_wconf 88' lang='lat' dir='ltr'><strong>dicitur,</strong></span> <span class='ocrx_word' id='word_1_609' title='bbox 1661 4384 1697 4442; x_wconf 91' lang='lat' dir='ltr'><strong>ut</strong></span> <span class='ocrx_word' id='word_1_610' title='bbox 1710 4387 1772 4442; x_wconf 83' lang='lat' dir='ltr'><strong>sta·</strong></span> 
     </span>
     <span class='ocr_line' id='line_1_95' title="bbox 980 4468 1772 4532; baseline 0.001 -1"><span class='ocrx_word' id='word_1_611' title='bbox 980 4473 1083 4531; x_wconf 89' lang='lat' dir='ltr'><strong>tutum</strong></span> <span class='ocrx_word' id='word_1_612' title='bbox 1097 4468 1191 4530; x_wconf 90' lang='lat' dir='ltr'><strong>etiam</strong></span> <span class='ocrx_word' id='word_1_613' title='bbox 1205 4469 1238 4530; x_wconf 93' lang='lat' dir='ltr'><strong>in</strong></span> <span class='ocrx_word' id='word_1_614' title='bbox 1253 4469 1361 4532; x_wconf 90' lang='lat' dir='ltr'><strong>favore</strong></span> <span class='ocrx_word' id='word_1_615' title='bbox 1374 4469 1522 4532; x_wconf 74' lang='lat' dir='ltr'><strong>Ecclesia</strong></span> <span class='ocrx_word' id='word_1_616' title='bbox 1533 4469 1675 4531; x_wconf 88' lang='lat' dir='ltr'><strong>lactuma</strong></span> <span class='ocrx_word' id='word_1_617' title='bbox 1686 4469 1772 4532; x_wconf 88' lang='lat' dir='ltr'><strong>laicis</strong></span> 
     </span>
     <span class='ocr_line' id='line_1_96' title="bbox 979 4558 1770 4636; baseline 0.001 -17"><span class='ocrx_word' id='word_1_618' title='bbox 979 4562 1067 4619; x_wconf 88' lang='lat' dir='ltr'><strong>motu</strong></span> <span class='ocrx_word' id='word_1_619' title='bbox 1094 4558 1233 4636; x_wconf 90' lang='lat' dir='ltr'><strong>proprio,</strong></span> <span class='ocrx_word' id='word_1_620' title='bbox 1268 4578 1283 4616; x_wconf 96' lang='grc'><strong>6</strong></span> <span class='ocrx_word' id='word_1_621' title='bbox 1311 4558 1432 4620; x_wconf 90' lang='lat' dir='ltr'><strong>Nullius</strong></span> <span class='ocrx_word' id='word_1_622' title='bbox 1458 4558 1615 4620; x_wconf 84' lang='lat' dir='ltr'><strong>firmitatis</strong></span> <span class='ocrx_word' id='word_1_623' title='bbox 1642 4558 1770 4631; x_wconf 85' lang='lat' dir='ltr'><strong>existat,</strong></span> 
     </span>
     <span class='ocr_line' id='line_1_97' title="bbox 980 4645 1772 4727; baseline 0.004 -21"><span class='ocrx_word' id='word_1_624' title='bbox 980 4671 994 4706; x_wconf 81' lang='grc'><strong>6</strong></span> <span class='ocrx_word' id='word_1_625' title='bbox 1021 4645 1078 4706; x_wconf 90' lang='grc'><strong>6161</strong></span> <span class='ocrx_word' id='word_1_626' title='bbox 1093 4647 1133 4708; x_wconf 82' lang='lat' dir='ltr'><strong>ab</strong></span> <span class='ocrx_word' id='word_1_627' title='bbox 1147 4647 1286 4708; x_wconf 85' lang='lat' dir='ltr'><strong>Ecclesia</strong></span> <span class='ocrx_word' id='word_1_628' title='bbox 1299 4647 1393 4710; x_wconf 85' lang='lat' dir='ltr'><strong>fuerit</strong></span> <span class='ocrx_word' id='word_1_629' title='bbox 1406 4646 1628 4727; x_wconf 88' lang='lat' dir='ltr'><strong>approbatum,</strong></span> <span class='ocrx_word' id='word_1_630' title='bbox 1645 4647 1772 4726; x_wconf 88' lang='lat' dir='ltr'><strong>quiaeis</strong></span> 
     </span>
     <span class='ocr_line' id='line_1_98' title="bbox 980 4733 1772 4814; baseline 0.005 -21"><span class='ocrx_word' id='word_1_631' title='bbox 980 4755 994 4792; x_wconf 87' lang='grc'><strong>6</strong></span> <span class='ocrx_word' id='word_1_632' title='bbox 1020 4751 1115 4812; x_wconf 89' lang='grc'><strong>66666</strong></span> <span class='ocrx_word' id='word_1_633' title='bbox 1134 4733 1291 4812; x_wconf 75' lang='grc'><strong>1166166116,</strong></span> <span class='ocrx_word' id='word_1_634' title='bbox 1321 4737 1352 4796; x_wconf 81' lang='lat' dir='ltr'><strong>at</strong></span> <span class='ocrx_word' id='word_1_635' title='bbox 1377 4733 1519 4814; x_wconf 89' lang='lat' dir='ltr'><strong>personis</strong></span> <span class='ocrx_word' id='word_1_636' title='bbox 1546 4735 1772 4799; x_wconf 86' lang='lat' dir='ltr'><strong>Ecclesiasticis</strong></span> 
     </span>
     <span class='ocr_line' id='line_1_99' title="bbox 979 4822 1771 4908; baseline 0.009 -28"><span class='ocrx_word' id='word_1_637' title='bbox 979 4844 993 4882; x_wconf 85' lang='grc'><strong>6</strong></span> <span class='ocrx_word' id='word_1_638' title='bbox 1020 4822 1105 4883; x_wconf 90' lang='grc'><strong>66116</strong></span> <span class='ocrx_word' id='word_1_639' title='bbox 1119 4822 1159 4884; x_wconf 89' lang='grc'><strong>611</strong></span> <span class='ocrx_word' id='word_1_640' title='bbox 1173 4823 1476 4908; x_wconf 76' lang='grc'><strong>61161161616661166,</strong></span> <span class='ocrx_word' id='word_1_641' title='bbox 1490 4841 1568 4906; x_wconf 88' lang='lat' dir='ltr'><strong>quos</strong></span> <span class='ocrx_word' id='word_1_642' title='bbox 1576 4825 1771 4905; x_wconf 88' lang='lat' dir='ltr'><strong>obsequendi</strong></span> 
     </span>
     <span class='ocr_line' id='line_1_100' title="bbox 979 4911 1772 4993; baseline 0.008 -23"><span class='ocrx_word' id='word_1_643' title='bbox 979 4935 994 4971; x_wconf 85' lang='grc'><strong>6</strong></span> <span class='ocrx_word' id='word_1_644' title='bbox 1020 4917 1127 4974; x_wconf 88' lang='lat' dir='ltr'><strong>manet</strong></span> <span class='ocrx_word' id='word_1_645' title='bbox 1140 4911 1321 4989; x_wconf 88' lang='lat' dir='ltr'><strong>necessitas,</strong></span> <span class='ocrx_word' id='word_1_646' title='bbox 1339 4931 1400 4974; x_wconf 91' lang='lat' dir='ltr'><strong>non</strong></span> <span class='ocrx_word' id='word_1_647' title='bbox 1425 4911 1594 4974; x_wconf 90' lang='lat' dir='ltr'><strong>auctoritas</strong></span> <span class='ocrx_word' id='word_1_648' title='bbox 1613 4912 1772 4993; x_wconf 88' lang='lat' dir='ltr'><strong>imperan-</strong></span> 
     </span>
     <span class='ocr_line' id='line_1_101' title="bbox 979 4999 1772 5080; baseline 0.004 -20"><span class='ocrx_word' id='word_1_649' title='bbox 979 5023 994 5060; x_wconf 85' lang='grc'><strong>6</strong></span> <span class='ocrx_word' id='word_1_650' title='bbox 1019 4999 1062 5063; x_wconf 90' lang='grc'><strong>11.</strong></span> <span class='ocrx_word' id='word_1_651' title='bbox 1079 5023 1093 5060; x_wconf 86' lang='grc'><strong>6</strong></span> <span class='ocrx_word' id='word_1_652' title='bbox 1118 5005 1148 5063; x_wconf 91' lang='grc'><strong>1.</strong></span> <span class='ocrx_word' id='word_1_653' title='bbox 1172 5001 1289 5063; x_wconf 87' lang='lat' dir='ltr'><strong>Privati</strong></span> <span class='ocrx_word' id='word_1_654' title='bbox 1311 5001 1394 5078; x_wconf 89' lang='lat' dir='ltr'><strong>laici,</strong></span> <span class='ocrx_word' id='word_1_655' title='bbox 1415 5004 1447 5062; x_wconf 91' lang='lat' dir='ltr'><strong>et</strong></span> <span class='ocrx_word' id='word_1_656' title='bbox 1460 4999 1620 5080; x_wconf 89' lang='lat' dir='ltr'><strong>Principes</strong></span> <span class='ocrx_word' id='word_1_657' title='bbox 1636 5019 1698 5065; x_wconf 92' lang='lat' dir='ltr'><strong>non</strong></span> <span class='ocrx_word' id='word_1_658' title='bbox 1717 5002 1772 5063; x_wconf 90' lang='lat' dir='ltr'><strong>ba·</strong></span> 
     </span>
     <span class='ocr_line' id='line_1_102' title="bbox 979 5089 1771 5172; baseline -0.005 -18"><span class='ocrx_word' id='word_1_659' title='bbox 979 5091 1055 5154; x_wconf 79' lang='grc'><strong>1661</strong></span> <span class='ocrx_word' id='word_1_660' title='bbox 1065 5091 1117 5171; x_wconf 88' lang='lat' dir='ltr'><strong>jus</strong></span> <span class='ocrx_word' id='word_1_661' title='bbox 1131 5089 1171 5152; x_wconf 91' lang='lat' dir='ltr'><strong>ad</strong></span> <span class='ocrx_word' id='word_1_662' title='bbox 1185 5090 1273 5167; x_wconf 91' lang='lat' dir='ltr'><strong>illud,</strong></span> <span class='ocrx_word' id='word_1_663' title='bbox 1291 5090 1375 5172; x_wconf 93' lang='lat' dir='ltr'><strong>quod</strong></span> <span class='ocrx_word' id='word_1_664' title='bbox 1389 5092 1472 5152; x_wconf 87' lang='grc'><strong>66661</strong></span> <span class='ocrx_word' id='word_1_665' title='bbox 1493 5089 1525 5150; x_wconf 90' lang='grc'><strong>16</strong></span> <span class='ocrx_word' id='word_1_666' title='bbox 1548 5107 1699 5170; x_wconf 76' lang='lat' dir='ltr'><strong>magnum</strong></span> <span class='ocrx_word' id='word_1_667' title='bbox 1719 5089 1771 5150; x_wconf 90' lang='lat' dir='ltr'><strong>de-</strong></span> 
     </span>
    </p>
   </div>
   <div class='ocr_carea' id='block_1_8' title="bbox 127 5177 1773 5348">
    <p class='ocr_par' dir='ltr' id='par_1_9' title="bbox 127 5177 1773 5348">
     <span class='ocr_line' id='line_1_103' title="bbox 172 5177 1773 5262; baseline -0.002 -19"><span class='ocrx_word' id='word_1_668' title='bbox 172 5177 273 5262; x_wconf 77' lang='lat' dir='ltr'><strong>Infert</strong></span> <span class='ocrx_word' id='word_1_669' title='bbox 290 5179 458 5257; x_wconf 81' lang='lat' dir='ltr'><strong>Caramuel,</strong></span> <span class='ocrx_word' id='word_1_670' title='bbox 475 5179 500 5241; x_wconf 92' lang='lat' dir='ltr'><strong>si</strong></span> <span class='ocrx_word' id='word_1_671' title='bbox 513 5197 544 5241; x_wconf 88' lang='lat' dir='ltr'><strong>r.</strong></span> <span class='ocrx_word' id='word_1_672' title='bbox 554 5197 586 5258; x_wconf 83' lang='lat' dir='ltr'><strong>g.</strong></span> <span class='ocrx_word' id='word_1_673' title='bbox 604 5177 716 5242; x_wconf 89' lang='lat' dir='ltr'><strong>domus</strong></span> <span class='ocrx_word' id='word_1_674' title='bbox 731 5177 836 5260; x_wconf 87' lang='lat' dir='ltr'><strong>aliqua</strong></span> <span class='ocrx_word' id='word_1_675' title='bbox 858 5178 924 5242; x_wconf 87' lang='lat' dir='ltr'><strong>sina</strong></span> <span class='ocrx_word' id='word_1_676' title='bbox 974 5179 1160 5242; x_wconf 85' lang='lat' dir='ltr'><strong>trimentum</strong></span> <span class='ocrx_word' id='word_1_677' title='bbox 1175 5178 1263 5258; x_wconf 86' lang='lat' dir='ltr'><strong>Reip.</strong></span> <span class='ocrx_word' id='word_1_678' title='bbox 1281 5179 1475 5256; x_wconf 77' lang='lat' dir='ltr'><strong>Christiana,</strong></span> <span class='ocrx_word' id='word_1_679' title='bbox 1491 5177 1547 5238; x_wconf 92' lang='lat' dir='ltr'><strong>sed</strong></span> <span class='ocrx_word' id='word_1_680' title='bbox 1566 5177 1592 5238; x_wconf 92' lang='lat' dir='ltr'><strong>si</strong></span> <span class='ocrx_word' id='word_1_681' title='bbox 1618 5177 1773 5240; x_wconf 82' lang='lat' dir='ltr'><strong>haberent</strong></span> 
     </span>
     <span class='ocr_line' id='line_1_104' title="bbox 127 5265 1772 5348; baseline -0.003 -15"><span class='ocrx_word' id='word_1_682' title='bbox 127 5269 260 5333; x_wconf 87' lang='lat' dir='ltr'><strong>licentia</strong></span> <span class='ocrx_word' id='word_1_683' title='bbox 281 5268 433 5348; x_wconf 87' lang='lat' dir='ltr'><strong>Principis</strong></span> <span class='ocrx_word' id='word_1_684' title='bbox 452 5266 615 5329; x_wconf 87' lang='lat' dir='ltr'><strong>dedicetur</strong></span> <span class='ocrx_word' id='word_1_685' title='bbox 635 5268 712 5343; x_wconf 85' lang='lat' dir='ltr'><strong>Deo,</strong></span> <span class='ocrx_word' id='word_1_686' title='bbox 729 5271 757 5328; x_wconf 94' lang='grc'><strong>1.</strong></span> <span class='ocrx_word' id='word_1_687' title='bbox 785 5266 924 5329; x_wconf 84' lang='grc'><strong>01616166</strong></span> <span class='ocrx_word' id='word_1_688' title='bbox 976 5265 1039 5348; x_wconf 86' lang='lat' dir='ltr'><strong>jus,</strong></span> <span class='ocrx_word' id='word_1_689' title='bbox 1055 5271 1090 5328; x_wconf 93' lang='grc'><strong>61</strong></span> <span class='ocrx_word' id='word_1_690' title='bbox 1116 5265 1200 5328; x_wconf 89' lang='lat' dir='ltr'><strong>bona</strong></span> <span class='ocrx_word' id='word_1_691' title='bbox 1224 5265 1443 5328; x_wconf 78' lang='lat' dir='ltr'><strong>aeclesiastica</strong></span> <span class='ocrx_word' id='word_1_692' title='bbox 1463 5269 1628 5328; x_wconf 88' lang='lat' dir='ltr'><strong>manerent</strong></span> <span class='ocrx_word' id='word_1_693' title='bbox 1647 5283 1772 5346; x_wconf 87' lang='lat' dir='ltr'><strong>semper</strong></span> 
     </span>
    </p>
   </div>
   <div class='ocr_carea' id='block_1_9' title="bbox 126 5355 925 5618">
    <p class='ocr_par' dir='ltr' id='par_1_10' title="bbox 126 5355 925 5618">
     <span class='ocr_line' id='line_1_105' title="bbox 128 5355 925 5436; baseline -0.008 -13"><span class='ocrx_word' id='word_1_694' title='bbox 128 5361 168 5423; x_wconf 86' lang='grc'><strong>111</strong></span> <span class='ocrx_word' id='word_1_695' title='bbox 183 5357 335 5420; x_wconf 87' lang='lat' dir='ltr'><strong>Dominus</strong></span> <span class='ocrx_word' id='word_1_696' title='bbox 359 5355 455 5420; x_wconf 90' lang='lat' dir='ltr'><strong>solius</strong></span> <span class='ocrx_word' id='word_1_697' title='bbox 478 5355 692 5436; x_wconf 88' lang='lat' dir='ltr'><strong>proprietatis;</strong></span> <span class='ocrx_word' id='word_1_698' title='bbox 709 5358 795 5436; x_wconf 90' lang='lat' dir='ltr'><strong>Papa</strong></span> <span class='ocrx_word' id='word_1_699' title='bbox 818 5361 925 5418; x_wconf 90' lang='lat' dir='ltr'><strong>autem</strong></span> 
     </span>
     <span class='ocr_line' id='line_1_106' title="bbox 126 5443 925 5530; baseline -0.005 -20"><span class='ocrx_word' id='word_1_700' title='bbox 126 5445 350 5530; x_wconf 80' lang='grc'><strong>6661661666,</strong></span> <span class='ocrx_word' id='word_1_701' title='bbox 374 5447 439 5509; x_wconf 87' lang='grc'><strong>6166</strong></span> <span class='ocrx_word' id='word_1_702' title='bbox 462 5445 606 5510; x_wconf 74' lang='grc'><strong>11666166</strong></span> <span class='ocrx_word' id='word_1_703' title='bbox 634 5449 666 5507; x_wconf 91' lang='grc'><strong>61</strong></span> <span class='ocrx_word' id='word_1_704' title='bbox 690 5443 925 5510; x_wconf 86' lang='lat' dir='ltr'><strong>administrator</strong></span> 
     </span>
     <span class='ocr_line' id='line_1_107' title="bbox 129 5531 923 5618; baseline -0.005 -18"><span class='ocrx_word' id='word_1_705' title='bbox 129 5535 229 5604; x_wconf 88' lang='lat' dir='ltr'><strong>etiam</strong></span> <span class='ocrx_word' id='word_1_706' title='bbox 253 5534 348 5600; x_wconf 89' lang='grc'><strong>661166</strong></span> <span class='ocrx_word' id='word_1_707' title='bbox 370 5532 623 5618; x_wconf 67' lang='lat' dir='ltr'><strong>propulsabat.</strong></span> <span class='ocrx_word' id='word_1_708' title='bbox 640 5531 764 5616; x_wconf 78' lang='lat' dir='ltr'><strong>Singuli</strong></span> <span class='ocrx_word' id='word_1_709' title='bbox 778 5532 923 5596; x_wconf 88' lang='grc'><strong>66661666</strong></span> 
     </span>
    </p>
   </div>
   <div class='ocr_carea' id='block_1_10' title="bbox 978 5353 1771 5624">
    <p class='ocr_par' dir='ltr' id='par_1_11' title="bbox 978 5353 1771 5624">
     <span class='ocr_line' id='line_1_108' title="bbox 980 5353 1771 5437; baseline 0.003 -21"><span class='ocrx_word' id='word_1_710' title='bbox 980 5353 1168 5433; x_wconf 84' lang='lat' dir='ltr'><strong>alienabitis,</strong></span> <span class='ocrx_word' id='word_1_711' title='bbox 1181 5355 1240 5416; x_wconf 92' lang='lat' dir='ltr'><strong>hoc</strong></span> <span class='ocrx_word' id='word_1_712' title='bbox 1255 5359 1337 5420; x_wconf 90' lang='lat' dir='ltr'><strong>esset</strong></span> <span class='ocrx_word' id='word_1_713' title='bbox 1349 5357 1380 5416; x_wconf 93' lang='lat' dir='ltr'><strong>in</strong></span> <span class='ocrx_word' id='word_1_714' title='bbox 1390 5371 1540 5437; x_wconf 80' lang='lat' dir='ltr'><strong>magnum</strong></span> <span class='ocrx_word' id='word_1_715' title='bbox 1549 5355 1771 5418; x_wconf 88' lang='lat' dir='ltr'><strong>detrimentum</strong></span> 
     </span>
     <span class='ocr_line' id='line_1_109' title="bbox 980 5442 1771 5526; baseline 0.003 -21"><span class='ocrx_word' id='word_1_716' title='bbox 980 5442 1111 5522; x_wconf 83' lang='lat' dir='ltr'><strong>Reipub.</strong></span> <span class='ocrx_word' id='word_1_717' title='bbox 1124 5443 1308 5506; x_wconf 79' lang='lat' dir='ltr'><strong>Christiana</strong></span> <span class='ocrx_word' id='word_1_718' title='bbox 1325 5465 1332 5506; x_wconf 94' lang='lat'><strong>:</strong></span> <span class='ocrx_word' id='word_1_719' title='bbox 1347 5463 1434 5526; x_wconf 81' lang='lat' dir='ltr'><strong>ergo,</strong></span> <span class='ocrx_word' id='word_1_720' title='bbox 1448 5443 1539 5506; x_wconf 86' lang='lat' dir='ltr'><strong>Prot.</strong></span> <span class='ocrx_word' id='word_1_721' title='bbox 1549 5444 1622 5504; x_wconf 84' lang='lat' dir='ltr'><strong>min.</strong></span> <span class='ocrx_word' id='word_1_722' title='bbox 1639 5445 1771 5507; x_wconf 85' lang='grc'><strong>11666116</strong></span> 
     </span>
     <span class='ocr_line' id='line_1_110' title="bbox 978 5532 1768 5624; baseline 0.009 -30"><span class='ocrx_word' id='word_1_723' title='bbox 978 5549 1128 5617; x_wconf 78' lang='lat' dir='ltr'><strong>magnum</strong></span> <span class='ocrx_word' id='word_1_724' title='bbox 1152 5533 1375 5599; x_wconf 84' lang='lat' dir='ltr'><strong>detrimentum</strong></span> <span class='ocrx_word' id='word_1_725' title='bbox 1399 5532 1496 5624; x_wconf 83' lang='lat' dir='ltr'><strong>Reip.</strong></span> <span class='ocrx_word' id='word_1_726' title='bbox 1511 5532 1736 5600; x_wconf 72' lang='lat' dir='ltr'><strong>aeclesiastica</strong></span> <span class='ocrx_word' id='word_1_727' title='bbox 1762 5554 1768 5611; x_wconf 83' lang='lat'>;</span> 
     </span>
    </p>
   </div>
   <div class='ocr_carea' id='block_1_11' title="bbox 0 0 2048 6340">
    <p class='ocr_par' dir='ltr' id='par_1_12' title="bbox 0 0 2048 6340">
     <span class='ocr_line' id='line_1_111' title="bbox 0 0 2048 6340; baseline 0 0"><span class='ocrx_word' id='word_1_728' title='bbox 0 0 2048 6340; x_wconf 95' lang='lat' dir='ltr'><strong> </strong></span> 
     </span>
    </p>
   </div>
  </div>
 </body>
</html>
