4056 6344
584 565 872 634 bartolomeus
896 573 1218 634 laetullSlnSlldlS.

89 753 116 815 d.
132 757 160 830 l,
177 773 207 816 n.
225 757 274 830 75,
292 754 468 836 dicitposse
482 756 590 835 semel,
601 757 695 836 idque
706 758 824 838 colligit
838 776 876 818 ex

90 862 153 922 cap.
170 841 396 924 Sipnifieotam,
412 845 763 924 Dep1·aeb.-ubidicitur
778 848 817 906 de
832 851 881 909 ta-

88 931 118 1008 li,
134 935 294 1012 utquanto
305 935 499 1016 frequentius
507 939 620 1014 potest,
631 936 779 1012 celebret,
793 935 879 996 salva

90 1023 259 1098 honestate,
276 1027 307 1086 ct
321 1024 426 1084 debita
437 1023 612 1086 devotione.
630 1023 880 1086 Admittitetiam

89 1111 183 1186 Less,
199 1127 291 1189 posse
306 1112 414 1190 semol,¹
431 1112 480 1171 vel
504 1111 619 1174 iterum
642 1111 681 1173 de
696 1129 778 1174 anno
801 1113 880 1172 celc-

89 1198 176 1258 brare
200 1217 259 1278 pro
285 1201 390 1280 aliquo
413 1200 471 1260 sibi
486 1199 577 1260 valdo
594 1200 772 1280 conjuncto.
788 1199 876 1260 verb.

90 1291 166 1366 grat.
191 1287 247 1366 qui
273 1289 350 1350 obiit
374 1289 424 1349 rcl
441 1289 531 1350 estin
554 1288 642 1368 gravi
670 1289 876 1350 necessitate:

91 1374 181 1435 nimis
197 1375 281 1436 enim
297 1377 412 1438 durum
428 1377 506 1438 lorot
520 1376 551 1436 id
568 1395 684 1456 negare
699 1375 753 1454 illi,
778 1383 808 1437 et
834 1395 880 1436 re-

44 1535 45 1538 ,
90 1481 160 1524 sera
174 1466 365 1527 consentiret
379 1465 546 1542 fundator,
564 1465 589 1526 si
614 1469 788 1545 rogaretur.
815 1467 879 1526 lmo

92 1551 195 1614 Gobat.
208 1554 304 1616 etalii
320 1554 429 1615 dicunt
443 1572 533 1632 posse
561 1553 599 1614 de
621 1572 703 1614 anno
716 1553 879 1633 quinquies

91 1642 141 1698 aut
160 1638 262 1699 sexies
289 1639 338 1698 vel
367 1640 460 1700 ctiam
473 1639 587 1716 sapius
603 1638 761 1698 celebrare
776 1657 832 1718 pro
846 1657 879 1699 se

91 1725 285 1803 cognatisvel
293 1727 545 1788 benefactoribus
559 1726 638 1802 aliis,
653 1727 737 1806 quod
752 1727 879 1787 omnino

92 1813 272 1874 rationabile
284 1821 342 1886 est;
358 1816 412 1876 sed
425 1814 558 1876 consulit
568 1813 675 1892 Steph.
687 1834 717 1874 a.
734 1817 783 1890 ll,
796 1820 830 1876 ut
839 1814 881 1874 si-

91 1903 151 1962 mul
165 1904 365 1982 applicetpro
377 1904 552 1979 fundatore,
567 1903 800 1982 quantumbuic
810 1923 880 1982 pro·

93 1991 177 2052 desse
191 1999 296 2070 potest
311 2012 317 2054 :
335 1993 494 2071 supposito
510 1997 614 2052 autom
632 1991 716 2072 quod
729 1991 798 2052 talis
810 2009 882 2070 pos-

91 2079 127 2140 sit
141 2079 311 2157 aliquando
328 2081 471 2140 omittere
491 2079 629 2155 Missam,
648 2085 753 2139 tamen
765 2077 881 2158 silogat

92 2166 171 2227 omni
186 2168 249 2245 die,
268 2187 330 2228 non
345 2172 451 2248 potest
466 2167 560 2227 ullam
575 2167 679 2245 legere
695 2185 750 2247 pro
767 2166 880 2245 stipen-

92 2255 191 2318 dicad
206 2257 414 2320 intentionem
430 2257 569 2320 alteriue.
587 2256 661 2336 quia
676 2256 745 2318 talis
757 2273 881 2334 nonpo-

91 2348 148 2406 tcst
160 2346 309 2423 praesumi
325 2365 391 2406 esse
407 2345 536 2406 intentio
556 2342 742 2416 fundatoris,
767 2343 877 2418 Diana,

92 2434 192 2514 Pasq.,
208 2433 245 2494 de
258 2433 375 2513 Sacris.
392 2442 496 2514 pareest.
515 2437 603 2494 lla-l.
617 2433 724 2511 Stepb.
736 2452 817 2492 nain.
829 2435 878 2506 75;

93 2522 150 2582 imo
166 2523 191 2583 si
206 2523 247 2584 dc
265 2523 440 2602 septimana
453 2527 558 2602 posset
578 2522 673 2582 semel
695 2522 837 2583 omittere
851 2524 883 2581 et

92 2610 180 2672 vellet
194 2611 280 2672 omni
297 2612 346 2670 die
359 2612 386 2670 le
392 2631 478 2690 gere,
492 2628 553 2670 non
564 2609 883 2689 possotcommuniter

92 2697 191 2777 legere
206 2718 265 2778 pro
279 2718 323 2776 sc,
339 2699 391 2760 vel
409 2717 465 2778 pro
479 2699 539 2759 alio
554 2698 661 2778 gratis,
679 2698 770 2776 Pell,
789 2697 880 2774 Gob',

94 2805 120 2845 a.
137 2790 231 2850 581¹.

131 2877 226 2938 Plura
242 2877 327 2938 citca
341 2876 409 2936 haec
424 2875 523 2936 sideri
538 2880 667 2955 possunt
677 2875 761 2954 apud
775 2873 882 2949 Barb,

94 2963 126 3025 de
140 2974 242 3045 potest.
258 2963 289 3024 E
288 2966 360 3045 pise.
377 2963 468 3042 cillep.
487 2968 536 3042 nl,
564 2984 625 3025 ea.
642 2967 695 3036 99;
713 2966 819 3039 Pasq,
848 2961 884 3022 de

94 3053 202 3133 Sacris.
228 3072 249 3114 α
269 3072 298 3134 q.
317 3055 411 3124 lll63
439 3051 529 3112 Gob..
548 3059 570 3114 t.
587 3055 617 3128 3,
634 3069 653 3111 o
672 3072 701 3112 a.
720 3055 789 3124 aaa
807 3053 839 3110 et
852 3049 883 3109 in

95 3141 206 3222 Clypea
232 3144 344 3218 naal,
370 3139 424 3200 ubi
446 3141 512 3200 fuse
526 3145 623 3219 agunt
639 3139 677 3200 de
692 3139 880 3220 obligatione

95 3229 270 3292 celebrandi
285 3230 406 3292 ratione
422 3229 620 3306 Capellaniac,
637 3229 686 3289 rel
700 3227 854 3290 beneficii.

132 3317 239 3392 (latest.
258 3322 324 3382 lla.
336 3351 376 3364 —·
387 3315 468 3392 Quid
476 3316 627 3378 dicendam
640 3317 689 3392 sit,
701 3316 727 3375 si
739 3335 796 3376 aon
803 3333 884 3397 proe-

93 3407 236 3468 scribatur
250 3426 380 3489 expresse
393 3406 516 3488 quoties,
531 3406 577 3466 ecl
589 3405 629 3468 od
644 3425 730 3486 quain
747 3405 884 3467 intentab-

94 3516 152 3556 aem
166 3495 206 3557 sit
219 3493 444 3557 celebrandum?
458 3497 494 3554 a.

38 3600 69 3645 sar
129 3585 188 3664 51.
206 3586 238 3648 Si
256 3585 324 3665 quis
339 3583 456 3644 habere
475 3601 538 3644 non
553 3581 656 3660 possit
677 3581 796 3644 litteras
816 3583 884 3642 fun-

99 3673 241 3752 dationiS,
259 3679 313 3734 out
325 3691 363 3732 cx
377 3672 424 3732 his
439 3690 500 3732 non
515 3671 613 3750 possit
630 3671 746 3731 rescire
767 3669 883 3749 obliga-

94 3761 204 3822 tionem
218 3762 261 3823 ad
283 3763 403 3838 blissas,
429 3780 469 3822 an
494 3779 605 3838 nornpe
625 3763 770 3821 teneatur
794 3760 878 3820 omni

95 3849 153 3928 die,
170 3851 346 3931 septimana
360 3850 409 3910 rel
424 3867 542 3924 mense,
555 3849 703 3928 inquirat,
718 3847 793 3926 quid
805 3847 884 3908 lece·

95 3938 152 4001 rint
172 3947 396 4016 antecessores
421 3944 451 3999 ct
473 3937 557 3996 idem
574 3936 885 3998 faeiatautattendat

98 4045 162 4106 quae
177 4028 217 4090 sit
231 4028 336 4108 quoad
351 4028 466 4088 similes
483 4023 680 4086 fundationes
690 4023 884 4086 consuetudo

96 4117 227 4196 regionis
252 4119 283 4177 et
307 4117 367 4178 loci
382 4120 413 4177 in
429 4134 490 4195 quo
507 4119 553 4176 est
567 4113 767 4189 beneficium,
794 4117 825 4174 et
838 4129 883 4172 se·

150 4460 188 4510 ild
203 4459 268 4523 qnid
284 4458 317 4508 de
333 4457 421 4508 Missis
432 4456 459 4504 in
477 4454 521 4506 die
537 4453 622 4504 natali
638 4452 765 4503 Domini‘l
776 4451 840 4516 quid
851 4453 884 4502 de

97 4519 214 4580 llissa'iu
224 4530 268 4578 die
283 4525 551 4578 cornmemorationis
567 4523 785 4574 detunctorum?
801 4523 885 4573 Tene·

97 4603 175 4650 turne
189 4601 235 4662 qui
252 4599 334 4648 babet
350 4611 418 4646 onus
432 4593 598 4660 applicandi,
612 4593 699 4648 ,etiam
727 4593 884 4653 secundom,

101 4673 126 4718 ot
139 4673 246 4720 tertiam
255 4669 390 4732 applicare
407 4669 435 4716 iu
452 4667 526 4716 dicto
541 4663 586 4714 die
604 4663 688 4712 natali
704 4663 829 4713 Dominit
845 4667 885 4713 te-

100 4745 208 4790 neturne
223 4740 359 4804 applicare
380 4740 486 4788 llissnm
503 4737 530 4785 in
554 4735 598 4784 die
619 4734 886 4784 commemorationis

98 4809 300 4860 detunctoruml
325 4810 363 4858 ild
389 4813 531 4870 utramque
549 4805 726 4869 qaaestionem
742 4805 886 4868 respondet

1663 575 1721 633 ura

934 758 1072 819 eundum
1087 758 1172 819 illam
1187 757 1355 837 procedat;
1385 758 1469 838 quod
1493 757 1518 820 si
1533 775 1601 820 mos
1622 759 1662 822 sit
1675 777 1732 822 aa·

934 845 1011 922 rina,
1027 845 1114 925 sequi
1131 850 1232 923 potest
1247 846 1317 923 lroc,
1335 845 1417 925 quod
1434 850 1481 907 est
1494 845 1609 928 minus.
1634 846 1665 909 Si
1685 849 1732 908 ta·

933 953 1006 994 mcn
1020 934 1162 995 redditus
1176 933 1238 994 sint
1261 934 1405 1015 pinguae,
1431 953 1489 996 nec
1504 935 1630 996 aliunde
1646 935 1732 998 colli·

934 1041 1007 1100 gero
1022 1021 1130 1100 possit,
1155 1023 1277 1100 quotics
1299 1027 1453 1100 tencatur,
1472 1028 1586 1100 putant
1603 1023 1728 1102 lamb,

942 1109 1060 1171 etGob.
1078 1111 1107 1170 in
1121 1109 1207 1192 Enp.
1224 1120 1246 1172 t.
1263 1113 1291 1186 3,
1309 1132 1338 1171 n.
1360 1113 1429 1187 478,
1446 1113 1547 1173 teneri
1566 1113 1650 1174 omni
1666 1113 1729 1190 die,

935 1203 966 1260 et
979 1198 1004 1260 si
1021 1198 1171 1260 hactenus
1186 1198 1369 1278 neglexerit,
1382 1198 1497 1260 debere
1512 1217 1728 1278 compensare,

935 1293 1086 1366 quantum
1112 1289 1212 1348 lactus
1242 1292 1288 1349 cst
1310 1288 1414 1365 ditior,
1441 1288 1515 1367 quia
1539 1288 1592 1350 ubi
1607 1289 1727 1350 fructus

934 1380 1006 1437 sont
1033 1378 1170 1455 aequales
1198 1375 1381 1456 obligationi
1415 1376 1626 1456 quotidianae,
1659 1377 1728 1438 haeo

934 1465 1081 1542 praesumi
1097 1464 1192 1526 debet
1206 1465 1362 1544 imposita,
1379 1464 1436 1526 nisi
1452 1465 1534 1525 aliud
1552 1468 1683 1528 constet.

972 1554 1032 1632 §a
1052 1553 1082 1616 Si
1094 1551 1424 1633 jubeaturcelebrarc,
1440 1552 1563 1632 quotics
1577 1552 1664 1614 salva
1676 1553 1729 1614 bo·
1756 1567 1799 1617 aaa

934 1645 1053 1702 nestate
1073 1659 1109 1702 ac
1128 1659 1200 1700 oum
1225 1640 1330 1700 debita
1354 1640 1520 1701 dovotione
1536 1641 1660 1720 poterit,
1678 1660 1728 1702 se-

936 1729 1075 1790 cundum
1097 1731 1223 1804 Panos,
1242 1729 1342 1806 Sylla,
1360 1732 1391 1790 et
1404 1728 1481 1788 alios
1505 1747 1567 1790 non
1594 1733 1729 1806 tenetur,

936 1817 960 1878 si
978 1835 1089 1896 passus
1113 1815 1152 1878 sit
1176 1817 1392 1896 pollutionem,
1422 1817 1516 1877 etiam
1532 1817 1598 1878 sine
1613 1819 1728 1897 culpa:

936 1925 992 1966 neo
1003 1905 1028 1966 si
1043 1906 1161 1984 agnovi
1173 1905 1316 1984 passione
1333 1905 1703 1981 irae,auttrist1tiaenonf
1719 1940 1731 1951 -

936 1993 994 2054 sile
1020 1994 1117 2072 possit
1138 1993 1279 2054 animum
1300 2011 1513 2072 componere:
1537 2012 1595 2056 nee
1608 1995 1633 2056 si
1648 1996 1731 2056 male

938 2081 1054 2144 habeat
1077 2081 1258 2143 autsontiat
1285 2082 1424 2158 leodium,
1456 2083 1539 2162 quod
1565 2084 1732 2144 nonfacile

935 2171 1033 2250 possit
1073 2176 1234 2244 exsulere;
1271 2188 1328 2230 nec
1359 2170 1383 2231 si
1412 2171 1526 2232 sentiat
1563 2173 1733 2234 cruditates

939 2259 1103 2336 stomachi,
1130 2259 1237 2339 quales
1261 2277 1297 2318 ex
1322 2259 1450 2336 crapula
1471 2264 1502 2321 ct
1523 2259 1622 2338 epulis
1638 2260 1727 2321 relin-

935 2352 1090 2427 quuntur;
1107 2365 1164 2406 neo
1179 2346 1306 2426 quando
1322 2351 1369 2407 est
1382 2346 1426 2407 ita
1449 2349 1647 2426 allectus-ut
1664 2367 1727 2410 non

935 2435 1078 2497 videatur
1088 2435 1147 2496 sibi
1155 2453 1246 2514 posse
1258 2439 1378 2496 tantum
1388 2435 1579 2496 functionem
1591 2455 1663 2497 cum
1674 2437 1730 2498 da-

935 2522 1001 2586 bita
1014 2524 1182 2586 dovotione
1197 2527 1227 2585 et
1242 2523 1411 2585 attentione
1427 2522 1514 2585 obire
1531 2543 1538 2585 :
1559 2523 1599 2585 de
1621 2530 1726 2586 cetero

937 2612 1031 2674 debet
1045 2612 1198 2692 quotidie,
1226 2611 1283 2672 nisi
1299 2611 1450 2690 legitima,
1467 2610 1662 2674 consuetodo
1680 2612 1729 2674 vel

938 2701 1106 2762 auctoritas
1118 2700 1287 2763 autsimilis
1297 2717 1392 2760 causa
1395 2699 1481 2780 justa
1491 2705 1629 2775 excuset
1639 2703 1725 2764 Less.

938 2790 969 2850 in
984 2794 1065 2852 auct.
1077 2793 1114 2852 V.
1131 2790 1225 2852 lllissa
1240 2811 1296 2851 cos.
1314 2793 1342 2850 5.

978 2880 1038 2958 53.
1058 2878 1089 2941 Si
1104 2885 1224 2941 constet
1244 2879 1363 2956 ltlissaS,
1380 2897 1410 2940 v.
1433 2899 1465 2958 g.
1489 2883 1552 2942 tres
1577 2877 1610 2940 in
1636 2878 1731 2959 septi·
1759 2899 1799 2947 sss
1850 2941 1859 2958 ,

938 2985 1032 3029 mana
1047 2987 1114 3029 esse
1129 2968 1289 3047 legendae,
1307 2973 1339 3028 ct
1352 2966 1510 3029 nesciatur
1524 2967 1565 3028 ad
1580 2965 1732 3046 quamin-

937 3057 1126 3134 tcntionem,
1147 3055 1401 3134 praesumendum
1426 3060 1472 3118 ost
1493 3055 1562 3116 fieri
1587 3054 1730 3116 debere¹

938 3163 994 3224 pro
1009 3145 1115 3206 anima
1127 3145 1175 3204 vel
1190 3143 1309 3204 familia
1323 3143 1509 3220 fundatoris,
1527 3142 1602 3224 quia
1623 3141 1655 3202 in
1669 3141 1729 3204 du-

937 3233 988 3294 bio
1003 3233 1134 3314 quisque
1150 3231 1350 3311 praesumitur
1364 3231 1421 3292 sibi
1436 3232 1484 3291 vel
1510 3231 1573 3292 suis
1588 3229 1724 3293 voluisse

939 3323 1054 3401 optimc
1063 3321 1236 3398 consulere,
1250 3321 1365 3381 Bonae.
1382 3322 1480 3400 Lago,
1493 3321 1600 3398 Pasq.,
1612 3339 1643 3400 q.
1656 3322 1728 3394 908;

939 3411 1015 3472 (lob.
1034 3430 1064 3470 n.
1081 3413 1151 3484 390,
1167 3428 1223 3487 pro
1239 3427 1301 3489 quo
1312 3407 1558 3468 declarationem
1571 3409 1602 3469 S.
1614 3409 1730 3486 Congr.

938 3498 1032 3558 refert
1047 3496 1221 3576 Pignatelli,
1241 3498 1330 3557 Tom.
1344 3498 1372 3571 l,
1390 3497 1482 3556 Cone.
1502 3497 1569 3556 139.
1580 3495 1659 3556 Hinc
1676 3493 1734 3558 do·

939 3590 988 3647 oet
1002 3585 1125 3663 Sylvius
1140 3604 1169 3663 p.
1188 3589 1218 3662 3,
1235 3604 1265 3646 v.
1283 3582 1374 3646 Misso
1389 3601 1452 3644 cas.
1476 3587 1512 3660 t,
1538 3583 1564 3644 si
1589 3583 1732 3646 fundatio

939 3676 1021 3736 nude
1037 3675 1162 3750 habeat,
1178 3672 1282 3734 Fando
1302 3671 1422 3734 Missam
1447 3673 1529 3732 omni
1551 3671 1586 3734 de
1615 3669 1732 3734 Veneris

938 3761 1109 3844 lependom,
1143 3760 1290 3842 praesumi
1323 3759 1490 3840 legendam
1520 3759 1561 3820 ad
1589 3760 1734 3823 intentio-

939 3871 1010 3912 nem
1025 3853 1135 3913 fundat
1143 3850 1216 3927 oris,
1234 3849 1308 3930 quia
1324 3867 1397 3910 usus
1412 3852 1459 3910 est
1472 3848 1682 3928 fundentium,
1699 3854 1734 3916 ut

938 3939 1080 4021 quamvis
1099 3939 1192 4001 llissa
1206 3937 1275 3998 talis
1297 3937 1336 3998 sit
1360 3937 1509 3998 etiamad
1524 3937 1729 4002 devotionem

938 4029 987 4090 vel
1001 4027 1253 4088 commoditatem
1266 4025 1385 4104 populi,
1398 4030 1504 4086 tamen
1519 4025 1726 4090 velintsibiat

938 4117 1064 4179 familiae
1087 4117 1246 4196 prodesse,
1272 4115 1406 4195 ideoque
1428 4114 1591 4194 assignant
1610 4114 1729 4195 stipan-

939 4452 1027 4502 brotio
1043 4451 1128 4502 llissas
1144 4451 1306 4502 demandata
1320 4451 1403 4502 ruerit
1419 4464 1466 4516 pro
1482 4451 1623 4523 commodo
1639 4451 1733 4524 populi

939 4515 981 4564 vel
998 4515 1158 4564 Monialium
1173 4515 1280 4564 Missam
1299 4515 1481 4576 audientium,
1497 4519 1528 4564 nt
1543 4527 1571 4563 rn
1586 4515 1737 4564 Noveram

939 4589 969 4636 22
991 4585 1149 4635 Novembris
1168 4599 1232 4635 aun.
1255 4588 1324 4636 ¹727.
1339 4589 1366 4636 Τ.
1382 4587 1405 4646 l,
1426 4601 1451 4649 p.
1478 4587 1532 4646 tao,
1548 4583 1664 4648 aliisque
1681 4585 1733 4636 ibi-

939 4658 999 4706 dem
1015 4671 1040 4720 p.
1052 4658 1105 4706 306.
1123 4659 1154 4706 ll.
1175 4657 1288 4715 Quando
1303 4656 1431 4706 fundator
1449 4656 1654 4720 proescribando
1670 4669 1730 4706 ccr-

940 4731 997 4778 tum
1008 4741 1150 4776 numerum
1161 4727 1314 4788 Missurum,
1324 4725 1566 4790 aliquosapplicari
1579 4737 1627 4788 pro
1639 4725 1732 4774 anima

940 4812 986 4847 sira
1003 4811 1127 4860 expresse
1143 4797 1322 4857 mandaverit,
1334 4799 1360 4846 et
1380 4797 1452 4860 quod
1466 4797 1534 4847 alias
1550 4796 1592 4846 vel
1609 4795 1684 4845 nibil
1701 4794 1734 4844 de

99 4882 215 4942 negative
232 4881 391 4930 Benedictus
401 4879 467 4929 llll'.
486 4875 627 4938 desacrof.
644 4877 727 4926 Missae
751 4876 885 4940 Sacrificio
936 4868 1119 4931 applicatione
1135 4866 1244 4928 dixerit,
1255 4865 1297 4914 vol
1313 4866 1374 4916 illas
1392 4866 1527 4917 remiserit
1536 4863 1570 4916 ad
1585 4865 1733 4916 arbitrium

100 4949 114 4997 l.
125 4953 147 5012 3,
158 4966 179 5002 c.
190 4955 213 5014 9,
227 4965 300 5001 nuru.
312 4953 335 5000 o.

127 5095 140 5136 2
156 5088 347 5152 sppliconiluni
363 5101 418 5136 esse
430 5088 541 5136 Sacrum
557 5084 585 5134 iu
606 5082 770 5147 Capellnniis
786 5093 884 5145 porpe-

101 5159 151 5206 tuis
167 5173 227 5208 cunr
246 5175 325 5208 onero
345 5160 486 5207 llissorum
502 5169 549 5218 pro
563 5155 726 5214 Fundotore‚
739 5153 790 5201 uisi
806 5151 882 5201 aliud

101 5228 154 5290 ejus
170 5229 290 5278 voluntas
301 5228 342 5276 sel
357 5240 492 5290 expressa,
508 5225 550 5274 vel
565 5239 598 5274 ex
609 5223 771 5286 urgentibus
782 5221 887 5284 conjec-

103 5300 161 5348 turis
175 5300 265 5349 elicita
281 5299 439 5362 praescierat,
456 5311 524 5358 sape
536 5295 648 5345 resolvit
664 5295 689 5345 S.
699 5293 782 5355 Cong.
800 5295 830 5340 ut
846 5291 885 5338 vi-

102 5367 159 5417 dere
174 5371 249 5420 estT.
261 5373 282 5418 l.
299 5370 377 5420 ltesot.
394 5384 419 5433 p.
436 5370 488 5417 300.
515 5367 587 5416 luter
607 5367 776 5428 cochcturas
787 5373 888 5425 praese·

102 5435 212 5489 terentes
222 5443 383 5490 contrariam
400 5443 518 5489 mentem
529 5436 699 5494 Fundatoris,
718 5434 759 5483 hae
773 5434 834 5483 duaa
853 5431 888 5482 ab

104 5508 191 5560 eadem
203 5512 282 5562 Sacra
297 5513 377 5575 Cong.
393 5509 548 5576 approbata
564 5507 647 5557 lucre.
660 5502 802 5564 tomedo
817 5501 887 5552 eele-

940 4938 1089 5002 Capelloni,
1114 4937 1157 4986 vel
1181 4936 1325 5000 Capeliano
1349 4937 1509 5000 imposuerit
1539 4936 1627 4986 solum
1661 4948 1731 4984 onus

941 5008 1036 5060 orandi
1055 5021 1102 5071 pro
1112 5007 1203 5056 anima
1219 5007 1287 5069 ejus,
1304 5007 1375 5070 quod
1386 5003 1642 5068 verbumeiguificat
1656 5003 1737 5066 quid-

940 5079 1013 5143 piam
1028 5077 1062 5126 ub
1074 5076 1257 5140 applicatione
1272 5075 1427 5137 diversum,
1443 5080 1474 5125 ut
1494 5079 1571 5123 notat
1594 5074 1692 5124 Suarca
1706 5073 1737 5122 dc

941 5147 1023 5212 Lepid.
1044 5147 1091 5196 lib.
1110 5151 1134 5205 6,
1154 5159 1211 5209 cop.
1234 5148 1256 5206 l,
1278 5158 1345 5194 num
1368 5148 1392 5206 6,
1417 5146 1568 5209 Pasqualig.
1594 5144 1625 5192 de
1639 5143 1733 5208 Sacris.

940 5221 1008 5270 Mass.
1025 5223 1118 5282 quaest·
1133 5219 1188 5270 aaa.
1199 5229 1276 5264 num.
1289 5217 1311 5275 l,
1324 5216 1405 5279 idque
1421 5219 1526 5266 constat
1537 5217 1565 5264 in
1577 5215 1739 5264 Ferramenta

942 5294 968 5340 ll
988 5290 1062 5340 lunii
1085 5290 1152 5338 1729.
1168 5288 1195 5336 T.
1218 5288 1241 5347 l,
1260 5299 1286 5348 p.
1310 5287 1366 5346 307,
1382 5287 1428 5336 ubi
1445 5289 1471 5334 et
1484 5285 1545 5335 aliae
1559 5285 1731 5348 antiquiores

941 5358 1161 5424 congregationis
1175 5356 1364 5406 llesolutiones
1379 5356 1506 5405 citantur.

972 5429 1069 5479 Couler
1088 5425 1263 5477 Benedictum
1281 5424 1346 5474 llll'.
1362 5424 1394 5472 de
1412 5425 1510 5474 Sacros.
1536 5425 1621 5474 uase
1635 5425 1733 5492 Sacris.

942 5496 958 5551 ¹.
973 5503 997 5562 3,
1013 5513 1072 5563 cap,
1088 5501 1111 5560 9,
1128 5512 1153 5546 n.
1171 5499 1182 5546 l
1200 5498 1226 5545 et
1241 5507 1315 5557 seqq.
1332 5498 1382 5545 etc.
1399 5497 1439 5553 99,
1456 5497 1551 5545 noct
1565 5509 1640 5560 seqq.
