3992 6336
319 529 378 594 tto
884 515 1001 579 LIBER
1021 508 1202 585 naanlUS,
1226 507 1329 574 Plias
1349 508 1388 571 ll.

351 713 422 778 ulf.
441 707 507 776 Etsi
524 701 716 790 probabilius
739 699 790 780 sit,
811 707 843 763 et
856 699 887 762 in
900 701 989 781 praxi
1013 717 1099 763 com·
1153 690 1266 772 facere,
1278 695 1314 756 ut
1322 693 1370 756 est
1382 691 1578 780 communies
1586 693 1671 776 apud
1680 698 1790 776 haym.
1803 693 1826 764 l.
1837 715 1862 762 ο.
1872 699 1943 762 less.

312 800 451 868 munitet
467 795 650 872 tenendum,
676 788 799 874 peccari
817 789 991 852 mortaliter
1016 790 1101 852 cirea
1156 772 1178 844 l.
1194 785 1224 860 1,
1241 802 1266 844 c.
1288 785 1336 860 11,
1357 801 1387 844 n.
1404 785 1454 860 96,
1472 787 1532 846 etc.

312 879 514 970 vectigalium
540 881 793 958 fraudationem,
821 897 859 940 ex
893 896 994 958 eaque
1026 877 1100 940 oriri
1194 893 1208 928 n
1228 872 1265 932 X.
1291 869 1349 943 Qui
1371 870 1492 950 fingens
1507 889 1540 931 se
1567 889 1752 952 pauperem,
1777 873 1830 935 uel
1853 871 1942 934 alium

314 975 537 1057 obligationem
551 966 765 1045 restitutionis,
777 985 840 1030 non
855 966 981 1028 omniuo
996 970 1102 1028 tamen
1153 975 1249 1038 quam
1263 961 1319 1033 est,
1337 958 1465 1018 extorsit
1479 959 1725 1038 eleemosynam,
1743 978 1808 1022 nou
1836 963 1945 1024 tenetu

313 1061 561 1145 improbabiliter
573 1059 605 1122 id
619 1058 671 1120 alii
686 1055 815 1137 quidam
828 1059 954 1135 negant,
968 1073 1004 1117 eo
1018 1055 1102 1136 quod
1156 1047 1330 1124 restituere,
1347 1045 1372 1106 si
1382 1063 1480 1123 parva
1496 1045 1562 1124 fuit,
1576 1047 1678 1126 qualis
1689 1048 1829 1111 ostiatim
1838 1048 1944 1110 meudi-

314 1151 507 1217 oonsuetudo
526 1145 766 1227 interpretetur,
790 1163 853 1207 non
875 1163 942 1206 esse
966 1148 1104 1206 mentem
1158 1134 1300 1196 cantibus
1323 1134 1418 1195 datur
1443 1154 1449 1196 :
1475 1153 1573 1196 secus
1596 1136 1622 1196 si
1645 1136 1704 1200 fuit
1726 1156 1863 1218 magna;
1883 1141 1945 1200 tuno

313 1239 527 1320 legislatorum
548 1236 589 1300 gd
612 1235 697 1297 aliud
716 1233 867 1313 (angam,
885 1239 987 1313 quam
1001 1233 1106 1294 uide.
1159 1221 1253 1299 enim,
1282 1220 1355 1303 quia
1380 1221 1631 1302 subintelligitur
1654 1225 1792 1288 conditio
1817 1225 1900 1302 hac,
1925 1225 1946 1286 si

313 1327 460 1410 prehensi
474 1327 674 1390 mulctentur.
689 1324 726 1385 V.
742 1324 820 1384 Nav.
837 1340 862 1382 c.
880 1324 938 1397 233
954 1322 997 1382 Sa
1008 1339 1035 1382 a.
1049 1319 1106 1384 Ga·
1159 1327 1325 1390 pauperes,
1346 1311 1480 1370 tenetur
1504 1310 1679 1387 restituere,
1695 1312 1869 1374 secuudum
1881 1310 1943 1372 idol.

315 1416 403 1496 belia,
419 1417 497 1480 Bon.
513 1423 535 1477 t.
554 1416 584 1491 3,
606 1409 641 1473 de
660 1418 728 1474 rest.
748 1409 780 1470 in
799 1410 912 1490 portic.
935 1429 964 1490 q.
982 1413 1012 1486 9,
1023 1428 1059 1488 p.
1076 1413 1104 1488 1,
1161 1395 1263 1470 dauti3
1281 1395 1459 1457 secundum
1474 1395 1614 1476 Palaum,
1629 1398 1680 1459 vel
1695 1397 1794 1473 danti,
1815 1400 1864 1460 vel
1887 1399 1944 1460 aliis

313 1495 1105 1582 n.s,exnav.nnr.t.aa,n.rta;uess.u01.ae;
1161 1483 1365 1562 pauperibus·
1385 1483 1464 1546 Vide
1479 1485 1592 1548 Escob.
1617 1493 1706 1549 tract.
1722 1488 1752 1565 a,
1768 1485 1811 1551 Ε.
1825 1491 1856 1565 2,
1879 1507 1902 1549 c.
1919 1493 1943 1564 ο,

314 1591 405 1656 Dian.
428 1599 450 1652 t.
476 1587 511 1650 de
532 1585 604 1668 Lep.
629 1584 715 1668 Resp.
742 1585 797 1658 l9;
824 1587 934 1664 Laym.
951 1583 973 1645 l.
988 1585 1017 1660 3,
1035 1591 1058 1646 t.
1075 1587 1104 1662 3,
1160 1591 1191 1634 ⁷2·
1209 1575 1275 1636 109·

313 1699 347 1762 p.
357 1681 386 1758 l,
401 1698 427 1741 r.
439 1681 470 1756 8,
484 1698 514 1740 η.
526 1679 545 1736 t
556 1685 583 1737 et
591 1677 621 1736 5.
634 1673 713 1741 Vide
727 1671 820 1733 etiam
831 1673 921 1734 Dian.
930 1691 964 1753 p.
978 1675 1006 1748 l,
1019 1680 1042 1734 t.
1056 1674 1105 1749 (Ἰ,
1200 1683 1214 1719 n
1234 1663 1285 1726 Xl.
1302 1661 1361 1735 Qui
1375 1662 1406 1724 in
1421 1669 1562 1726 extrema
1582 1663 1769 1726 necessitate
1790 1682 1946 1744 consump-

315 1766 354 1829 a.
379 1768 418 1829 38
443 1773 472 1826 et
495 1783 529 1846 p.
555 1767 594 1841 1,
615 1770 638 1823 t.
661 1764 716 1837 l'l,
746 1757 784 1822 Ii.
811 1761 869 1836 38,
895 1759 948 1821 ubi
975 1778 1013 1820 ex
1039 1759 1104 1841 Caj.
1161 1748 1211 1826 sit,
1228 1750 1399 1829 quodante
1415 1754 1581 1830 acceperat
1610 1750 1857 1830 commodatum,
1881 1771 1945 1814 ecn—

316 1853 399 1918 Μθᾶ,
431 1855 499 1916 Sot,
528 1855 587 1914 eta.
616 1848 731 1911 docent
752 1864 816 1908 non
839 1865 907 1908 esse
929 1848 1108 1927 negandam
1162 1837 1301 1915 ductum,
1319 1840 1368 1900 vel
1381 1839 1569 1918 precarium,
1588 1857 1650 1900 non
1666 1845 1792 1902 tenetur
1813 1841 1945 1902 restitue

316 1942 546 2004 absolutionem
586 1934 775 2017 poenitenti,
819 1935 871 2014 qui
909 1934 1108 1996 defraudavit
1162 1943 1206 2003 re,
1224 1925 1731 2006 quianecrationereiacceptae,
1749 1945 1822 1988 cum
1841 1946 1878 1988 ea
1898 1945 1946 1988 nec

316 2029 475 2111 gabellas,
498 2045 553 2089 seu
580 2023 747 2104 vectigalia
772 2022 919 2102 imposita
939 2024 1033 2084 rebus
1056 2023 1104 2099 iis,
1162 2011 1194 2071 in
1209 2031 1253 2090 se,
1271 2012 1374 2074 necin
1389 2015 1489 2092 pretio
1512 2017 1611 2076 exstet
1632 2031 1690 2074 nec
1708 2015 1830 2075 ratione
1849 2033 1946 2094 accep·

316 2136 387 2200 quae
407 2119 554 2179 emuntur
580 2131 643 2176 ηοη
680 2111 721 2174 ad
756 2112 1022 2191 negotiationem,
1053 2111 1108 2173 sed
1161 2099 1265 2178 tionis,
1292 2117 1364 2162 oum
1383 2101 1455 2182 jure
1479 2119 1549 2163 eam
1569 2103 1816 2181 consumpserit,
1839 2121 1944 2164 naora-

316 2205 357 2266 ad
384 2223 461 2268 usus
487 2201 650 2282 proprios,
680 2200 731 2261 val
757 2199 883 2262 familias
910 2200 1105 2276 necessaria,
1161 2189 1246 2250 tione
1261 2193 1451 2267 contractus,
1468 2207 1540 2251 cum
1555 2189 1606 2250 hic
1621 2206 1688 2250 nou
1704 2189 1834 2268 obliget,
1850 2188 1944 2250 nisire

316 2311 348 2355 v.
374 2311 406 2374 g.
432 2290 555 2371 pannis,
580 2286 738 2364 carnibus,
763 2285 913 2366 piscibus,
938 2285 1105 2365 frumento,
1162 2281 1313 2354 pereunte
1336 2278 1516 2356 1180111118,
1541 2280 1628 2339 Less-
1652 2278 1673 2338 l·
1699 2281 1729 2356 2,
1749 2297 1775 2339 θ·
1799 2281 1849 2358 16,
1870 2299 1897 2339 ²³·
1918 2279 1943 2350 53

320 2379 402 2459 oleo,
418 2383 476 2444 eta,
1162 2367 1251 2426 Hurt.
1268 2365 1366 2426 Trull.
1384 2365 1474 2427 Dian.
1487 2385 1522 2446 p.
1540 2367 1569 2442 5,
1587 2374 1609 2427 t.
1626 2367 1655 2442 8,
1673 2363 1710 2426 [1.
1729 2369 1776 2429 10.
1794 2367 1861 2427 imo
1884 2382 1945 2444 pro-

358 2491 373 2530 „
394 2470 447 2533 vl,
464 2470 620 2532 Gaeterum
635 2465 791 2530 ordinarie
806 2465 950 2546 injustus,
973 2483 1028 2527 seu
1043 2483 1107 2526 ma.
1162 2453 1309 2515 habiliter
1323 2454 1493 2534 nequidem
1507 2455 1551 2532 id,
1569 2453 1653 2535 quod
1668 2458 1741 2516 ante
1755 2453 1843 2515 illam
1853 2470 1944 2514 neces

314 2557 440 2623 laefldei
456 2555 684 2633 damnificatur,
709 2557 765 2617 aut
788 2571 958 2634 possessor,
984 2556 1108 2616 tenetur
1161 2543 1286 2604 sitatem
1310 2561 1379 2603 eras
1402 2543 1524 2603 iuratus
1548 2546 1580 2604 et
1602 2542 1635 2602 in
1655 2562 1693 2603 ea
1707 2541 1943 2622 consumpsisti:

316 2663 380 2710 uon
394 2649 516 2708 tantum
540 2642 706 2705 restituere
728 2660 796 2704 rem
817 2641 965 2718 ablatam,
983 2647 1014 2701 et
1028 2641 1108 2702 frno·
1162 2628 1236 2708 (luia
1250 2629 1366 2691 furium
1381 2629 1436 2691 tibi
1452 2647 1513 2690 ηοη
1529 2628 1648 2691 ademit
1657 2629 1721 2710 jus,
1740 2629 1827 2710 quod
1837 2629 1876 2690 ad
1886 2643 1943 2688 rem

315 2739 367 2798 tus
385 2737 549 2814 perceptos
573 2729 722 2812 (exceptis
745 2729 808 2791 suis
832 2729 986 2808 expensis,
1009 2731 1041 2790 et
1063 2728 1108 2790 in·
1162 2715 1305 2776 1111θᾶἓῦ
1321 2715 1473 2792 habebas,
1496 2717 1577 2776 ΚΘΗ·
1601 2716 1726 2793 ΡθῙᾶΰθ(
1749 2719 1841 2777 fluri-
1865 2715 1943 2776 Dian·

315 2820 460 2902 dustria),
484 2819 541 2880 sed
565 2818 660 2879 etiam
673 2816 824 2880 resarcire
840 2816 991 2878 damnum
1007 2835 1109 2876 emer.
1166 2801 1204 2863 a.
1222 2807 1251 2880 8,
1268 2806 1377 2864 contra
1390 2803 1474 2862 Less.
1492 2807 1524 2862 et
1537 2803 1632 2882 Vasq.
1649 2801 1730 2864 sicut
1754 2819 1856 2884 neque
1878 2801 1902 2862 si
1919 2800 1944 2859 in

315 2925 405 2988 gons,
422 2911 454 2969 et
467 2906 589 2967 lucrum
604 2922 740 2982 cessans,
758 2922 830 2965 cum
850 2921 924 2965 vere
939 2903 978 2965 sit
991 2903 1108 2984 injusta
1162 2889 1231 2970 ipsa
1246 2890 1430 2951 necessitate
1446 2890 1619 2969 accepisses
1638 2895 1670 2951 et
1684 2890 1943 2969 comsumpsisses,

316 3012 412 3060 causa
434 2992 545 3056 talium
568 2989 758 3054 damnorum
775 3009 782 3051 :
806 2988 896 3053 Unde
917 2989 942 3049 si
962 2989 1107 3052 dominus
1164 2977 1255 3039 Dian.
1272 2976 1310 3040 Il.
1326 2981 1356 3055 9,
1374 2979 1405 3039 et
1418 2979 1510 3039 tzor.
1527 2983 1558 3039 et
1571 2980 1590 3039 6
1605 2977 1657 3039 alii
1673 2983 1786 3040 contra
1799 2979 1882 3042 Lesa.
1984 2997 1986 3048 f

315 3101 351 3146 re
365 3099 423 3144 sua
440 3084 574 3158 retenta,
591 3096 649 3160 per
672 3076 838 3153 culturam,
854 3076 904 3138 vel
926 3073 1107 3156 negotiatio-

316 3189 391 3234 nem
418 3173 624 3250 peroepturus
647 3165 757 3228 fuisset
780 3184 817 3226 ex
839 3183 914 3246 agro
943 3182 1023 3242 suo,
1053 3169 1108 3228 aut

315 3257 451 3341 pecunia
472 3259 599 3320 eentum
622 3255 774 3332 florenos,
804 3257 833 3316 el
863 3253 941 3316 alter
968 3271 1105 3332 parum,
1429 3288 1635 3350 ADDEND
1646 3290 1673 3350 Α

315 3345 366 3410 vel
392 3341 481 3422 nihil,
511 3342 605 3404 debet
631 3339 658 3402 is
686 3340 812 3404 domino
841 3357 898 3402 suo
926 3339 1106 3402 satisfacere
1676 3331 1683 3349 “

315 3451 373 3516 pro
387 3435 513 3496 centum
527 3427 586 3492 illis
607 3428 743 3506 florenis,
769 3425 913 3508 quamvis
933 3425 1109 3488 communi·

315 3526 364 3592 len
377 3517 499 3584 soleant
511 3515 628 3580 domiui
643 3517 813 3595 plurimum
828 3515 998 3591 remittere,
1015 3513 1040 3576 si
1056 3534 1107 3576 res
1204 3513 1310 3589 Ouoesi.
1326 3517 1375 3578 37.
1385 3549 1425 3560 —
1439 3513 1487 3576 Αο
1502 3515 1641 3596 obligatio
1662 3513 1835 3577 restituendi
1856 3530 1946 3576 moro-
1963 3503 1985 3558 tt

315 3610 534 3688 componatur,
549 3607 659 3683 Laym.
678 3602 700 3666 t.
716 3606 747 3680 3,
763 3611 801 3665 tr.
819 3607 848 3679 1,
865 3621 891 3664 ο.
912 3603 942 3680 l,
958 3623 989 3664 a.
1005 3607 1036 3665 ’1.
1163 3610 1214 3663 tur
1227 3623 1264 3664 er
1278 3603 1390 3665 actione
1404 3603 1524 3686 iojzatc,
1539 3603 1660 3666 sednon
1677 3603 1841 3668 damnosa?
1862 3605 1944 3681 terp.

355 3717 370 3756 n
388 3696 455 3759 vll.
472 3692 504 3757 Si
519 3709 569 3754 res
583 3691 696 3769 aliena,
713 3688 788 3752 dum
808 3689 922 3771 injuste
937 3688 1104 3767 detinetur,
1161 3692 1206 3751 De
1221 3690 1281 3752 hoc
1294 3688 1413 3752 dietum
1428 3696 1475 3754 est
1489 3711 1508 3754 o
1521 3711 1551 3753 n.
1569 3695 1618 3756 l6.

316 3786 447 3862 crescat,
471 3784 527 3844 aut
548 3778 684 3860 pretium
702 3777 770 3859 ejus
790 3782 953 3856 augeatur,
979 3775 1107 3839 domino
1203 3780 1312 3854 Quoest.
1334 3781 1384 3841 38.
1400 3813 1441 3824 -
1453 3777 1491 3841 Si
1501 3779 1580 3841 actio
1594 3778 1735 3842 damnosa
1747 3799 1804 3842 oon
1817 3781 1854 3842 sit
1874 3777 1907 3840 de
1923 3789 1984 3856 teg

210 3889 212 3894 ·
317 3871 453 3952 crescit;
482 3884 520 3931 ac
546 3866 678 3948 proinde
705 3865 738 3927 id
761 3864 789 3926 ei
820 3864 964 3945 praestari
992 3863 1106 3943 debet,
1163 3866 1286 3946 t'njustc,
1302 3874 1430 3927 attamen
1443 3867 1482 3927 sit
1495 3867 1604 3948 intecto
1619 3868 1687 3930 uitio
1707 3869 1822 3930 interno
1840 3864 1946 3946 injuci-

316 3961 355 4024 V.
371 3961 483 4038 Laym.
499 3955 561 4017 bic.
1165 3957 1225 4031 tice,
1250 3973 1290 4017 cn
1313 3963 1409 4016 causet
1431 3955 1638 4036 obligationem
1662 3955 1942 4033 restituendam.

356 4069 372 4106 n
390 4045 470 4110 v111.
496 4043 529 4106 Si
553 4059 603 4106 res
624 4041 736 4120 aliena,
761 4040 837 4103 dum
859 4040 973 4122 injuste
990 4039 1108 4103 detine·
1162 4043 1187 4103 si
1202 4042 1300 4105 'fitius
1315 4042 1448 4104 suaserit
1462 4044 1547 4121 Caio,
1572 4047 1607 4105 ut
1630 4063 1693 4106 non
1719 4043 1837 4106 faceret
1859 4045 1944 4106 testa-
1978 4033 1983 4118 t

316 4139 379 4215 tur,
394 4137 514 4215 pereat,
531 4135 586 4194 aut
607 4131 746 4194 deterior
758 4130 824 4199 frat,
846 4130 940 4210 idque
955 4147 1041 4204 casu,
1058 4128 1108 4190 vel
1162 4134 1313 4206 mentum,
1331 4129 1406 4209 quia
1419 4129 1615 4208 praevidebat
1631 4131 1784 4208 futurum,
1809 4131 1846 4192 ut
1865 4127 1945 4191 Gaim
1981 4121 1983 4136 '

313 4223 400 4304 justa
411 4219 551 4282 hostium
570 4217 759 4296 incursione,
783 4217 834 4278 vel
857 4215 1051 4293 naturaliter,
1078 4218 1109 4277 et
1162 4217 1239 4280 illud
1254 4217 1371 4278 faceret
1386 4215 1568 4295 ingratiam
1583 4217 1773 4299 Sempronii,
1790 4217 1944 4279 Titiusau·

318 4313 440 4372 certum
467 4305 507 4368 sit
530 4304 615 4384 apud
639 4302 801 4366 dominum
824 4321 912 4383 seque
936 4303 1108 4382 perituram
1162 4310 1226 4368 tem
1241 4305 1423 4368 dissuaserit
1436 4305 1653 4369 exintentione
1664 4305 1797 4369 nocendi
1807 4307 1946 4384 Sempro·

317 4395 424 4474 fuisse,
454 4410 517 4456 nou
544 4396 668 4456 tenetur
695 4392 784 4454 alteri
804 4391 968 4454 restituere
998 4408 1005 4451 :
1035 4389 1110 4471 quia
1162 4391 1226 4470 nio,
1243 4409 1281 4452 ne
1296 4392 1512 4454 haereditatem
1526 4393 1705 4474 acciperet?
1730 4395 1821 4472 Resp.
1840 4389 1945 4454 Proba·
1977 4379 1982 4416 ⁴

318 4485 396 4558 nibil
424 4482 495 4544 novi
524 4481 703 4544 detrimenti
736 4480 863 4542 domino
895 4479 980 4560 apud
1006 4478 1108 4540 furem
1161 4480 1254 4566 tilius
1268 4479 1379 4558 videri,
1403 4479 1488 4562 quod
1509 4500 1572 4543 non
1602 4485 1712 4544 causet
1735 4480 1944 4561 obligab'ouam

318 4591 349 4634 v.
365 4590 397 4651 g.
419 4567 544 4648 accidit,
570 4568 655 4650 qnod
679 4585 741 4630 non
756 4568 840 4647 apud
854 4567 967 4648 ipsum.
985 4565 1020 4630 Si
1033 4583 1107 4628 vero
1163 4567 1359 4645 restituendi,
1376 4568 1510 4648 ideoque
1526 4569 1641 4632 Titium
1663 4588 1727 4632 non
1751 4567 1849 4632 teneri
1872 4563 1943 4628 aliud

319 4678 382 4723 non
413 4659 523 4719 fuisset
553 4655 694 4737 peritura
725 4656 810 4736 apud
842 4655 1029 4732 dominum,
1058 4653 1108 4716 vel
1163 4655 1326 4718 restituere
1352 4657 1559 4736 Sempronio;
1577 4659 1620 4720 ita
1641 4661 1718 4722 Nav.
1740 4659 1836 4740 Vasq.
1860 4657 1932 4718 'furt

318 4747 430 4807 saltem
457 4741 580 4804 nonnisi
612 4759 669 4822 per
703 4741 874 4822 injuriam,
904 4745 978 4803 tunc
1011 4741 1109 4822 injus·
1163 4743 1280 4808 Sanoh.
1299 4745 1331 4805 in
1347 4743 1434 4806 Cous.
1452 4743 1475 4806 t.
1491 4750 1521 4822 1,
1537 4765 1563 4808 ο.
1582 4745 1657 4824 1,(1.
1673 4750 1724 4824 19,
1745 4766 1776 4808 n.
1792 4749 1835 4820 ‘63
1855 4745 1941 4807 (asir

318 4839 369 4898 tus
401 4833 546 4894 detentor
577 4829 681 4892 adnuo
713 4834 838 4892 tenetur
864 4830 903 4891 ad
941 4829 1109 4892 restitutio·
1163 4830 1199 4894 de
1217 4829 1321 4912 lienes.
1343 4831 1372 4893 d.
1396 4835 1426 4910 1,
1440 4852 1475 4915 p.
1497 4836 1546 4912 lt,
1563 4836 1586 4914 ’ᾗ
1602 4837 1633 4914 5,
1649 4854 1680 4895 a.
1702 4837 1736 4909 33
1753 4833 1841 4897 Dian.
1854 4853 1885 4913 p.
1901 4833 1941 4911 ll,

319 4937 416 4994 uem;
454 4919 527 4981 licet
560 4918 626 4980 sine
663 4936 720 4980 sua
753 4917 847 4998 culpa
874 4935 924 4980 res
957 4917 1107 4997 perierit,
1164 4928 1186 4982 t.
1203 4923 1233 4998 1,
1248 4918 1286 4980 R.
1302 4921 1449 5000 34;Esp.
1467 4941 1497 5004 q.
1513 4907 1695 4996 tiss'l'amb.
1714 4921 1734 4984 ἱ.
1746 4925 1776 5000 8,
1792 4929 1813 4981 t.
1829 4923 1860 4998 3,
1878 4937 1902 4981 ο.
1915 4921 1940 4990 1,

319 5011 429 5087 haym.
443 5026 474 5068 n.
488 5007 518 5067 1.
643 5093 650 5106 Ι
1162 5009 1228 5088 §33
1246 5009 1346 5071 llaun.
1362 5015 1384 5068 t.
1402 5011 1432 5086 1,
1448 5029 1478 5070 a.
1495 5011 1568 5084 13ος
1586 5010 1751 5091 Petsch.p.
1768 5009 1842 5080 1563*
1857 5007 1939 5067 lleur.

359 5117 374 5155 a
399 5095 452 5157 1Χ.
478 5095 510 5157 Sr
537 5112 588 5156 res
611 5094 713 5156 aliena
733 5095 817 5177 apud
839 5094 982 5176 iniquum
1004 5091 1109 5156 deten-
1164 5096 1199 5158 de
1211 5097 1288 5158 tort.
1306 5096 1336 5158 d.
1352 5099 1382 5174 5,
1400 5117 1430 5160 a.
1446 5100 1476 5176 6,
1493 5098 1610 5178 aliique
1624 5097 1725 5176 multi,
1748 5100 1855 5160 contra
1874 5091 1940 5154 mul·

319 5185 422 5246 torem
434 5185 553 5261 pereat,
569 5179 664 5261 idque
687 5181 784 5260 ipsius
809 5183 911 5262 culpa,
928 5188 983 5242 aut
997 5183 1071 5263 quia
1084 5182 1111 5243 is
1163 5188 1223 5262 toa,
1240 5203 1318 5264 quos
1333 5184 1409 5247 citat
1423 5191 1454 5248 et
1467 5186 1608 5266 sequitur
1621 5189 1709 5267 Lugo
1724 5186 1754 5248 d.
1770 5187 1799 5261 8,
1815 5199 1834 5244 c
1854 5202 1882 5243 (ι.
1895 5181 1937 5255 ll,
1978 5203 1980 5220 η

320 5267 504 5351 absumpsit,
521 5269 609 5331 alteri
624 5268 763 5348 donauit,
781 5269 942 5349 destruxit,
960 5274 1019 5332 eto.
1036 5275 1111 5331 tuno
1165 5290 1299 5353 quorum
1314 5272 1468 5334 sententia
1482 5273 1577 5334 etiam
1591 5276 1639 5334 est
1657 5271 1750 5333 valde
1771 5267 1936 5350 probabilis,

320 5355 442 5420 etiamsi
457 5354 584 5419 domino
599 5355 718 5433 relicta,
738 5355 847 5418 fuisset
859 5361 944 5418 certo
958 5355 1111 5436 peritura,
1166 5375 1298 5440 eamque
1313 5359 1436 5422 videtur
1449 5359 1537 5439 sequi
1552 5361 1585 5422 S.
1602 5359 1660 5422 l'b.
1670 5363 1700 5438 1,
1716 5362 1747 5438 1,
1762 5376 1790 5440 q.
1818 5358 1866 5432 61,
1886 5361 1936 5414 ort.
1977 5357 1979 5432 t

321 5439 523 5506 nibilominus
553 5446 678 5506 tenetur
697 5445 765 5522 ‘pro
797 5461 836 5507 ea
865 5440 991 5506 domino
1020 5444 1109 5506 satis·
1167 5444 1240 5509 iod
1253 5449 1283 5511 l.
1308 5447 1397 5511 Ratio
1412 5451 1519 5511 nostra
1532 5449 1591 5525 est,
1617 5444 1692 5528 quia
1711 5445 1789 5512 alter
1810 5459 1870 5506 uon
1890 5440 1937 5502 lra-
1977 5439 1979 5478 Ὗ
