4120 6348
304 593 367 652 etta·
959 589 1076 651 Llnnn
1096 587 1293 658 QUARTUS.

307 797 360 840 eos
376 775 467 838 editis
486 774 583 838 teucri
598 774 793 848 decreverit;
812 773 981 835 multorum
997 774 1111 835 tame*
1153 788 1360 852 quemquam,
1381 771 1445 832 sive
1470 771 1653 850 Ordinaria,
1680 773 1746 835 sive
1769 773 1953 853 Apostolioa

308 866 460 934 indomito
480 863 649 944 cupiditate
673 867 739 924 tam
759 863 911 942 praedicta
932 861 1099 943 quamalia
1154 859 1339 921 auctoritate
1356 860 1517 940 provisum
1542 861 1583 922 ad
1606 862 1821 940 praestandum
1840 861 1954 943 hujus-

307 953 347 1015 ad
362 951 548 1014 beneficium
571 954 602 1011 et
622 950 823 1011 commodum
838 949 977 1027 ipsorum
993 948 1101 1012 Minis·
1154 948 1239 1010 modi
1251 948 1466 1028 juramentum
1488 949 1639 1012 inducant
1658 955 1713 1012 θυι
1733 950 1776 1011 illi
1792 951 1955 1030 {predicta

306 1047 428 1105 trorum
442 1039 536 1116 edita,
553 1037 749 1110 automnino
765 1041 1022 1115 contemnuntur,
1046 1040 1102 1098 aut
1156 1055 1216 1098 nou
1241 1037 1367 1100 facienti
1391 1037 1622 1117 possessionem
1645 1039 1820 1118 impediant
1834 1041 1886 1102 vel
1905 1059 1955 1102 re·

308 1129 340 1190 in
358 1127 462 1190 varios
484 1145 594 1187 sensus
614 1126 759 1188 traducta
776 1143 943 1204 perperam
971 1124 1101 1186 eludun-
1155 1131 1326 1187 morentur.
1350 1125 1534 1208 Quicunque
1556 1131 1665 1189 contra
1693 1129 1835 1204 fecerint,
1848 1129 1873 1192 si
1895 1131 1956 1192 De·

309 1219 370 1280 tur.
1156 1215 1321 1277 clesiarum
1339 1215 1503 1293 antistites,
1520 1216 1629 1279 tandiu
1644 1235 1664 1277 a
1677 1217 1870 1280 Pontiticalis
1885 1220 1957 1281 offl-

348 1329 362 1365 »
380 1308 481 1379 Quare
496 1321 563 1379 nos,
581 1321 638 1382 pro
659 1303 763 1365 Diviui
781 1305 882 1366 cultus
900 1302 1047 1365 exercitio
1063 1301 1102 1362 si·
1156 1305 1194 1364 cii
1210 1303 1358 1366 exercitio
1373 1304 1435 1366 sint
1448 1305 1602 1383 suspensi,
1620 1305 1721 1367 donec
1737 1305 1955 1368 satisfactione

309 1395 436 1474 mulque
452 1396 653 1454 evocatorum
665 1392 706 1454 ad
727 1393 826 1469 illum,
849 1392 964 1454 auxilio
980 1391 1102 1472 plonius
1157 1393 1275 1472 praevia
1289 1392 1348 1453 illis
1363 1411 1419 1470 per
1431 1393 1546 1455 Scdem
1560 1395 1774 1472 apostolicam
1789 1394 1956 1474 suspensio

310 1481 546 1560 evidentiusque
561 1480 786 1542 consulendum
802 1481 867 1542 lore
883 1481 957 1558 rati,
974 1497 1104 1541 revoca·
1157 1481 1333 1555 relaxetur3
1348 1479 1491 1560 capitula
1510 1499 1584 1542 vero
1601 1487 1632 1544 ct
1646 1482 1786 1561 collegia
1807 1501 1955 1562 quaecuu-

310 1566 1104 1650 musetabolemusomuiaetquacunqueprivilegia
1158 1589 1219 1650 que
1243 1569 1461 1632 Ecclesiastico
1491 1570 1675 1650 subjaceant
1700 1571 1887 1648 interdicto,
1919 1589 1957 1632 ao

311 1657 1105 1738 consuetudinesetstntutaquarumcunqueEccle-
1158 1658 1334 1738 singulares
1371 1677 1512 1737 personae
1550 1659 1581 1719 in
1621 1660 1957 1723 excommunic-ationis

311 1750 429 1812 siarum
456 1746 690 1810 cathedralium
718 1750 749 1807 et
772 1747 1101 1826 Metropolitanarum,
1159 1748 1345 1810 sententiam
1366 1747 1539 1826 incurrant,
1564 1767 1583 1809 a
1607 1767 1680 1829 qua,
1708 1749 1766 1810 nisi
1791 1749 1823 1810 in
1847 1749 1957 1810 mortis

312 1838 513 1918 acMajorum
527 1853 649 1898 necnon
665 1836 927 1915 collegiatarum,
950 1835 1043 1897 etiam
1056 1834 1104 1914 ju·
1159 1835 1290 1896 articulo
1307 1836 1494 1914 constitutae,
1508 1837 1548 1898 ab
1564 1837 1624 1898 alio
1647 1855 1743 1918 quam
1766 1857 1787 1899 a
1811 1840 1955 1900 Romano

312 1930 465 2003 ramento,
491 1925 726 1987 confirmatione
753 1925 943 2004 Apostolica,
970 1927 1024 1985 aut
1043 1921 1104 1983 alio
1160 1923 1309 1984 Ponticae
1337 1924 1543 1985 absolutionis
1576 1924 1766 1987 beneficium
1797 1929 1958 2006 nequeunt

314 2016 423 2098 quovis
433 2013 577 2094 pracsidio
593 2013 723 2091 munita,
738 2032 775 2075 ao
785 2016 880 2077 ctiam
894 2035 990 2095 supra
1004 2014 1106 2076 homi-
1160 2011 1312 2073 obtinere.
1331 2013 1541 2074 Decernentes
1557 2012 1735 2093 hujusmodi
1752 2014 1895 2092 praestita
1907 2013 1958 2094 ju-

314 2125 389 2168 num
403 2103 599 2179 memoriam,
620 2104 1107 2186 etlangissimoetquantocun-
1160 2105 1303 2160 ramenta
1328 2119 1390 2160 non
1420 2105 1551 2178 tenere,
1583 2120 1641 2162 nec
1669 2119 1865 2182 quemquam
1899 2101 1958 2163 illis

315 2213 374 2276 que
394 2197 534 2271 tempore
558 2191 652 2254 etiam
670 2193 818 2255 contiuuo
839 2194 1014 2264 observata,
1040 2193 1105 2255 sive
1161 2188 1305 2268 obligari,
1323 2189 1462 2268 quinimo
1478 2188 1620 2269 jurantes
1640 2189 1671 2250 in
1687 2189 1872 2270 hujusmodi
1887 2209 1959 2251 ceu-

314 2302 371 2364 pro
387 2280 543 2344 solvendis
557 2280 766 2342 Ecclesiarum
780 2281 828 2342 vel
840 2283 1044 2346 Praelatorum
1055 2283 1106 2342 de·
1161 2296 1268 2338 suram
1283 2277 1431 2354 incidere,
1445 2297 1567 2339 necnon
1582 2278 1704 2340 irritum
1719 2282 1751 2340 et
1764 2277 1861 2340 inane
1876 2279 1959 2360 quie-

314 2371 398 2447 bitis,
415 2370 480 2430 sive
497 2387 554 2450 pro
568 2367 791 2447 supportandis
806 2367 931 2432 illorum
947 2371 1105 2446 oneribus,
1162 2365 1237 2445 quid
1253 2383 1342 2432 secus
1357 2367 1514 2446 superbis
1532 2385 1589 2446 per
1603 2385 1810 2448 quoscunque
1824 2368 1959 2430 scienter

315 2460 379 2522 sive
390 2457 457 2519 aliis
471 2455 564 2518 etiam
579 2455 764 2536 majoribus,
782 2457 925 2518 maximis
945 2463 976 2520 et
993 2476 1109 2537 urgen-
1161 2454 1211 2515 vel
1231 2453 1411 2534 ignoranter
1424 2455 1590 2535 contigerit
1608 2456 1768 2518 attentari.
1794 2457 1836 2518 Et
1849 2456 1959 2517 nihilo-

314 2545 440 2610 tissimis
454 2543 555 2606 causis
569 2544 945 2622 concessaetapprobata
960 2564 996 2606 ac
1012 2545 1107 2606 etiam
1162 2543 1266 2604 miuus
1297 2543 1462 2604 statuimus
1493 2549 1528 2605 ut
1560 2544 1738 2622 ubicunque
1778 2543 1957 2624 hujusmodi

316 2631 527 2713 multiplicatis
541 2631 660 2693 vicibus
675 2633 839 2710 innovata,
856 2639 984 2696 extensa
998 2638 1029 2695 et
1043 2651 1109 2695 mo·
1162 2631 1282 2692 tructus
1306 2634 1336 2692 et
1354 2630 1587 2693 distributiones
1603 2631 1742 2692 Fabricae
1767 2633 1819 2692 vel
1844 2632 1959 2695 Sacris-

299 2725 436 2798 ,dcrata,
450 2720 535 2800 quod
545 2720 727 2782 vacantibus
743 2719 880 2800 ipsarum
896 2722 1108 2784 Dcclcsiarum
1162 2719 1214 2781 tiae
1229 2723 1284 2781 out
1297 2719 1424 2780 alterius
1448 2717 1490 2798 pii
1512 2720 1570 2781 loci
1587 2719 1695 2781 usibus
1711 2721 1795 2780 ultra
1809 2724 1957 2781 semestre

316 2807 535 2892 DignitatibuS,
553 2808 804 2884 Canonicatibus,
826 2810 1018 2888 PraebendiS,
1036 2814 1109 2871 Por·
1163 2813 1286 2887 tempus
1299 2808 1664 2887 reperiunturconcessi‚
1679 2808 1793 2870 horum
1810 2808 1958 2870 duntaxat

317 2897 464 2973 tionibus,
476 2894 639 2956 Beneficiis
650 2899 680 2956 et
694 2895 820 2973 Officiis,
834 2897 952 2959 tructus
962 2917 999 2959 ac
1014 2898 1109 2960 etiam
1165 2897 1295 2959 dimidia
1315 2915 1388 2976 pars
1409 2897 1468 2976 ipsi
1492 2897 1648 2959 Sacristiae
1672 2897 1722 2958 vel
1748 2897 1892 2959 Fabrioae
1906 2900 1958 2958 aul

319 2985 508 3070 quotidianae
524 2983 758 3046 distributiones
773 3003 809 3045 ex
824 2985 861 3046 iis
871 2986 972 3065 primo
987 2987 1027 3048 ab
1042 2987 1110 3066 ipsa
1164 2986 1216 3066 pio
1230 2987 1299 3047 loco
1313 2985 1460 3064 deinceps
1475 2986 1642 3063 tribuatur,
1659 2987 1794 3047 alteram
1810 3005 1887 3047 vero
1900 2987 1958 3046 Da-

317 3073 480 3138 vacntioue
504 3088 598 3149 auno,
621 3075 675 3134 aut
693 3071 835 3151 longiore
854 3074 903 3135 vel
927 3074 1021 3136 etiam
1041 3075 1111 3136 bre·
1165 3074 1298 3136 necciati
1314 3074 1454 3153 predicti
1476 3074 1597 3153 integre
1620 3073 1810 3153 percipiant.
1829 3075 1958 3136 Nouob·

318 3162 397 3226 viori
418 3171 559 3239 tempore
580 3161 772 3237 proventuri,
794 3179 911 3223 mensae
933 3162 1109 3242 Episcopali
1165 3163 1318 3226 stantibus
1344 3163 1623 3224 constitutionibus
1651 3167 1682 3224 et
1704 3162 1958 3224 ordinationibus

319 3271 371 3314 seu
389 3247 556 3329 capitulari
577 3247 677 3309 aliove
700 3248 768 3310 loco
788 3247 910 3328 integre
925 3251 974 3311 vel
995 3251 1110 3331 partim
1165 3249 1351 3332 Apostoliois
1378 3249 1551 3328 ceterisque
1579 3248 1745 3312 contrariis
1770 3250 1958 3329 quibuscun-

319 3339 503 3402 remaneant
519 3355 574 3397 seu
591 3333 797 3415 applicentur,
814 3336 912 3398 autin
928 3355 1110 3400 communes
1166 3357 1237 3420 que,
1255 3343 1309 3398 aut
1327 3336 1351 3398 si
1374 3337 1530 3418 aliquibus
1544 3337 1753 3398 communiter
1767 3337 1819 3397 vel
1840 3335 1958 3398 divisim

319 3447 394 3492 usus
409 3426 534 3502 cedant,
551 3442 607 3484 seu
623 3424 705 3484 inter
719 3425 796 3486 alios
811 3427 982 3489 canonicos
999 3432 1030 3490 et
1042 3446 1111 3507 per·
1166 3424 1206 3485 ab
1221 3425 1400 3504 Apostolica
1420 3425 1460 3487 sit
1474 3424 1555 3487 Sede
1574 3423 1747 3497 indultum;
1765 3424 1853 3505 quod
1867 3427 1958 3487 iuter-

319 3535 412 3580 sonas
425 3513 571 3576 Ecclesia
586 3529 642 3573 scu
657 3512 789 3592 Capituli
801 3513 992 3578 dividantur.
1006 3516 1111 3589 Quod·
1166 3513 1239 3591 dici,
1255 3513 1402 3593 suspendi
1416 3519 1469 3575 aut
1485 3513 1749 3574 excommunicari
1766 3532 1829 3575 non
1845 3515 1959 3594 possint

320 3625 380 3690 qua
394 3603 497 3665 nullus
510 3601 604 3663 etiam
616 3601 797 3680 Apostolica
811 3603 995 3664 auctoritate
1006 3603 1112 3683 provi·
1166 3619 1223 3680 per
1236 3601 1354 3663 litteras
1375 3602 1570 3682 Apostolicas
1588 3620 1650 3662 non
1669 3600 1823 3664 iacientes
1838 3602 1957 3682 plenam

311 3691 372 3755 'sus
386 3693 417 3753 iu
443 3689 636 3754 canonicum
659 3688 767 3768 recipi,
784 3693 837 3752 ant
861 3691 901 3752 ad
921 3691 1111 3772 Dignitatem
1163 3695 1197 3752 et
1209 3708 1399 3769 expressam,
1416 3709 1453 3751 aa
1475 3691 1513 3752 dc
1533 3691 1629 3752 verbo
1651 3691 1692 3751 ad
1714 3691 1852 3752 verbum
1865 3692 1957 3752 dein·

320 3801 373 3843 seu
398 3778 585 3860 portionem,
606 3777 797 3838 Beneficium
819 3779 869 3839 vel
891 3779 1034 3841 cilicium
1058 3781 1111 3840 ad·
1167 3778 1253 3840 dulto
1281 3779 1458 3860 hujusmodi
1487 3779 1691 3857 mentionem,
1722 3783 1858 3842 Decreta
1886 3799 1957 3860 pra·

320 3869 411 3945 mitti,
435 3867 484 3928 vel
506 3866 582 3926 alias
607 3865 637 3925 in
663 3866 730 3946 ejus
753 3867 983 3945 possessionem
1006 3868 1111 3930 induci
1167 3867 1257 3929 dictae
1271 3869 1389 3946 Synodi
1416 3887 1453 3929 ac
1476 3869 1571 3929 etiam
1595 3867 1824 3930 constitutione
1839 3870 1890 3930 fel.
1913 3887 1958 3929 re·

320 3956 428 4039 possit,
454 3954 513 4015 nisi
536 3953 623 4033 prius
641 3953 680 4014 de
706 3955 909 4016 observandis
932 3953 1112 4035 hujusmodi
1168 3957 1254 4018 cord.
1276 3956 1407 4019 loannis
1426 3959 1519 4036 Papae
1547 3957 1626 4034 Xlll,
1653 3975 1723 4037 quae
1744 3957 1857 4036 incipit
1873 3977 1880 4018 :
1895 3956 1956 4020 Sus·

309 4044 501 4127 privilegiis,
527 4042 806 4104 consuetudinibus
830 4047 861 4104 et
883 4045 1005 4106 statutis
1025 4044 1114 4125 jura·
1167 4046 1254 4126 cepti,
1270 4049 1301 4106 et
1315 4045 1382 4106 aliis
1393 4045 1517 4126 juribus
1531 4045 1590 4106 hac
1610 4046 1649 4106 dc
1670 4064 1703 4106 re
1722 4045 1957 4125 disponentibus

310 4130 461 4196 'mentum
475 4130 669 4211 praestiterit,
691 4133 722 4192 et
735 4131 870 4192 obtentae
885 4131 1009 4195 illorum
1023 4131 1113 4195 dero·
1168 4131 1369 4194 nibilominus
1384 4132 1460 4193 alias
1474 4131 1506 4192 iu
1523 4149 1579 4194 suo
1592 4132 1705 4194 robore
1720 4132 1892 4195 duraturis.
1908 4135 1958 4195 ce·
1974 4130 1977 4138 '

321 4221 449 4304 gatiani,
472 4237 509 4281 ao
531 4219 690 4280 fructuum
715 4223 746 4282 et
764 4219 1019 4282 distributionum
1042 4241 1114 4300 per·
1167 4227 1280 4297 torum,
1293 4219 1519 4299 perpraedicta,
1531 4239 1593 4281 non
1608 4219 1801 4282 intendimus
1816 4223 1956 4300 illisprae·

322 4309 456 4390 captioni
480 4308 717 4386 renuntiaverit,
744 4327 798 4370 seu
823 4309 967 4388 Capitulo
988 4316 1020 4371 et
1042 4329 1114 4391 per·
1164 4309 1307 4390 judicare
1328 4309 1488 4388 capitulis,
1505 4310 1661 4389 Collegiis,
1677 4310 1794 4372 biensis
1816 4316 1873 4373 aut
1894 4327 1957 4390 per·

322 4395 720 4475 souispraedictiscesserit,
732 4415 786 4457 seu
803 4397 849 4476 (ut
863 4396 1032 4477 appellant)
1044 4398 1114 4459 dul·
1168 4395 1252 4457 souis
1276 4396 1393 4456 tructus
1419 4401 1450 4456 et
1473 4397 1706 4459 distributiones
1728 4397 1812 4459 inter
1826 4397 1956 4460 vacatio·

310 4485 418 4549 ¹ciaria
432 4489 486 4547 aut
500 4484 575 4564 quid
589 4483 674 4545 aliud
689 4485 876 4563 praestiterit,
901 4503 1034 4566 quorum
1047 4505 1115 4548 om·
1168 4503 1240 4545 uem
1254 4483 1480 4546 Beneficiorum
1496 4489 1528 4546 et
1546 4503 1655 4546 eorum
1668 4486 1883 4563 collationem,
1898 4486 1956 4548 sive

323 4577 408 4638 nium
423 4579 547 4636 tenores
557 4591 667 4634 causas
682 4577 712 4636 et
726 4577 854 4636 allectus
869 4573 1021 4635 habemus
1036 4593 1114 4654 pree·
1167 4573 1387 4652 possesssionis
1397 4573 1679 4652 apprehensionem
1689 4575 1910 4653 provenientes
1922 4591 1957 4634 ex

313 4663 533 4744 ¹sentibuspro
544 4661 708 4741 expressis,
722 4662 960 4741 quibuscunque
975 4661 1028 4723 illa
1042 4681 1113 4724 con·
1168 4665 1294 4737 statuto,
1308 4661 1532 4722 consuetudine
1542 4662 1592 4723 vel
1606 4663 1771 4742 privilegio
1783 4659 1956 4745 hujusmodi

323 4756 415 4832 cepta
437 4752 499 4813 sint
525 4750 677 4826 lormulis,
708 4769 829 4811 necnon
858 4749 1052 4812 irritantibus
1083 4755 1114 4814 et
1168 4749 1410 4829 percipientibus
1444 4751 1494 4810 vel
1530 4751 1762 4829 retinentibus,
1794 4752 1957 4832 quominus

323 4842 391 4904 aliis
412 4838 550 4903 Decretis
577 4839 725 4901 roborata
740 4885 748 4916 ,
778 4839 918 4900 volentes
946 4857 984 4899 ea
1008 4839 1114 4900 omnia
1168 4837 1225 4916 ipsi
1242 4837 1309 4898 illos
1325 4837 1459 4913 interim,
1477 4843 1511 4898 ut
1527 4843 1630 4915 antea,
1648 4840 1775 4919 exigere
1792 4841 1916 4903 valeant
1929 4841 1957 4899 et

323 4931 405 4992 vires
420 4935 450 4991 et
463 4931 608 4990 ellectum
622 4928 660 4988 de
671 4933 773 4990 cetero
789 4947 850 4989 non
866 4927 993 4990 habere.
1168 4926 1295 4989 habere.
1330 4928 1491 4989 Postremo
1519 4927 1663 4989 volumus
1695 4933 1731 4990 υι
1761 4930 1955 5008 praesentium

363 5042 377 5076 n
396 5017 598 5095 Pracipimus
612 5016 707 5097 igitur
730 5022 761 5080 et
783 5016 998 5079 interdicimus
1013 5019 1114 5080 omni·
1169 5015 1311 5095 exempla
1324 5014 1417 5076 etiam
1430 5015 1583 5094 impressa
1601 5017 1719 5078 Notarii
1734 5019 1853 5096 publici
1870 5033 1956 5078 manu

323 5107 382 5168 hus
395 5105 566 5184 Episcopis,
584 5104 743 5184 capitulis,
760 5105 905 5184 collegiis
920 5109 951 5168 et
971 5106 1112 5185 personis
1168 5105 1199 5163 et
1219 5101 1342 5164 Praelati
1365 5102 1565 5164 ecclesiastici
1587 5102 1717 5184 ejusque
1740 5105 1843 5166 Curiae
1864 5103 1956 5186 sigillo

310 5193 364 5254 'ad
388 5211 466 5272 quos
487 5191 519 5251 id
541 5192 684 5269 pertinet,
716 5211 754 5252 ue
776 5191 907 5270 posthac
921 5192 1040 5254 tructus
1059 5198 1114 5256 aut
1168 5191 1342 5271 obsignata,
1359 5190 1502 5252 eamdem
1517 5191 1601 5253 illam
1614 5209 1759 5271 prorsum
1775 5193 1881 5271 tidem,
1896 5191 1955 5253 ubi-

309 5279 556 5345 'distribuliones
581 5279 769 5358 hujusmodi,
788 5299 844 5341 neo
866 5298 994 5358 prorsus
1017 5279 1113 5342 ullam
1169 5299 1229 5359 qne
1242 5279 1383 5340 locorum
1404 5279 1435 5339 in
1457 5279 1576 5359 judicio
1599 5284 1631 5341 et
1651 5283 1740 5341 extra
1754 5279 1833 5341 illud
1847 5281 1955 5342 faciant

310 5369 432 5432 'eorum
457 5375 577 5448 purtem
602 5368 766 5444 retineant,
791 5387 867 5429 neve
893 5369 1114 5447 ipsorumces·
1169 5387 1262 5448 quum
1285 5368 1425 5430 lacerent
1446 5369 1586 5446 ipsaemet
1604 5371 1787 5446 praesentes,
1810 5369 1837 5428 si
1860 5370 1954 5430 essem

324 5459 443 5520 sionem
458 5457 506 5518 vel
530 5455 802 5531 renuntiationem,
819 5461 873 5519 aut
897 5457 1049 5518 dulciaria
1063 5457 1112 5520 vel
1168 5455 1378 5517 exhibuerat
1404 5463 1547 5518 ostensae.
1570 5455 1650 5516 Nulli
1673 5475 1749 5536 crgo
1765 5456 1891 5517 omnino
1906 5455 1953 5514 bo·

325 5545 386 5612 alia
400 5545 682 5636 quomodocunque
695 5548 814 5629 putant
833 5545 881 5607 vol
904 5545 1113 5628 exigentem
1167 5543 1287 5614 minum
1308 5543 1400 5606 liccat
1428 5543 1508 5612 haue
1528 5543 1676 5626 paginam
1689 5549 1817 5608 -uostrrc
1836 5557 1953 5608 revoca
