3998 6344
1630 549 1689 608 313

650 624 658 646 ὶ
695 549 748 611 nn
767 545 1036 612 nurnmsusr.

50 735 250 811 susceperunt
258 731 466 813 Baptismum,
477 732 613 796 restituit
624 751 677 795 eos
686 733 834 810 libertati,
892 732 1025 796 rationo.
1042 735 1072 796 3.
1090 733 1139 796 Ab
1156 731 1293 813 antiquis
1307 731 1502 812 temporibus
1512 751 1575 796 non
1590 737 1637 796 est
1645 732 1691 796 ita

51 823 165 884 Scaten.
190 819 213 881 l.
238 827 269 898 ’1,
292 819 319 902 s.
335 824 405 896 tao,
426 821 447 882 l.
464 823 498 897 8,
513 820 539 902 s.
556 823 626 898 511,
642 824 697 883 511
716 831 744 883 et
758 825 834 895 5233
891 821 1102 898 observatum,
1120 820 1176 882 sed
1197 821 1291 899 plane
1309 819 1514 900 oppositum:
1532 839 1609 902 ergo
1626 821 1690 883 sal·

50 909 180 971 Adamas
193 909 375 971 Bremansis
391 908 413 971 l.
426 913 456 987 1,
472 929 498 970 c.
511 913 569 983 l0;
587 910 657 972 Alb.
675 909 837 972 Stadensis
890 911 1025 987 temper
1039 925 1167 970 cursum
1186 908 1424 970 immemoriolis
1442 909 1596 988 temporis
1609 927 1689 988 prae·

51 1002 78 1059 et
89 997 237 1058 Francius
253 997 287 1058 in
301 996 426 1079 Metrop.
439 996 480 1059 od
491 1017 561 1059 oon.
573 1001 647 1072 7883
662 998 837 1078 Chytraejus
890 995 1084 1074 scripserunt
1106 995 1208 1056 coloni
1231 995 1462 1057 immunitatem
1488 1015 1509 1057 a
1536 997 1688 1059 solvendo

51 1087 69 1147 t.
83 1087 110 1161 3,
124 1084 273 1146 Sasonioe
284 1085 340 1167 sol.
357 1088 406 1147 73.
423 1089 453 1146 2.
468 1088 495 1148 A
511 1085 591 1147 dura
605 1085 766 1147 exactione
781 1086 838 1147 do·
890 1082 961 1161 plus
978 1101 1073 1162 quam
1089 1081 1223 1144 antchac
1238 1081 1319 1143 soliti
1339 1086 1412 1144 sunt
1428 1083 1562 1146 solvere.
1579 1088 1609 1148 1.
1627 1087 1688 1147 Do·

50 1173 197 1236 minorum
223 1191 278 1235 eos
300 1173 447 1235 liberavit
468 1175 563 1236 etiam
581 1173 747 1235 Ludonicns
764 1174 838 1235 Pius
890 1170 967 1232 mini
994 1171 1135 1250 plerique
1159 1170 1192 1230 in
1220 1169 1361 1249 registris
1389 1171 1440 1233 vel
1467 1172 1688 1236 instrumentis

10 1273 12 1306 ῑ
51 1261 146 1324 Casuli
165 1261 211 1324 11.
238 1263 348 1332 lilius,
372 1264 497 1326 Scaten.
520 1264 543 1325 l.
564 1266 594 1340 8,
610 1262 635 1344 f.
652 1266 723 1338 52³,
748 1263 769 1324 l.
786 1266 835 1340 10,
891 1258 1013 1337 seriptis
1041 1258 1206 1319 inveniunt
1234 1257 1454 1337 consignatum
1474 1259 1550 1340 quid
1573 1261 1686 1339 coloni,

50 1349 167 1432 tbi&
192 1355 372 1414 Lezenerus
395 1353 428 1413 in
447 1353 513 1415 vito
533 1352 677 1414 lodovici
694 1351 749 1413 Pii
762 1370 789 1412 e.
805 1355 835 1428 1,
891 1347 1097 1409 determinate
1120 1346 1152 1407 hi
1175 1346 1225 1407 vel
1240 1345 1301 1424 illi,
1331 1365 1369 1408 ex
1387 1348 1519 1428 singulis
1536 1353 1689 1428 praestare

47 1460 75 1521 p.
89 1443 118 1515 5,
131 1457 158 1503 c.
168 1441 210 1502 ’3.
237 1439 379 1503 Servitus
400 1439 546 1502 Garolina
567 1439 722 1501 reddebat
735 1441 838 1501 West-
891 1435 1027 1497 debeant
1039 1437 1093 1496 aut
1106 1434 1243 1514 pendere
1257 1455 1263 1496 :
1277 1453 1352 1513 ergo
1368 1435 1493 1516 signnm
1508 1440 1556 1498 est
1570 1437 1610 1498 ab
1625 1436 1686 1498 ini·

50 1527 151 1608 pbaloa
173 1527 345 1606 incapaces
366 1527 468 1589 omnis
487 1527 634 1606 dominii,
656 1527 717 1589 hoc
731 1531 837 1589 autem
891 1523 934 1583 tio
949 1540 1017 1584 esse
1032 1523 1177 1602 utrinqne
1190 1526 1379 1584 conuentum
1394 1523 1433 1585 ds
1454 1524 1547 1586 certis
1561 1542 1688 1603 semper

51 1633 105 1676 non
121 1615 348 1694 tacitpraesens
366 1615 519 1688 servitus3
541 1632 614 1677 nam
628 1615 654 1676 si
668 1613 836 1694 Originarii

51 1722 105 1766 nun
125 1703 325 1783 delinquent,
349 1703 508 1765 exturbari
529 1721 592 1766 non
610 1707 744 1783 possunt
757 1721 838 1782 prae-

51 1793 112 1867 diis,
123 1793 178 1854 sed
189 1791 336 1872 quandiu
351 1796 495 1870 superest
509 1791 621 1871 aliquis
635 1792 772 1869 familiae,
785 1792 837 1852 de·

50 1878 169 1941 batnrei
183 1879 354 1958 praedium.
366 1879 486 1940 Deinde
498 1885 571 1941 sunt
584 1879 703 1941 domini
718 1880 837 1959 aliquo-

10 1971 11 1974 ’
51 1985 111 2028 rum
119 1967 286 2030 mobilium
295 1968 482 2044 etmaxime,
493 1986 603 2029 eorum
615 1985 686 2047 quae
696 1971 836 2029 extraor-

51 2055 159 2116 dinarie
167 2056 386 2118 lucrantur.Si
395 2056 449 2136 qui
459 2056 500 2118 ob
511 2055 659 2118 delictum
671 2056 836 2118 exturben-

52 2147 104 2220 tur,
112 2147 261 2206 tenemur
269 2143 471 2223 Proprietarii
486 2142 654 2221 providere
669 2143 781 2204 saltem
797 2141 836 2202 de

52 2229 234 2293 habitatione
245 2229 451 2310 alibi.ltaquo
459 2229 661 2309 Proprietarii
671 2233 743 2292 sunt
753 2249 836 2292 nuno

53 2316 157 2378 domini
170 2316 272 2379 subus
291 2317 505 2396 Proprietatis,
523 2317 640 2380 Rustici
656 2321 761 2379 autem
775 2318 836 2380 uti-

52 2403 146 2467 litatis.

11 2535 12 2538 κ
85 2493 140 2570 §a
157 2491 329 2572 Originarii
347 2492 426 2554 tales
449 2511 512 2555 non
526 2498 600 2557 sunt
620 2493 726 2557 stricte
740 2493 834 2570 servi,

10 2581 12 2584 ’
54 2582 101 2642 sed
116 2582 337 2658 tautumlate,
369 2582 413 2644 uti
433 2597 505 2643 eum
527 2583 783 2644 communissima
806 2585 838 2644 et

10 2737 17 2870 l

55 2687 116 2730 cum
133 2674 220 2733 certa
244 2670 400 2732 sententia
421 2670 513 2732 docet
536 2673 645 2749 Laym.
663 2669 686 2732 l.
709 2673 739 2746 3,
756 2679 779 2730 t.
804 2672 833 2746 l,

54 2775 77 2817 c.
88 2761 116 2834 5,
129 2779 159 2820 u.
185 2761 219 2820 11
236 2779 245 2833 ;
263 2777 337 2818 nam
359 2759 398 2820 ab
415 2758 536 2820 actibus
550 2757 696 2838 legitimis
711 2777 773 2821 non
787 2777 837 2819 re·

55 2846 216 2924 pelluntur,
234 2846 329 2909 vendi
349 2866 412 2908 non
430 2851 564 2926 possunt
586 2847 703 2909 directe
717 2849 750 2908 in
764 2865 837 2926 per-

10 2971 12 2974 -
55 2949 121 2993 sona
132 2953 198 3011 sna,
215 2933 325 3013 aliqua
338 2934 398 2996 sibi
411 2934 527 2995 lucrari
538 2939 682 3013 possunt;
695 2935 771 2996 item
781 2952 835 2995 no·

10 3411 11 3456 ,
57 3371 84 3431 in
95 3372 295 3450 westphalia,
311 3389 375 3434 non
388 3375 492 3451 potest
504 3371 630 3434 aliunde
641 3371 832 3450 provenisse,

58 3477 139 3538 mam
169 3479 208 3520 ex
235 3461 399 3522 contractu
427 3461 564 3540 quodam
592 3459 834 3538 Dmphyteutico

10 3567 12 3624 ι
58 3547 120 3608 obm
131 3547 211 3609 inter
224 3548 375 3610 Dominos
394 3551 425 3608 et
438 3547 573 3627 Majores
587 3548 834 3626 Originariorum

10 3637 12 3716 i
60 3634 139 3713 inito,
154 3653 211 3715 per
224 3655 318 3716 quem
334 3636 378 3713 hi,
398 3637 448 3698 vel
462 3640 550 3697 certa
572 3637 691 3715 praedia
708 3635 835 3715 propria

10 3727 11 3748 l
60 3722 242 3788 dominorum
263 3725 458 3803 acceptarint
477 3725 609 3787 colenda
634 3725 683 3787 vel
707 3724 835 3804 propria

10 3913 12 3936 ι
60 3913 138 3958 sonas
163 3899 299 3962 dominis
330 3900 608 3978 transcripserint,
638 3898 730 3959 simul
762 3915 834 3960 cnm

10 3993 12 4006 '
61 4001 140 4047 onere
152 3987 226 4049 certi
243 3987 360 4048 servitii
382 3987 555 4066 personalis
574 3990 606 4049 et
624 3986 751 4048 canonis
770 3987 834 4048 suis

56 3018 127 3081 mine
139 3021 269 3101 proprio
289 3020 465 3100 possidere,
482 3022 616 3098 donare,
633 3025 833 3100 permutare,

56 3109 86 3167 nt
96 3108 208 3171 dictum
224 3113 274 3172 est
288 3112 378 3186 ente,
395 3113 427 3172 et
440 3128 477 3170 ex
491 3127 550 3170 usu
565 3111 747 3188 quotidiano
762 3128 836 3176 oon-

892 1610 1025 1671 servitiis
1043 1612 1093 1672 val
1117 1609 1301 1672 canonibus.
1326 1613 1357 1673 5.
1382 1611 1414 1674 Si
1438 1611 1558 1674 licitum
1578 1613 1688 1676 inisset

891 1716 1007 1777 augere
1033 1716 1140 1776 onera,
1167 1703 1390 1762 Antecessores
1407 1700 1526 1762 domini
1545 1701 1621 1764 satis
1639 1704 1687 1764 at·

890 1787 967 1849 tenti
982 1787 1023 1847 ad
1043 1788 1122 1850 Jura
1144 1791 1176 1850 et
1196 1789 1363 1850 commoda
1377 1807 1434 1851 sua
1448 1788 1569 1852 dudum
1583 1789 1687 1851 auxis-

891 1878 979 1948 sent;
994 1879 1113 1936 certum
1129 1879 1177 1940 est
1191 1876 1274 1937 enim
1289 1895 1357 1947 esse
1371 1876 1570 1957 praediaqnee
1580 1877 1687 1941 decies

890 1961 960 2042 plns
983 1967 1132 2041 praestare
1151 1963 1287 2043 possint,
1313 1963 1401 2045 atqui
1420 1982 1481 2025 non
1504 1967 1685 2028 auxerunt:

891 2067 977 2129 orgo.
995 2054 1041 2112 llx
1055 2051 1146 2114 dictis
1163 2071 1171 2113 :

929 2139 947 2217 ᾗ
971 2141 1001 2200 5.
1032 2139 1174 2221 Sequitur
1201 2143 1229 2200 1.
1257 2137 1484 2218 Proprietarios
1505 2158 1567 2203 non
1593 2157 1685 2220 posse

890 2227 1073 2306 originariis
1093 2228 1164 2306 plus
1182 2227 1344 2306 imponere
1364 2245 1460 2307 quam
1483 2228 1635 2291 hactenus
1652 2227 1685 2291 hi

890 2313 971 2376 soliti
985 2319 1058 2376 sunt
1071 2318 1220 2393 proestare
1234 2319 1289 2374 ant
1303 2315 1504 2393 persolvere;
1519 2320 1551 2378 et
1565 2314 1610 2378 ita
1620 2316 1687 2378 Mo-

890 2401 1015 2464 nastcrii
1031 2403 1062 2463 in
1075 2405 1092 2465 J
1097 2403 1198 2464 udicio
1213 2401 1315 2464 aulico
1330 2403 1445 2483 saepius
1460 2403 1603 2465 decisum
1622 2407 1683 2480 est,

890 2490 1023 2570 ideoque
1038 2489 1144 2552 rustici
1159 2492 1269 2552 saltem
1284 2509 1322 2552 ex
1336 2491 1491 2554 sententia
1502 2492 1554 2571 jns
1565 2492 1687 2554 habent

891 2597 910 2640 a
924 2597 987 2657 qua
1000 2597 1063 2639 non
1078 2583 1125 2640 est
1136 2578 1305 2639 efficaciter
1320 2577 1523 2657 appellatum.
1533 2577 1566 2642 Si
1578 2585 1685 2640 tamen

890 2667 1063 2727 emoriatur
1077 2684 1138 2726 una
1149 2665 1268 2726 familia
1278 2665 1404 2742 rustice,
1415 2665 1533 2728 domiui
1544 2666 1685 2746 proprie-

890 2754 961 2816 tarii
984 2755 1064 2815 fiunt
1086 2753 1227 2816 absolute
1252 2753 1387 2830 domini,
1411 2754 1506 2816 etiam
1525 2753 1683 2830 utilitatis,

890 2845 1082 2922 possuntque
1098 2842 1240 2918 elocare,
1261 2841 1356 2902 etiem
1371 2844 1464 2902 aneto
1488 2857 1627 2919 canone,
1654 2845 1687 2903 et

890 2929 943 3009 qui
958 2933 1133 3008 acceptant,
1150 2935 1223 2991 sunt
1236 2933 1359 2992 tautum
1374 2929 1593 2992 conductores.
1606 2930 1685 2992 ltcm

890 3017 915 3077 si
931 3015 1075 3077 dominus
1097 3015 1325 3094 Proprietarius
1341 3014 1406 3077 suis
1424 3015 1575 3095 impensis
1597 3015 1686 3096 adje-

890 3103 968 3164 cerit
982 3103 1100 3185 aliquid
1115 3109 1170 3167 aut
1184 3103 1364 3167 notabiliter
1377 3103 1591 3166 melioraverit
1604 3122 1685 3184 prae·

58 3199 109 3258 aiot

111 3241 118 3256 .
890 3191 993 3268 dium,
1011 3192 1119 3271 utique
1135 3192 1252 3271 poterit
1273 3191 1399 3270 exigere
1418 3191 1489 3269 plus
1503 3191 1682 3270 pensionis,

90 3284 144 3360 §a
161 3284 303 3345 Servitus
318 3282 581 3363 Originnriorum,
598 3301 668 3364 qnae
687 3301 771 3344 nunc
786 3287 835 3345 est

888 3280 1063 3342 seeundum
1088 3280 1323 3359 proportionem
1345 3278 1460 3358 adjecti
1493 3279 1583 3360 quasi
1611 3279 1683 3342 novi

889 3367 977 3427 fundi
995 3367 1050 3428 sed
1064 3367 1234 3440 industria3
1257 3370 1289 3428 et
1303 3365 1456 3446 quidquid
1470 3364 1510 3427 dc
1529 3384 1586 3429 suo
1603 3384 1680 3429 oon·

888 3455 960 3516 tulit
973 3455 1117 3532 rusticus,
1130 3472 1192 3516 non
1203 3453 1258 3515 dat
1267 3452 1537 3534 Proprietariojus
1547 3451 1682 3533 augendi

889 3559 1054 3604 cononem.

928 3629 1067 3712 Sequitur
1079 3634 1107 3691 2.
1128 3630 1160 3693 Si
1175 3629 1274 3692 'litius
1288 3634 1373 3692 emat
1386 3647 1405 3692 a
1419 3631 1492 3692 Caio
1508 3628 1683 3709 Proprieta-

888 3719 935 3781 rio
957 3719 1131 3798 praedium,
1152 3718 1258 3781 illicite
1279 3722 1311 3780 et
1331 3719 1467 3781 invalide
1485 3718 1544 3781 init
1565 3735 1683 3782 novum

889 3812 1085 3869 contractum
1101 3826 1173 3870 cum
1187 3807 1357 3886 originario
1371 3806 1467 3889 hujus
1480 3824 1680 3885 possessore,

888 3898 924 3956 ut
936 3894 1090 3973 majorem
1105 3913 1259 3957 cunonem
1275 3895 1409 3975 pendat,
1426 3895 1501 3976 quio
1512 3895 1605 3957 Gaius
1619 3912 1682 3957 non

888 3982 991 4060 potuit
1003 3982 1140 4043 vendere
1150 3982 1203 4062 jus
1213 3983 1298 4064 quod
1313 4000 1376 4045 non
1390 3981 1542 4056 habebet;
1555 4000 1618 4046 non
1628 3983 1683 4044 ha·

887 4068 983 4131 babet
997 4073 1102 4132 autem
1116 4072 1133 4132 J
1137 4088 1171 4131 us
1187 4069 1322 4149 augendi
1332 4087 1486 4132 canonem
1498 4089 1505 4132 :
1519 4086 1604 4148 ergo.
1619 4067 1683 4130 Nec

887 4156 982 4218 obstat
996 4161 1024 4219 1.
1049 4157 1139 4230 Quod
1160 4156 1260 4220 Titius
1283 4157 1406 4220 dederit
1421 4157 1500 4220 sorte
1523 4157 1680 4236 pretium,

888 4245 937 4308 cui
960 4264 1022 4308 non
1041 4246 1230 4324 respondeat
1250 4245 1399 4307 interesse
1418 4244 1567 4307 ordinarii
1590 4260 1683 4307 cano·

889 4333 961 4407 nis;
984 4353 1052 4396 nom
1076 4335 1108 4395 id
1128 4335 1339 4413 imputetsuae
1362 4333 1546 4412 ignorantiae
1571 4333 1619 4395 vel
1632 4351 1683 4393 er·

887 4421 962 4483 rori.
983 4421 1045 4484 Nec
1057 4421 1151 4483 obstat
1163 4425 1193 4484 2.
1211 4420 1301 4493 Onod
1316 4439 1389 4482 cum
1412 4419 1582 4500 originario
1596 4420 1683 4482 ineat

888 4527 1005 4571 novum
1014 4513 1210 4572 contractum
1220 4513 1252 4571 et
1265 4507 1316 4570 hio
1331 4508 1416 4570 dicat
1427 4525 1460 4569 se
1477 4506 1654 4570 consentire
1670 4526 1679 4582 ;

887 4615 956 4658 aum
978 4597 1133 4660 consentit
1150 4595 1373 4672 involuntarie,
1394 4597 1444 4657 vel
1464 4594 1539 4676 quia
1556 4595 1682 4676 ignorat

887 4688 904 4748 J
909 4704 944 4746 us
958 4703 1070 4762 sunm,
1091 4684 1142 4746 vel
1161 4683 1235 4764 quia
1248 4683 1337 4746 timet
1350 4682 1466 4762 depelli
1481 4687 1536 4744 aut
1556 4681 1679 4756 vexari;

887 4774 958 4836 talis
979 4777 1085 4834 autem
1109 4789 1279 4834 consensus
1301 4790 1363 4834 non
1383 4770 1516 4849 impedit
1530 4769 1606 4850 quin
1627 4771 1683 4832 liat

60 3828 107 3872 sna
118 3813 232 3891 praedia
246 3832 382 3893 suasque
396 3813 503 3889 etiam,
517 3817 548 3874 et
558 3817 756 3892 posterorum
766 3832 835 3892 per·

60 4074 235 4152 temporibus
255 4074 424 4154 praestandi
442 4093 449 4147 ;
466 4073 590 4136 Domini
613 4078 718 4136 autem
734 4092 767 4134 se
790 4075 834 4134 vi·

62 4158 150 4222 sisaim
168 4161 376 4241 obligaverint
389 4161 430 4222 ad
450 4179 504 4223 eos
518 4161 684 4240 regendos,
701 4162 834 4222 tuendos

63 4263 94 4306 aa
109 4249 325 4330 relinquendos
347 4250 378 4311 in
400 4249 596 4329 possessione
622 4249 831 4329 prediorum,

64 4336 183 4412 quandin
203 4340 382 4417 superesset
395 4336 508 4416 aliquis
523 4337 562 4398 de
577 4337 705 4414 familia,
722 4341 754 4398 et
767 4355 834 4398 ma-

64 4428 158 4486 narent
169 4425 293 4502 iidelos,
310 4425 355 4488 uti
370 4429 480 4488 notant
492 4427 645 4487 Auctores
662 4424 834 4487 communi-

65 4509 188 4573 tcreum
208 4515 318 4594 Laym.
345 4514 365 4575 l.
386 4516 503 4590 3,1.1,
528 4531 554 4574 c.
577 4515 626 4590 23,
647 4533 677 4575 n.
696 4517 722 4575 1.
743 4513 833 4575 Ratio

66 4599 111 4672 wi,
124 4601 194 4679 qnia
212 4601 345 4664 servitus
359 4601 413 4663 illa
427 4619 490 4661 non
506 4606 554 4662 est
572 4619 591 4662 a
606 4598 713 4662 Coreto
727 4601 771 4662 M.
788 4601 833 4664 uti

65 4681 81 4762 i
96 4689 113 4746 2
128 4693 282 4752 namneum
297 4695 353 4766 est,
383 4707 441 4750 nec
455 4687 578 4751 Domini
593 4689 759 4750 Christiani
777 4706 834 4750 sue

66 4775 227 4840 anctoritate
261 4781 431 4857 potnerunt
459 4775 620 4856 imponere
657 4777 834 4838 absolutam

67 4863 243 4944 seruitutem,
260 4865 305 4929 uti
320 4883 430 4928 omnes
443 4865 598 4942 fetantur,
616 4883 674 4926 nec
687 4864 832 4944 probabi·
887 4861 1012 4942 injuria,
1027 4861 1202 4922 secundum
1216 4861 1300 4922 dicta
1318 4879 1349 4922 n.
1365 4865 1397 4935 1,
1419 4863 1457 4922 10
1474 4866 1502 4920 et
1520 4861 1590 4921 615.
1614 4862 1680 4922 lmo

65 4943 126 5010 liter
135 4955 237 5035 conjici
252 4957 366 5034 potest,
382 4953 467 5016 unde
481 4953 558 5015 alies
572 4953 762 5031 proveniret.
879 4945 983 5010 etiam
1007 4948 1138 5027 posteris
1160 4950 1196 5010 tlt
1209 4947 1325 5028 injuria
1346 4965 1404 5026 per
1424 4946 1519 5008 telam
1538 4950 1681 5013 contrac-

99 5033 212 5104 Sidicoe
221 5061 288 5105 esse
302 5060 341 5104 ex
361 5045 523 5103 contractu
545 5041 650 5121 aliquo
664 5041 776 5103 saltam
788 5046 833 5101 ta·
886 5039 965 5113 tum,
989 5040 1020 5098 et
1033 5053 1091 5114 per
1104 5051 1290 5098 consensum
1303 5035 1336 5094 in
1349 5035 1450 5096 illum.

70 5120 136 5202 uu,
160 5130 212 5191 sed
232 5131 277 5193 ita
306 5133 343 5193 nt
368 5129 520 5191 Dominus
545 5133 673 5190 maneat
700 5129 834 5199 liberum
929 5123 1071 5205 Sequitur
1084 5126 1114 5186 3.
1137 5122 1364 5202 Proprietarios
1381 5121 1496 5202 injuste
1517 5137 1630 5201 agera,
1653 5118 1680 5182 si

70 5219 345 5367 ‘omilim’
361 5217 386 5366 i
401 5216 754 5367 pmiimmdloe‘ui’
771 5219 831 5278 ⁶²⁰·
887 5211 1621 5364 inaltanttttltttt‘ltttt
1639 5209 1679 5358 ii

72 5381 173 5466 dour,
195 5349 255 5455 nod
279 5321 833 5472 &suarezpnNcqflrgafiogngleaeplpgei
887 5321 998 5451 litigas
1011 5321 1176 5465 libertatis,
1193 5347 1253 5451 eid.
1269 5389 1340 5468 plus
1354 5386 1482 5466 exigant
1495 5343 1680 5466 quamferat

75 5475 165 5555 101181,
179 5480 251 5562 qnia
262 5480 374 5545 fuisset
386 5481 544 5544 deterrere
555 5479 681 5542 colonos
696 5497 714 5540 a
726 5477 835 5540 melio·
888 5476 1099 5554 consuetudo,
1117 5481 1149 5539 et
1162 5495 1236 5538 usus
1250 5474 1362 5539 Patria
1375 5475 1576 5556 prescriptos
1589 5473 1623 5536 io
1636 5473 1679 5537 si·
