4120 6348
585 515 637 576 DE
659 511 877 580 BENEFlGllS
898 511 1224 578 EGCLESlAS'l'lGlS.

71 699 225 778 dentiam,
244 702 344 778 Loth,
361 702 467 778 41444,
484 719 514 782 q.
531 702 591 766 396
611 708 638 762 et
658 719 735 784 seqq.
754 699 786 764 84
802 706 875 763 ante

70 788 287 868 privationem
303 793 500 867 compareat,
516 787 618 848 audiri
635 787 751 850 dcbcut
770 807 873 850 causae

70 881 262 938 excusantes
279 877 465 953 absentiam,
482 875 508 936 si
523 883 707 954 compareat
730 883 801 956 post
815 875 877 956 pri-

70 965 232 1027 vationem
260 970 295 1027 et
315 984 417 1027 causae
440 964 640 1026 inveniantur
656 965 750 1046 justae
765 966 876 1027 subve-

71 1053 153 1114 nitur
168 1053 319 1115 remedio
334 1053 538 1116 restitutionis
552 1053 584 1113 in
595 1054 764 1133 integrum,
779 1057 873 1132 hott,

71 1145 177 1220 Leur.,
194 1161 227 1224 q.
246 1146 320 1206 394.

15 1249 48 1296 m
108 1231 127 1310 ξ
141 1233 191 1293 40.
210 1231 378 1294 Paroohus
393 1231 499 1294 fruens
514 1233 643 1295 decimis
658 1235 782 1294 tenetur
801 1249 877 1293 con-

73 1338 198 1380 currere
224 1320 270 1380 ad
295 1319 529 1400 reparationem
553 1321 667 1382 domus
686 1317 876 1398 parochialis

75 1411 105 1468 et
118 1407 287 1484 Ecclesiae,
304 1407 363 1468 nisi
378 1407 572 1471 consuetudo
588 1427 667 1470 onus
682 1407 759 1468 illud
775 1407 875 1485 impo-

74 1496 171 1556 suerit
187 1495 408 1575 parochianis,
429 1499 534 1576 4444,
551 1517 585 1578 p.
611 1501 640 1574 4,
664 1516 689 1558 4.
713 1499 743 1572 9,
762 1516 793 1578 q.
817 1495 873 1568 49;

74 1583 182 1660 Barb.,
201 1581 240 1644 dc
254 1582 341 1666 offic.
359 1582 487 1646 Parcet.
503 1603 529 1646 4.
544 1587 592 1663 43,
605 1604 663 1646 44.
676 1585 705 1645 4.
719 1585 756 1646 V.
769 1586 874 1660 Lena,

17 1765 52 1812 444
112 1759 195 1837 §th
214 1759 263 1820 De
274 1757 493 1840 jurisdictione
517 1764 548 1822 et
571 1763 724 1840 potestate
744 1757 877 1822 Paroohi

77 1843 241 1906 inordina
267 1846 308 1908 ad
331 1845 613 1908 administrandum
638 1849 877 1910 Sacramentum

75 1932 284 2014 ponitentiae,
310 1941 366 1996 ant
388 1936 428 1997 ad
448 1935 657 2016 delegandam
682 1935 722 1997 ad
745 1935 804 1996 hoc
819 1953 877 2014 po·

77 2025 235 2098 testatem,
254 2023 388 2099 dicetur,
406 2024 426 2086 l.
445 2026 474 2086 6.
486 2026 579 2086 Notat
598 2029 706 2086 autem
722 2042 794 2084 cum
808 2022 877 2084 aliis

77 2113 181 2189 Leur.,
198 2129 231 2192 q.
249 2114 322 2188 444,
347 2112 378 2172 44
403 2111 479 2172 44444
493 2113 696 2192 Regularium
711 2110 874 2191 exemptio,

77 2199 258 2260 Paroohum
270 2219 333 2262 non
344 2201 478 2262 retinere
483 2200 735 2282 jurisdictionem
746 2221 753 2273 ;
768 2218 876 2280 quam·

78 2287 122 2347 vis
137 2306 208 2348 eam
223 2289 362 2350 retineat
381 2287 553 2368 Episcopus
575 2293 606 2351 et
628 2288 807 2369 Capitulum
820 2291 876 2350 Ca·

79 2375 220 2437 thedrale
236 2394 244 2450 ;
263 2377 295 2436 in
310 2377 438 2456 propria
452 2382 558 2439 autem
572 2377 712 2439 Ecclesia
725 2375 877 2456 praecedit

80 2463 239 2526 Paroohus
257 2483 377 2542 omnes,
402 2465 497 2526 etiam
520 2465 551 2525 in
575 2463 694 2546 majore
722 2465 874 2545 dignitate

79 2552 302 2616 Ecclesiastioa
315 2553 509 2616 constitutos.
527 2553 605 2616 Vide
619 2556 726 2631 Leon,
751 2573 781 2634 q.
802 2557 873 2616 448.

82 2640 158 2712 Ouid
173 2643 276 2720 possit
291 2642 395 2723 quoad
410 2641 626 2722 impediendas
636 2661 735 2704 vanas
745 2640 876 2704 iunctio·

82 2729 349 2808 nesRegularium
360 2735 391 2794 et
405 2732 509 2812 quoad
523 2731 763 2794 aedificationem
779 2748 876 2792 uovo-

82 2834 148 2878 rum
158 2819 434 2897 llonastcriorum,
452 2820 551 2882 videri
566 2824 669 2900 potest
682 2823 731 2896 h,
741 2823 876 2902 444444

79 2923 154 2986 seqq.
172 2907 256 2968 ltem
270 2908 346 2986 quid
361 2907 470 2988 possit,
488 2913 542 2970 aut
552 2909 666 2971 debeat
676 2909 780 2970 lacere
791 2908 876 2970 circa

82 2991 163 3056 hona
184 3014 254 3056 suas
276 2997 434 3074 Ecclesiae,
460 2997 556 3058 babet
578 2999 685 3076 Leuc,
712 3016 742 3079 q.
770 2999 828 3058 445
847 3005 876 3058 44

81 3101 155 3164 seqq.
172 3085 242 3146 Non
265 3089 496 3165 potestantem
519 3087 600 3147 ferre
624 3105 783 3163 censuras,
800 3085 874 3167 quia

84 3170 139 3235 boc
159 3178 285 3253 spectat
312 3175 352 3236 ad
376 3174 627 3255 jurisdictionem
656 3175 714 3236 fori
739 3173 871 3236 externi.

84 3259 221 3340 Denique
247 3261 375 3341 dejure
402 3261 546 3338 Perochi,
571 3260 707 3322 maxime
730 3261 814 3323 circa
828 3261 874 3322 fu-

85 3365 166 3427 nera,
182 3349 362 3428 portionem
376 3350 571 3428 canonicam,
588 3349 772 3428 oblationes,
789 3349 875 3411 deci-

84 3452 158 3512 mas,
174 3437 341 3518 primitias,
358 3438 456 3500 videri
472 3443 574 3519 potest
586 3441 692 3516 Leur,
718 3459 748 3520 q.
774 3442 832 3501 449
846 3445 875 3500 et

85 3539 158 3604 seqq.
174 3530 206 3587 et
220 3526 329 3604 aliqua
342 3525 494 3587 addemus
509 3545 527 3587 a
542 3547 572 3588 n.
593 3529 679 3588 4364.

29 3606 65 3654 ⁶⁰⁹
122 3613 199 3690 444.
217 3617 293 3688 Oura
308 3613 348 3675 sit
363 3615 494 3677 Parochi
511 3614 660 3694 obligatio
681 3615 785 3694 quoad
801 3633 872 3676 con-

86 3698 196 3780 ciones,
213 3703 335 3765 dictum
350 3707 397 3765 est
410 3703 431 3764 l.
448 3705 478 3780 3,
494 3723 526 3782 p.
545 3707 573 3780 l,
591 3723 610 3766 a
626 3723 657 3766 n.
674 3707 743 3766 463.
761 3705 838 3765 Item
854 3722 873 3764 a

87 3803 115 3846 4.
131 3792 199 3866 464,
217 3779 420 3870 quandonam
435 3790 630 3870 potissimum
645 3795 755 3871 peccet
768 3791 798 3852 in
808 3791 874 3854 4444-

87 3871 148 3947 4444
164 3877 242 3938 Item
258 3897 277 3939 a
292 3897 323 3938 44.
340 3881 409 3957 449,
426 3897 466 3939 au
481 3883 625 3940 tencatur
639 3877 678 3938 ad
693 3881 808 3941 Curam
818 3899 874 3960 per

87 3961 230 4041 seipsum.
246 3968 326 4028 ltem
340 3985 359 4027 a
373 3985 404 4028 n.
421 3969 490 4042 454,
508 3983 577 4046 quae
592 3966 631 4027 sit
646 3965 712 4046 ejus
724 3965 872 4047 obligatio

86 4049 221 4130 tempore
236 4053 418 4116 morborum
440 4059 471 4115 et
492 4053 578 4115 belli.
603 4055 682 4116 Item
704 4073 777 4116 an.
801 4059 870 4132 464,

88 4153 124 4196 au
145 4142 333 4223 quandoque
355 4148 501 4203 teneatur
524 4141 650 4204 Missam
675 4144 788 4205 4444444
813 4161 872 4223 pro

88 4228 291 4300 parochianis.
310 4230 472 4302 Quomodo
482 4233 588 4292 autem
599 4235 630 4292 et
639 4232 873 4312 subquapcrna

91 4313 226 4378 teneatur
249 4319 365 4380 habere
390 4318 595 4380 intentionem
620 4319 789 4398 recipiendi
815 4323 873 4384 Sa·

89 4402 274 4485 cordolium,
300 4407 440 4486 illudque
464 4407 546 4469 intra
569 4426 686 4468 annum
709 4406 870 4487 recipere,

90 4485 204 4553 dicetur
218 4513 237 4556 4
251 4514 282 4555 4.
298 4498 358 4558 449
381 4500 412 4558 44
435 4499 504 4572 859,
529 4495 603 4558 item
628 4495 667 4556 de
683 4495 872 4576 obligatione

91 4573 217 4642 faciendi
232 4583 457 4662 professionem
472 4585 556 4661 fidei,
573 4585 695 4646 dicetur
716 4602 735 4646 a
754 4604 784 4644 n.
801 4589 870 4647 446.

91 4662 130 4723 444
143 4669 233 4731 modo
248 4672 391 4748 ornandi,
408 4671 606 4752 augendique
621 4671 807 4733 Parecbiam
816 4671 873 4732 ali-

92 4767 190 4833 quam,
215 4759 315 4820 videri
337 4763 451 4839 potest,
477 4760 562 4839 apud
585 4760 708 4839 Pignat.
735 4767 805 4820 tom.
832 4762 870 4836 l,

93 4843 208 4906 consult.
232 4849 281 4908 54.
304 4847 444 4927 Denique
467 4847 603 4928 legenda
624 4853 671 4910 444
693 4845 872 4910 a.Parocho

93 4924 267 5007 admonitio,
290 4953 385 5014 qnam
409 4935 450 4994 ad
473 4937 619 4998 Pastores
633 4935 680 4996 444
695 4937 800 5015 gregis
816 4933 873 4997 ha-

92 5009 142 5075 bet
154 5018 243 5098 Deus,
260 5022 347 5083 444444
362 5023 411 5084 34.
428 5021 497 5084 Dies
508 5023 685 5104 pastoribus,
697 5033 750 5086 etc.

38 5107 72 5154 ⁸¹⁰
132 5103 222 5178 (44444
236 5113 284 5173 80.
301 5146 341 5156 -
356 5111 498 5187 Quaenam
514 5112 662 5194 Beneficia
676 5113 806 5195 conferri
824 5111 873 5174 de-

97 5187 172 5254 lceut
180 5217 233 5277 per
246 5207 444 5263 concursum?
469 5203 504 5264 ll.
529 5201 689 5264 Generalis
703 5201 813 5282 regula
827 5203 874 5264 est

96 5293 130 5337 ex
144 5281 221 5348 Trid.
239 5289 315 5350 Sese.
332 5294 382 5366 44,
397 5309 423 5353 4.
442 5291 490 5367 48,
506 5288 541 5352 de
553 5288 620 5369 Hcs.
637 5296 669 5352 et
683 5310 720 5352 ex
734 5291 824 5352 Bulla
836 5288 871 5352 S.

97 5361 144 5466 Pp'i
163 5371 193 5435 V.
210 5375 245 5436 ln
257 5377 437 5457 conserendis
452 5377 617 5460 Beneficiis,
633 5383 683 5456 44,
701 5378 785 5460 quod
807 5395 875 5439 om-

99 5469 146 5516 4444
158 5461 307 5526 Beneficia
321 5465 514 5548 parochialia
535 5466 669 5532 conferri
689 5468 805 5529 debent
817 5483 874 5545 per

1666 511 1726 574 549

931 718 1119 764 concursum
1142 699 1183 762 ad
1207 715 1428 782 quemcunque
1451 696 1577 761 collatio
1592 698 1723 778 spectet,

932 790 1053 852 etiamsi
1068 790 1110 852 ad
1123 790 1272 866 abbates,
1290 787 1331 849 ad
1345 791 1519 867 exemptos,
1544 785 1584 847 ad
1606 787 1726 864 Papam

932 879 1046 958 ipsum.
1064 879 1269 959 Exceptiones
1288 882 1393 940 tamen
1415 881 1489 938 sunt
1511 876 1629 951 multae,
1647 891 1725 955 quas

931 971 1095 1028 recensent
1110 966 1203 1028 Barb.
1220 964 1265 1028 Dc
1278 962 1360 1047 offic.
1378 963 1505 1026 Parcet.
1523 982 1548 1025 4.
1565 967 1595 1040 4,
1612 975 1670 1024 444.
1688 963 1725 1024 u
1769 983 1773 992 “

929 1054 1072 1115 etiterum
1087 1075 1116 1116 4.
1135 1057 1212 1129 446;
1229 1056 1342 1130 castr,
1359 1061 1397 1113 tr.
1416 1054 1464 1129 43,
1480 1050 1510 1114 d.
1526 1053 1557 1128 3,
1568 1070 1603 1133 p.
1619 1053 1649 1128 2,
1664 1051 1723 1132 §a

930 1142 1029 1205 Nicol.
1046 1151 1067 1204 t.
1085 1147 1114 1220 l,
1130 1141 1160 1204 d.
1178 1143 1208 1220 6,
1225 1143 1295 1221 §63
1312 1143 1418 1219 Leur.,
1430 1160 1465 1223 p.
1482 1143 1510 1216 4,
1527 1157 1557 1222 q.
1569 1142 1639 1202 496.
1652 1155 1726 1200 nam

931 1229 1030 1292 44444444
1047 1233 1150 1309 potest
1163 1247 1345 1292 concursus.

972 1321 999 1380 4.
1027 1319 1057 1382 84
1082 1318 1151 1400 quis
1178 1319 1210 1378 in
1232 1336 1345 1380 manus
1367 1320 1460 1399 Papae
1479 1317 1619 1398 resignet
1631 1333 1725 1395 paro-

930 1405 1036 1468 chiam
1051 1407 1082 1467 in
1098 1407 1238 1468 favorem
1253 1406 1395 1488 alicujus,
1423 1411 1479 1469 aut
1499 1405 1594 1467 etiam
1612 1403 1722 1481 libere,

931 1496 975 1557 444
992 1496 1102 1558 volunt
1116 1499 1226 1573 Gonu,
1243 1494 1291 1557 Ad
1303 1495 1407 1579 Requi.
1431 1499 1461 1559 8.
1485 1492 1615 1558 Cancell.
1631 1493 1675 1574 pl.
1690 1496 1723 1572 6,

929 1604 959 1644 4.
977 1587 1034 1646 446
1049 1589 1079 1646 44
1095 1585 1175 1647 Ρ444.
1191 1603 1223 1666 p.
1241 1587 1270 1661 4,
1287 1604 1312 1646 c.
1329 1589 1360 1662 5,
1376 1605 1405 1647 4.
1429 1590 1458 1662 9,
1484 1589 1594 1646 contra
1613 1581 1722 1662 Barb.,

929 1671 964 1734 dc
974 1681 1077 1754 potest.
1094 1671 1184 1756 Epic.
1201 1673 1292 1756 41144.
1308 1677 1358 1752 60,
1374 1694 1404 1736 4.
1421 1676 1456 1735 44
1475 1675 1620 1748 citiore,
1643 1669 1665 1734 t.
1690 1673 1721 1754 3,

930 1782 955 1823 4.
973 1765 1002 1840 3,
1018 1782 1048 1825 44.
1065 1765 1092 1825 5.

970 1853 999 1910 4.
1019 1847 1050 1912 84
1067 1852 1152 1929 Papa
1167 1848 1259 1911 alicui
1284 1851 1391 1912 4444444
1415 1847 1561 1929 praesenti
1582 1847 1724 1910 conferat

932 1937 1116 2016 parochiam
1130 1945 1324 2000 reservatam
1338 1937 1370 1998 iu
1384 1933 1536 2018 partibus.

969 2028 999 2087 3.
1017 2027 1050 2089 Si
1064 2027 1126 2089 duo
1151 2028 1235 2106 apud
1258 2027 1449 2108 Episcopum
1471 2027 1650 2106 permutent
1663 2025 1723 2087 Be-

930 2115 1052 2193 4446444,
1078 2116 1127 2177 vel
1149 2116 1241 2179 ambo
1265 2122 1386 2194 curata,
1411 2117 1462 2178 vel
1487 2117 1631 2177 curatum
1650 2131 1723 2175 oum

931 2202 1063 2284 simplici
1080 2207 1165 2282 Gau,
1183 2205 1292 2284 Zech,
1309 2205 1422 2282 Paris,
1439 2205 1460 2266 1.
1477 2207 1507 2283 8,
1523 2223 1554 2285 q.
1570 2206 1600 2280 9,
1620 2222 1652 2264 a.
1669 2204 1720 2280 95,

930 2297 1039 2354 contra
1052 2297 1153 2371 Lesa,
1171 2293 1192 2356 l.
1208 2297 1238 2370 4,
1254 2313 1280 2354 4.
1297 2295 1346 2370 34,
1363 2311 1393 2354 a.
1410 2296 1459 2356 85.

969 2385 998 2443 4.
1011 2380 1042 2444 84
1058 2381 1150 2444 alicui
1165 2381 1205 2444 sit
1219 2381 1414 2444 consuetudo
1428 2377 1723 2455 444414444444444,44

931 2469 1062 2530 Parochi
1078 2474 1186 2549 optent
1199 2470 1355 2532 Ecclesias
1369 2473 1526 2532 vacantes.

970 2561 1001 2620 5.
1031 2557 1062 2620 Si
1084 2558 1115 2618 in
1139 2558 1317 2638 provisione
1340 2557 1472 2639 alicujus
1486 2555 1721 2637 paroehiaenon

929 2646 970 2706 sit
985 2645 1152 2706 observata
1165 2645 1268 2707 forma
1281 2665 1299 2708 a
1314 2644 1401 2708 Trid.
1417 2654 1445 2706 et
1459 2643 1492 2708 S.
1506 2644 1564 2707 Pio
1578 2641 1625 2722 V,
1642 2661 1720 2723 prae·

930 2731 1057 2813 scripta,
1075 2737 1149 2794 tuuc
1165 2734 1250 2795 euim
1269 2733 1389 2798 confert
1402 2733 1468 2796 sine
1488 2750 1654 2808 concursu,
1669 2731 1720 2793 vel

930 2822 1031 2900 Papa,
1056 2819 1106 2880 vel
1129 2820 1208 2882 alius
1231 2819 1359 2882 interior
1382 2819 1423 2882 ad
1445 2819 1721 2899 praesentationem

930 2907 1068 2969 Patroni.
1086 2908 1186 2984 Corn,
1204 2909 1295 2984 Gon,
1309 2927 1339 2968 u.
1358 2909 1426 2970 446.
1673 2954 1687 2966 ..

969 2997 999 3056 6.
1017 2993 1048 3059 84
1064 3013 1121 3073 per
1138 3012 1325 3056 concursum
1350 2993 1467 3057 electus
1489 2993 1572 3056 intra
1594 2991 1751 3074 quadra,

929 3086 1044 3145 mestre
1063 3100 1125 3144 non
1146 3083 1324 3145 exhibuerit
1344 3082 1484 3145 collatori
1506 3081 1719 3144 testimonium

929 3191 993 3233 suae
1014 3171 1257 3251 praelectionis,
1283 3177 1357 3233 tunc
1371 3170 1455 3232 enim
1470 3171 1603 3232 conferri
1617 3173 1720 3250 potest

929 3262 1019 3323 tertio
1034 3259 1100 3320 sine
1115 3263 1281 3337 concursu,
1298 3263 1400 3338 Corn,
1417 3262 1523 3336 oonz,
1538 3279 1569 3321 a.
1587 3261 1656 3322 434.
1721 3321 1724 3326 Α

968 3352 997 3409 4.
1016 3347 1047 3410 84
1063 3346 1215 3407 Paroohia
1234 3349 1274 3408 sit
1293 3346 1465 3408 necessarie
1484 3345 1573 3407 unita
1587 3345 1719 3408 Vicarire

927 3440 1099 3516 perpetuae,
1124 3433 1293 3514 Dignitati,
1316 3435 1366 3496 vel
1387 3432 1600 3495 Canonicatui.
1625 3432 1719 3495 Aliud

928 3528 986 3601 est,
1012 3523 1038 3584 si
1063 3541 1164 3602 seque,
1188 3524 1238 3584 vel
1261 3522 1362 3603 magis
1385 3521 1599 3602 principalitar
1617 3539 1650 3582 se
1664 3519 1719 3583 ha·
1757 3531 1760 3538 '

927 3613 1002 3675 beat
1023 3611 1055 3672 in
1078 3611 1206 3688 unione,
1230 3613 1334 3689 Gara,
1359 3611 1468 3688 Gona,
1492 3611 1593 3686 Gora,
1609 3610 1716 3687 Lcur.,

926 3721 947 3783 q
969 3793 998 3854 8.
1016 3791 1051 3851 ln
1066 3789 1246 3870 provisione
1261 3786 1455 3868 Dignitatem
1469 3783 1651 3847 habentium
1666 3803 1718 3846 cu·

927 3898 996 3941 ram
1012 3879 1191 3940 animarum
1205 3877 1236 3938 in
1251 3874 1428 3957 collegiatis
1441 3873 1599 3951 Ecclesiis,
1614 3877 1719 3964 Corn,

928 3971 1017 4031 Garc.

966 4061 997 4120 9.
1015 4056 1047 4119 84
1063 4055 1094 4117 in
1110 4055 1275 4136 collegiata
1297 4071 1354 4133 per
1367 4050 1533 4114 canonicos
1548 4049 1718 4113 hebdoma-

929 4143 1035 4206 darios
1058 4148 1241 4205 exerceatur
1264 4160 1351 4218 cura,
1377 4143 1482 4218 Gara,
1506 4141 1607 4218 Corn,
1632 4140 1718 4203 Luca

927 4231 962 4294 de
976 4231 1118 4294 Poroctis
1131 4230 1161 4294 d.
1177 4234 1226 4309 34,
1243 4251 1273 4292 u.
1289 4233 1339 4293 34.

967 4323 1015 4384 49.
1033 4321 1065 4384 84
1080 4319 1233 4382 Paroohia
1246 4319 1286 4380 sit
1302 4319 1566 4400 jurispatronatus
1583 4317 1714 4381 laicalis.

926 4408 1042 4487 Excipe
1066 4411 1184 4483 44444444,
1212 4405 1271 4468 nisi
1295 4405 1381 4467 uuita
1403 4404 1718 4468 lueritBenaflcioli-

925 4496 1011 4558 berra
1034 4493 1228 4572 collationis,
1254 4499 1310 4554 aut
1330 4513 1368 4555 ex
1389 4493 1553 4574 privilegio
1576 4497 1714 4571 4444444,

925 4585 976 4645 vel
999 4581 1226 4647 consuetudine
1250 4585 1331 4644 esset
1349 4581 1402 4663 jus
1425 4580 1646 4660 presentandi,
1662 4584 1718 4645 aut

926 4673 1031 4752 plures
1046 4670 1209 4752 aequaliter
1227 4673 1332 4731 essent
1354 4669 1543 4749 presentati,
1568 4673 1622 4731 aut
1641 4687 1716 4749 pen·

927 4760 1017 4821 deret
1034 4759 1071 4821 lis
1095 4777 1190 4838 super
1207 4757 1476 4840 jurepatronatus,
1504 4760 1558 4818 aut
1578 4757 1715 4836 provisio

927 4847 1146 4911 devolveretur
1160 4847 1200 4908 ad
1215 4847 1424 4926 Episcopum
1447 4847 1480 4908 'm
1500 4845 1548 4907 4444
1567 4845 1651 4908 enim
1666 4863 1715 4908 ca-

926 4937 1012 4999 sibus
1027 4934 1145 4999 institui
1154 4935 1290 4998 ¹deberet
1303 4953 1484 4998 concursus.

968 5029 1015 5088 44.
1032 5027 1135 5088 Etiam
1149 5025 1302 5086 omittitur
1316 5043 1496 5102 concursus,
1521 5023 1547 5086 si
1570 5029 1714 5104 patrona·

926 5117 977 5176 tus
1000 5115 1041 5176 sit
1060 5111 1186 5190 mixtus,
1203 5113 1347 5193 quamvis
1366 5113 1416 5174 alii
1432 5131 1503 5174 oum
1518 5112 1621 5190 Dian,
1632 5130 1666 5193 44.
1681 5113 1712 5189 9,

927 5212 966 5265 tr.
990 5205 1020 5280 8,
1045 5220 1100 5263 res.
1124 5197 1173 5276 l8,
1196 5200 1303 5262 dicant
1325 5205 1400 5263 tunc
1423 5198 1618 5276 habendum,
1641 5199 1715 5279 quia

927 5290 980 5354 ubi
994 5290 1099 5370 agitur
1113 5291 1152 5351 de
1167 5289 1274 5350 favore
1289 5294 1322 5352 et
1333 5290 1417 5353 bono
1430 5287 1588 5366 Ecclesia,
1604 5292 1716 5368 putant

926 5379 1062 5442 Clericos
1077 5378 1239 5440 habendos
1254 5395 1322 5439 esse
1337 5380 1492 5458 potiores;
1509 5379 1610 5453 Corn,
1625 5375 1712 5453 dicit,

926 5467 952 5528 si
966 5467 1106 5528 mixtura
1119 5466 1160 5528 sit
1173 5465 1314 5545 aqualis,
1331 5471 1405 5529 tunc
1419 5470 1503 5527 certo
1517 5481 1580 5526 non
1597 5463 1713 5546 requiri
