4166 6346
284 491 345 553 lte
932 501 1050 566 LIBER
1070 501 1268 578 QUARTUS.

228 683 259 737 tt
327 673 433 751 θιιιι.
454 681 503 742 ιι).
519 713 560 730 ···
576 683 624 745 An
646 681 858 748 dfonusteriem
873 689 963 770 possit
982 685 1080 752 Novi·

284 763 358 824 uam
371 766 489 850 repleto
495 769 665 851 probatione
675 774 740 836 stne
752 793 840 838 coneo
852 795 910 838 oon
923 779 1079 842 admittere

283 853 324 916 od
330 855 567 940 professionem?
581 861 616 926 ll.
635 863 694 926 Per
708 861 768 927 boc
780 881 843 926 uon
856 865 981 954 peccari
994 883 1080 931 rnor-

315 1173 343 1224 3ι
357 1173 485 1240 Superior
494 1173 633 1241 religionis
643 1176 767 1240 quolibet
777 1181 914 1231 semestris
922 1181 956 1232 ad
968 1181 1077 1234 Sacram

284 1243 521 1309 Congregstionom
545 1260 626 1311 super
646 1251 718 1298 stetu
742 1249 908 1315 regularium
930 1253 1076 1303 summarie

283 1313 383 1366 referet
396 1313 429 1366 de
444 1315 558 1380 singulis
568 1316 680 1368 novitiis
701 1315 737 1370 sd
758 1320 883 1372 habitum
904 1325 1027 1388 receptis,
1043 1323 1076 1374 de

283 1389 373 1446 astate,
388 1387 484 1450 patris,
498 1388 628 1452 moribus,
643 1399 751 1442 necnon
764 1391 798 1444 da
811 1392 879 1443 actis
888 1391 1017 1445 confectis
1027 1407 1076 1460 pro

283 1458 445 1520 receptione,
461 1461 512 1508 stc.

315 1527 343 1576 ιο
357 1527 442 1591 Prope
456 1529 605 1579 terminum
620 1531 806 1597 cujuscunque
834 1533 979 1586 trimestris
995 1535 1074 1586 novi·

284 1597 375 1658 tiatus,
399 1599 527 1662 magister
545 1601 711 1652 novitiorum
731 1604 894 1655 Provinciali
912 1606 1011 1670 agendi
1030 1620 1076 1658 re·

284 1667 386 1718 tlonem
400 1669 530 1734 colusque
546 1671 642 1722 novitii
663 1673 764 1738 scripto
782 1673 888 1726 referat.

314 1739 343 1788 tt⁰
363 1737 473 1790 Duobus
496 1743 636 1793 mensibus
660 1748 722 1795 ante
743 1745 946 1810 professionem,
961 1748 1073 1812 provin-

283 1807 360 1860 cialis
376 1809 473 1862 novitii
488 1813 656 1864 voluntatem
674 1815 821 1880 diligenter
838 1818 970 1882 exploret,
984 1821 1012 1868 et
1027 1831 1075 1883 per

283 1883 383 1931 secreta
400 1881 527 1948 suffragiu
546 1884 697 1950 interroget
715 1890 828 1938 ceteros
842 1888 876 1939 de
890 1888 972 1940 domo
990 1904 1025 1940 an
1039 1890 1073 1941 ad

283 1955 475 2020 professionem
504 1957 614 2008 admitti
641 1957 736 2022 possit,
762 1959 885 2022 hancque
914 1960 1074 2011 relationem

283 2025 515 2076 examinatoribus
529 2027 713 2078 communicet
726 2031 758 2080 ιι
781 2029 807 2079 ιι
821 2027 931 2080 illorum
947 2029 1074 2094 suffragia

283 2095 389 2146 babeat.
407 2097 472 2154 Quae
487 2097 578 2147 omnia
597 2100 624 2147 et
646 2101 742 2148 catera
765 2098 794 2148 in
817 2101 945 2164 predicta
967 2101 1074 2152 decreto

283 2165 438 2230 praecripta
452 2167 504 2217 sub
521 2179 600 2232 pruna
614 2169 690 2231 gravi
704 2173 767 2220 suut
785 2171 954 2223 observanda
970 2174 997 2234 (e
1012 2171 1075 2235 qui-

282 2235 333 2288 bus
346 2239 436 2288 tamen
451 2237 571 2289 Societas
584 2239 646 2290 lesu
661 2238 713 2290 tuit
730 2240 903 2305 dispensata).

314 2305 474 2359 rodendum
488 2307 607 2372 denique
626 2309 702 2359 venit
715 2311 741 2362 S.
762 2311 858 2362 Sedem
878 2313 912 2362 ob
931 2313 1076 2377 perturba·

283 2377 386 2427 tionem
402 2380 504 2428 metum
520 2381 583 2430 volu
603 2378 763 2431 monialium
786 2382 815 2433 in
830 2383 915 2433 Gallia
932 2387 959 2432 ct
983 2383 1074 2446 Belgio

284 2448 391 2508 emissa,
400 2451 431 2498 ut
439 2449 565 2514 subplicio
574 2449 672 2501 habere
684 2452 720 2510 (S.
734 2453 841 2514 Pente,
850 2453 894 2503 dic
904 2456 919 2504 ι
928 2451 986 2504 ιιι.
1000 2455 1074 2518 1836,

282 2519 372 2570 ttDec.
389 2519 458 2581 laet,
472 2523 534 2578 etet.
545 2520 622 2580 Quod
637 2533 686 2586 pro
699 2523 766 2572 viris
779 2537 835 2574 nou
850 2525 935 2574 currit
949 2524 996 2588 qui
1012 2537 1074 2586 pos-

283 2592 347 2640 sunt
363 2590 391 2640 in
408 2590 440 2640 iis
455 2591 612 2654 regionibus
626 2595 688 2644 vota
706 2592 839 2644 solemnia
862 2595 996 2656 emittere,
1012 2595 1075 2646 licet

283 2658 327 2708 lex
354 2659 442 2710 civilis
471 2659 589 2712 declaret
611 2675 706 2712 omues
733 2663 806 2714 cives
828 2663 862 2714 ed
880 2664 1074 2728 possidendum

283 2727 396 2790 habiles,
425 2731 489 2794 qula
513 2730 557 2780 lex
584 2731 672 2782 civilis
693 2747 741 2798 per
763 2746 791 2783 se
816 2735 893 2785 nullo
917 2736 998 2785 modo
1024 2749 1074 2800 po-

283 2801 336 2848 test
358 2797 521 2851 solemnitati
546 2805 673 2853 votorum
697 2803 836 2856 obsistere.
853 2807 996 2870 Gregorius
1016 2807 1074 2859 lel

283 2873 346 2920 ιιιι
364 2871 602 2924 benedictinorum
616 2874 644 2923 in
659 2874 754 2925 Galliis
768 2876 901 2928 solemnia
916 2877 1073 2928 declararit

283 2937 443 2990 Addendnm
466 2955 530 2994 vero
552 2954 614 2994 cum
638 2944 794 2997 doctissimo
822 2948 918 3010 Bouix,
943 2949 1076 3000 moniales

283 3007 425 3074 predictas
452 3013 537 3063 status
564 3014 684 3078 religiosi
707 3018 852 3068 essentiam
875 3017 990 3082 hebere,
1013 3031 1073 3083 quus

283 3081 352 3132 stare
366 3085 454 3147 potest
468 3095 530 3134 cum
549 3085 637 3135 tribus
651 3087 721 3136 votis
736 3088 908 3153 simplicibus
922 3091 1002 3140 modo
1017 3091 1074 3141 haec

282 3155 347 3202 vota
360 3152 490 3218 perpetua
511 3155 567 3205 sint
589 3159 615 3206 ιι
634 3158 745 3208 nomine
765 3161 889 3211 Ecclesiae
905 3161 957 3212 rite
978 3167 1073 3226 accep·

282 3223 346 3274 lata.
365 3223 594 3294 (normaeque,
610 3228 629 3290 l,
641 3241 666 3292 p.
681 3229 747 3290 ιιι.)

577 3349 649 3404 Plus
670 3353 719 3404 PP.
737 3354 779 3404 fx.

465 3446 508 3498 Ad
514 3449 665 3514 perpetuom
678 3449 718 3498 rei
729 3451 887 3500 mentonem.

316 3575 329 3605 ι
343 3557 381 3610 ta
395 3558 557 3612 universalis
570 3560 694 3611 Ecclesia
708 3561 838 3626 regimen,
856 3558 910 3610 Deo
928 3559 966 3612 ιιι
980 3561 1073 3626 dispo·

282 3633 374 3691 nente,
389 3630 487 3691 vocati,
503 3645 550 3694 pro
566 3632 703 3694 pastorali,
715 3644 770 3696 qua
784 3645 923 3696 urgemur,
938 3632 1074 3684 sollicitu-

281 3701 346 3751 dine
360 3701 434 3750 haud
458 3701 678 3764 pretermisimus
696 3702 730 3751 ad
749 3702 890 3765 religiosus
907 3715 1014 3766 quoque
1033 3703 1072 3753 fn·

283 3769 373 3821 milles
393 3772 494 3821 mentis
512 3772 609 3831 eciem,
623 3771 764 3836 culmique
783 3783 861 3822 curas
879 3772 1020 3824 intendere
1043 3776 1075 3824 ιι

282 3853 330 3901 ιιι,
345 3841 379 3891 de
396 3841 542 3893 christinus
557 3845 584 3892 ιι
597 3841 672 3892 civili
687 3841 825 3906 republica
841 3841 944 3905 optime
959 3845 1072 3906 merita,

282 3912 316 3962 ad
331 3911 472 3976 pristinem
486 3911 658 3976 splendorem
672 3914 873 3972 revocarentur,
882 3914 910 3961 et
923 3913 1074 3964 incremen-

283 3984 341 4031 tum
354 3983 516 4046 acciperent.
532 3983 617 4032 Probe
631 3985 723 4031 aulem
736 3982 896 4046 agnovimus
912 3983 1073 4036 tristissimis

283 4052 356 4102 hisce
372 4052 549 4116 temporibus,
564 4051 664 4115 quibus
684 4051 787 4101 inimici
803 4051 891 4102 crucis
906 4053 1005 4104 Christi
1021 4053 1072 4105 hu-

282 4134 364 4172 mans
383 4119 530 4185 divineque
549 4123 641 4172 omnia
661 4123 835 4185 pessumdare
849 4136 881 4172 sc
899 4133 988 4175 mores
1011 4140 1074 4191 per·

283 4196 387 4243 vertere
401 4193 520 4254 student,
535 4190 681 4244 maximam
694 4192 879 4245 adhibendam
895 4205 951 4246 esec
969 4209 1073 4260 euram,

283 4263 505 4325 sollicitudinem,
519 4263 700 4328 diligentiam,
714 4264 749 4314 ad
774 4278 868 4314 eorum
891 4266 1016 4332 spiritum
1030 4269 1072 4320 uti

282 4346 331 4397 par
345 4335 385 4382 est
398 4333 569 4397 probandum
588 4333 635 4396 qui
658 4338 720 4384 rota
739 4333 870 4384 solemnia
892 4335 946 4385 Deo
965 4350 1071 4388 nuncu-

283 4415 345 4467 pere
359 4402 505 4467 postulunt,
515 4413 550 4453 na
565 4405 625 4467 quis
639 4403 798 4454 admittetur
810 4405 859 4468 qui
872 4406 963 4455 seculi
978 4409 1071 4457 conh-

281 4475 362 4538 gicne
377 4473 496 4538 pollutus
509 4472 625 4524 electum
646 4475 744 4525 christi
767 4487 874 4539 gregem
899 4475 1010 4538 inficiet,
1029 4477 1072 4528 rel

282 4559 353 4596 veras
366 4545 518 4596 ιοιιιιιιιι
536 4558 639 4609 expers,
655 4547 826 4610 susceptique
841 4546 960 4596 instituti
975 4551 1073 4610 portm-

282 4629 327 4666 sus
342 4621 451 4680 gravem
466 4615 604 4666 sodalibus
618 4616 770 4666 molestiam
790 4615 889 4666 inferat
911 4630 973 4666 curn
989 4617 1074 4668 disci·

282 4687 364 4751 plinoe
377 4687 588 4751 perturbatione,
602 4688 629 4737 et
643 4687 774 4750 regularis
787 4686 968 4740 observantie
978 4691 1074 4744 discri-

282 4757 364 4807 mine.
390 4757 501 4817 idcirco,
515 4757 609 4808 audito
632 4762 695 4808 soto
719 4757 773 4808 VV.
789 4759 836 4809 FF.
860 4761 912 4809 NN.
938 4763 964 4813 S.
990 4763 1019 4812 R.
1044 4765 1071 4814 fi.

281 4827 465 4878 cardinalium
480 4828 700 4892 congregationis
714 4832 880 4892 superstate
894 4831 1070 4896 regularium,

281 4898 414 4950 nonnulle
436 4899 486 4949 hec
508 4912 589 4962 snper
615 4899 856 4950 remandavimus
883 4901 927 4952 edi
953 4903 1070 4967 decreta,

282 4971 425 5035 interque
440 4965 507 5020 illud
522 4971 671 5033 praesertim
681 4972 708 5021 in
725 4983 844 5035 praeseus
858 4985 1072 5026 commemoran-

280 5043 345 5092 dum
360 5043 408 5104 est,
423 5039 496 5104 quod
511 5053 558 5103 per
572 5039 675 5090 litteras
685 5041 837 5104 encyclicas
848 5041 891 5093 die
906 5043 963 5096 xlx
979 5045 1069 5096 martii

281 5111 457 5165 muccctvrt
481 5109 545 5162 av.
560 5109 588 5160 F.
603 5111 798 5176 tmhepisoopo
821 5112 989 5178 Philippensi
1012 5131 1072 5168 me·

281 5187 393 5234 ιιιοιιιιι
415 5183 514 5232 nostrae
536 5181 756 5246 congregationis
774 5183 919 5234 secretario
943 5185 1071 5250 signatas,

281 5253 449 5319 publicatum
464 5255 512 5302 est.
527 5251 557 5301 fu
572 5250 689 5316 praetatis
707 5255 799 5302 eutem
813 5251 912 5303 litteris
927 5254 995 5318 bac,
1010 5269 1071 5321 quae

282 5325 444 5387 sequuntur,
472 5323 560 5384 quoad
589 5321 738 5386 Religiosos
760 5324 880 5374 virorum
908 5325 1017 5377 ordines
1039 5341 1071 5379 ac

283 5395 408 5445 instituta
422 5407 456 5446 ex
473 5395 563 5445 nostro
581 5405 705 5457 expresso
721 5393 848 5444 mandato
870 5396 897 5445 et
919 5395 1070 5461 apostolica

282 5464 442 5522 securitate
457 5464 559 5517 sancita
577 5463 660 5530 tuere,
679 5463 803 5520 scilicet:
822 5465 957 5520 «Peracto
971 5467 1069 5534 proba·

1132 691 1238 755 taliter
1251 692 1366 755 docent
1379 691 1486 774 aliqui,
1503 693 1578 776 quia
1591 694 1682 758 sicuti
1697 693 1834 758 novitius
1847 693 1928 758 liber

1133 781 1233 843 ested
1257 782 1467 862 profitendum
1489 783 1540 845 vel
1563 784 1603 846 ed
1627 784 1810 846 abeundum
1831 783 1927 846 etiem

1132 867 1199 933 sine
1214 886 1319 950 eausa,
1336 868 1379 935 ite
1393 870 1518 936 videtur
1533 871 1652 958 Religio
1668 870 1784 938 debere
1803 889 1873 936 ease
1886 870 1922 934 li·

1130 1202 1144 1230 »
1162 1183 1236 1234 tione
1251 1187 1279 1235 et
1291 1184 1426 1236 novitiatu
1444 1183 1478 1236 ed
1494 1183 1681 1248 prescriptum
1694 1182 1722 1234 s.
1739 1181 1856 1234 eunoun
1870 1183 1928 1236 'frt-

1131 1254 1278 1312 sdentini.
1299 1249 1529 1306 constitutionum
1539 1253 1766 1318 Apostolicorum,
1781 1256 1809 1304 ιι
1830 1254 1924 1306 Statu·

1131 1343 1143 1372 ι
1159 1327 1248 1376 torum
1260 1327 1365 1378 ordinis
1374 1340 1389 1376 ι
1399 1327 1425 1378 S.
1437 1325 1504 1377 Sede
1518 1323 1741 1390 approbatorum,
1751 1324 1851 1374 novitii
1862 1327 1926 1374 ιιι

1130 1415 1142 1444 ιι
1162 1397 1293 1462 simplicia
1317 1397 1443 1447 emittant
1463 1397 1606 1460 postquem
1628 1393 1798 1457 expleverint
1814 1395 1924 1444 cuum

1129 1484 1142 1515 ι
1158 1479 1291 1518 annorum
1306 1467 1441 1518 sexdecim
1459 1466 1604 1517 abeodem
1627 1464 1785 1515 'tridentino
1800 1463 1925 1516 conchis

1129 1542 1299 1601 aetatulam,
1314 1538 1357 1590 vel
1370 1538 1452 1590 uliam
1473 1537 1604 1600 malorem
1627 1548 1689 1598 quse
1713 1533 1804 1586 forsan
1826 1550 1842 1588 ι
1867 1538 1925 1586 ata·

1129 1626 1141 1655 ι
1161 1608 1226 1658 ιιιιι
1240 1611 1342 1674 proprii
1366 1607 1470 1658 ordinis
1491 1622 1507 1657 a
1531 1609 1558 1660 S.
1574 1605 1642 1658 Sede
1654 1605 1812 1670 approbatis
1834 1605 1926 1670 requi·

1128 1697 1141 1726 ι
1160 1682 1244 1742 ιιιιι,
1260 1684 1287 1731 ιι
1305 1679 1394 1743 quoad
1416 1679 1498 1728 laicos
1519 1680 1547 1727 et
1568 1688 1713 1726 conversos
1728 1675 1873 1742 postquam
1888 1675 1924 1726 ad

1129 1761 1219 1800 seem
1244 1750 1416 1814 pervenerint
1439 1751 1559 1809 aetatem,
1583 1759 1643 1811 quae
1672 1745 1701 1796 ιι
1728 1748 1924 1799 constitutione

1128 1836 1140 1866 ι
1160 1819 1305 1870 Clementis
1319 1821 1376 1872 vltt
1391 1820 1539 1884 incipiente
1549 1819 1578 1869 fn
1591 1829 1710 1883 supremo
1723 1818 1857 1882 prefinito
1872 1821 1922 1870 est.

1128 1906 1140 1936 ι
1160 1889 1272 1940 Professi
1289 1892 1349 1953 post
1362 1889 1501 1942 triennum
1520 1901 1537 1938 a
1557 1887 1602 1938 die
1622 1899 1676 1951 quo
1702 1892 1763 1938 vota
1786 1888 1923 1953 simplicia

1128 1976 1140 2006 ι
1159 1959 1300 2011 emiserint
1315 1959 1539 2024 computandum,
1553 1959 1576 2007 si
1591 1959 1667 2020 digni
1686 1959 1867 2023 reperiantur,
1887 1959 1922 2010 ad

1128 2033 1353 2099 »professionem
1381 2036 1508 2082 votorum
1535 2029 1700 2080 solemnium
1728 2029 1921 2093 admittentur,

1129 2123 1141 2152 ι
1161 2105 1213 2155 ιιιι
1230 2104 1342 2156 fortasse
1358 2116 1406 2168 pro
1419 2100 1557 2165 aliquibus
1571 2099 1647 2161 locis,
1658 2099 1697 2150 uti
1710 2101 1850 2151 nonnullis
1865 2101 1924 2150 ins·

1128 2194 1140 2222 ι
1159 2175 1250 2227 ιιιιιιι
1264 2175 1402 2226 indultum
1418 2179 1467 2234 est,
1478 2171 1608 2235 professio
1618 2175 1744 2222 votorum
1754 2171 1922 2236 simplicium

1128 2246 1194 2296 aad
1217 2245 1326 2308 lougius
1352 2247 1459 2307 tempus
1479 2243 1535 2306 jam
1556 2253 1685 2292 concessa
1707 2241 1796 2292 fuerit.
1820 2243 1923 2294 Poterit

1129 2308 1222 2367 s'vero
1237 2316 1360 2380 superior
1372 2313 1559 2378 generatimst
1573 2313 1657 2362 etiem
1671 2315 1795 2378 superior
1807 2315 1921 2378 proriu-

1128 2405 1141 2435 s
1157 2387 1236 2437 cialis
1250 2400 1283 2436 ex
1295 2385 1375 2450 justis
1390 2389 1418 2434 et
1432 2383 1611 2434 rationalibus
1626 2383 1713 2434 causis
1726 2384 1922 2448 professionem

1128 2475 1141 2504 s
1161 2461 1287 2508 votorum
1301 2455 1463 2506 solemnium
1478 2453 1596 2515 differre,
1607 2465 1662 2505 uon
1677 2459 1767 2504 ιιιιιιι
1776 2455 1849 2504 ιιιιι
1858 2459 1922 2505 seta-

1129 2547 1142 2576 s
1159 2531 1213 2580 tem
1227 2541 1362 2579 annornm
1378 2527 1473 2590 viginti
1489 2525 1610 2590 quinque
1624 2525 1802 2589 expletorem.
1814 2525 1841 2578 Si
1856 2539 1920 2578 cero

1129 2618 1141 2646 ι
1162 2600 1190 2663 iu
1205 2601 1298 2650 ordine
1313 2612 1360 2650 seu
1376 2597 1501 2649 instituto
1520 2595 1701 2660 provinciales
1722 2609 1777 2647 nou
1799 2596 1920 2650 habean-

1129 2686 1141 2715 ι
1160 2675 1212 2734 ιιι,
1233 2670 1328 2721 cadem
1351 2667 1497 2720 differendi
1519 2667 1715 2731 professionem
1733 2672 1857 2719 votorum
1878 2683 1922 2719 so·

1129 2758 1141 2785 ι
1158 2741 1257 2791 lemnia
1273 2739 1385 2789 facultas
1399 2737 1559 2788 attribuitur
1572 2737 1653 2787 eliam
1676 2737 1809 2802 superiori
1823 2736 1919 2789 domus

1128 2827 1141 2856 ι
1157 2810 1315 2870 novitiatus,
1325 2809 1359 2860 de
1373 2819 1506 2858 consensu
1517 2810 1607 2856 temen
1618 2807 1740 2871 magistri
1751 2809 1919 2860 novitiorum

1128 2897 1141 2927 s
1159 2884 1187 2931 et
1208 2881 1326 2930 duorum
1346 2877 1537 2942 religiosorum
1560 2877 1655 2940 quiin
1679 2877 1805 2928 instituto
1826 2879 1919 2942 aliquo

1129 2967 1141 2997 ι
1159 2950 1244 3014 gradu
1258 2949 1315 3000 sint
1331 2948 1463 3011 insigniti.
1479 2948 1589 2998 Decreta
1604 2947 1826 3010 congregationis
1839 2962 1920 3012 super

1128 3024 1228 3072 aslatu
1251 3020 1415 3084 regularium
1440 3017 1599 3082 incipientia
1619 3019 1726 3068 Romani
1737 3019 1868 3084 Pontifices
1892 3021 1920 3070 et

1128 3110 1140 3139 ι
1157 3091 1278 3157 ιιιιιιιιι
1289 3089 1428 3156 disciplinae
1440 3103 1512 3139 anno
1522 3087 1737 3140 mccccxlvrrr
1752 3090 1919 3153 promulgata

1128 3163 1269 3212 somnino
1289 3163 1430 3211 serventur
1451 3159 1479 3210 in
1498 3158 1652 3222 receptione
1666 3157 1701 3208 ad
1714 3158 1849 3220 habitum,
1868 3174 1918 3211 no·

1129 3233 1285 3284 »vitiatum
1301 3234 1328 3282 et
1344 3231 1537 3296 professionem
1561 3233 1687 3280 votorum
1710 3229 1883 3294 simplicium.
1903 3249 1916 3277 ι

1128 3306 1273 3368 Postquam
1291 3303 1343 3353 boc
1367 3303 1505 3352 decretum
1529 3301 1698 3352 executionis
1725 3300 1918 3352 demandatam

1129 3374 1189 3435 fuit,
1204 3387 1238 3423 ex
1257 3372 1424 3437 experientia
1442 3371 1622 3436 comperimus
1640 3375 1774 3434 quantum
1793 3371 1918 3422 utilitatis

1128 3459 1162 3494 ex
1176 3458 1209 3495 eo
1223 3443 1355 3508 religiose
1370 3441 1480 3492 familiae
1495 3441 1638 3491 retulerint
1652 3445 1679 3490 et
1694 3440 1791 3492 referre
1805 3443 1917 3506 possint.

1128 3515 1229 3568 Verum
1245 3527 1331 3576 nuper
1351 3513 1512 3577 agnovimus
1527 3511 1633 3575 aliquos
1656 3511 1784 3574 novitios,
1809 3515 1918 3575 prater·

1128 3587 1209 3638 ιιιιιι
1224 3585 1390 3650 professione
1407 3585 1532 3633 votorum
1554 3579 1729 3646 simpliciam,
1743 3582 1779 3631 ad
1799 3584 1861 3632 vote
1875 3595 1918 3633 so·

1128 3657 1227 3708 lemnia
1257 3653 1440 3719 nuncupanda
1465 3653 1599 3703 admissos
1627 3651 1722 3712 fuisse,
1751 3653 1778 3702 et
1802 3651 1918 3704 exhiude

1127 3730 1198 3780 circa
1212 3729 1348 3779 dictorum
1362 3729 1487 3776 votorum
1501 3723 1665 3774 solemnium
1679 3721 1848 3773 validitatem
1861 3737 1919 3788 gra·

1127 3801 1170 3850 vie
1186 3798 1270 3850 dubia
1291 3797 1403 3848 suborta
1423 3808 1488 3845 esse.
1513 3796 1567 3845 Nos
1590 3793 1673 3858 igitur
1691 3792 1833 3856 cupientes
1848 3793 1876 3843 in
1890 3806 1918 3843 ra

1127 3871 1196 3921 tanti
1212 3867 1341 3920 momenti
1362 3878 1470 3917 omnem
1484 3864 1640 3928 ambigendi
1661 3873 1769 3914 causam
1784 3863 1813 3912 in
1828 3867 1920 3926 poste·

1126 3952 1187 3992 rum
1201 3941 1430 3999 removere,nrotu
1445 3937 1563 4000 proprio,
1574 3938 1682 3985 atcerte
1697 3933 1918 3996 scientiamque

1126 4011 1287 4074 apostolica
1302 4012 1402 4058 nostres
1417 4007 1558 4071 potestatis
1577 4003 1758 4068 plenitudiue,
1773 4003 1862 4066 quoad
1880 4017 1920 4054 rs·

1127 4081 1236 4146 ligiosas
1250 4081 1370 4130 virorum
1386 4077 1502 4127 familiae
1515 4077 1698 4140 cujuscunque
1722 4073 1838 4137 ordinis,
1853 4087 1919 4125 con·

1125 4149 1290 4216 gregationis
1318 4151 1345 4198 et
1375 4145 1493 4197 instituti
1523 4145 1550 4200 in
1579 4143 1678 4208 quibus
1701 4142 1833 4194 solemnia
1856 4148 1918 4194 vota

1127 4220 1297 4280 amittuntur,
1319 4217 1463 4269 statuimus
1485 4229 1517 4266 ac
1532 4215 1703 4266 decernimus
1726 4213 1831 4264 nullsm
1858 4227 1917 4265 om·

1126 4292 1207 4352 ulno,
1228 4289 1331 4339 ιιιιιιιι
1348 4290 1375 4336 ιι
1393 4284 1496 4336 nullius
1518 4285 1625 4336 roboris
1644 4284 1701 4334 fore
1723 4283 1917 4348 professionem

1126 4365 1254 4411 votorum
1267 4357 1430 4408 solemnium
1444 4359 1498 4406 tam
1514 4355 1640 4416 scienter,
1655 4365 1737 4418 quam
1752 4354 1915 4418 ignoranter,

1127 4429 1329 4495 quovismodo,
1344 4429 1476 4492 praetextu
1491 4429 1518 4476 et
1541 4425 1631 4476 colore
1654 4424 1751 4475 ιιιιιιι
1773 4439 1789 4476 a
1806 4425 1916 4476 novitiis

1127 4499 1347 4564 quibuscunque,
1372 4496 1453 4548 etiam
1472 4495 1549 4546 leicis
1569 4499 1596 4546 ιι
1615 4495 1760 4558 conversis,
1775 4493 1834 4559 qui,
1854 4496 1915 4546 licet

1126 4571 1314 4636 probationem
1335 4572 1362 4618 et
1382 4567 1544 4618 novitiatam
1564 4568 1644 4632 prout
1661 4565 1695 4616 de
1714 4565 1775 4630 lure
1790 4565 1914 4631 explere·

1126 4641 1192 4702 rint,
1206 4651 1262 4691 nou
1276 4639 1402 4691 emittant
1416 4637 1491 4703 prius
1504 4635 1697 4701 prolocutorem
1712 4640 1840 4688 votorum
1853 4638 1915 4687 sim·

1126 4712 1248 4775 plicium,
1264 4714 1291 4760 ιι
1305 4709 1335 4760 ιι
1349 4723 1379 4760 ee
1394 4721 1442 4773 per
1454 4708 1605 4758 triennium
1628 4706 1765 4770 integrum
1786 4721 1841 4758 nou
1855 4722 1914 4773 per·

1126 4782 1286 4843 manserint,
1301 4781 1425 4845 quemvis
1444 4793 1461 4829 a
1485 4778 1683 4843 superioribus,
1698 4778 1771 4829 vela
1794 4779 1912 4840 novitiis,

1126 4854 1168 4904 vel
1187 4853 1221 4905 ab
1239 4854 1361 4916 utrisque
1383 4851 1498 4902 intentio
1518 4849 1651 4901 habeatur
1672 4849 1822 4914 respective
1845 4850 1912 4900 reci-

1126 4923 1219 4988 piendi
1236 4923 1271 4975 ad
1285 4927 1348 4976 vote
1362 4922 1504 4984 solemnis,
1519 4924 1548 4972 et
1561 4935 1592 4972 ιι
1607 4920 1761 4982 emittendi,
1776 4934 1810 4972 ao
1823 4933 1914 4972 omues

1126 4996 1195 5046 ritus
1209 4993 1392 5046 adhibeantur
1410 4991 1445 5042 ad
1469 4990 1663 5055 professionem
1677 4993 1805 5041 votorum
1821 4991 1915 5042 solem·

1126 5065 1207 5116 nium
1221 5062 1379 5128 prescripti.
1394 5063 1456 5113 flac
1472 5061 1608 5122 volumus,
1620 5059 1778 5124 statuimus,
1796 5061 1914 5127 precipi-

1126 5149 1197 5197 mus,
1213 5135 1382 5196 maudamus,
1398 5137 1448 5186 ιιι.

1156 5224 1168 5253 ι
1185 5207 1283 5256 Datum
1298 5204 1398 5264 Rome,
1411 5203 1483 5268 apud
1499 5204 1526 5255 S·
1541 5202 1659 5262 Petrum,
1674 5201 1725 5252 sub
1738 5201 1843 5252 annulo
1857 5203 1913 5254 Pis·

1125 5277 1233 5338 catoris,
1251 5276 1296 5327 die
1317 5275 1363 5328 vlf
1387 5274 1515 5327 fabruarii
1533 5273 1721 5335 ltnccchxll,
1741 5273 1915 5326 Ριιιιιιιιιιι

1124 5347 1210 5400 nostri
1225 5360 1298 5400 anuo
1312 5346 1417 5398 decimo
1430 5350 1515 5398 ιιιιο.

1488 5463 1501 5494 ι
1518 5447 1546 5499 e.
1565 5445 1648 5498 Cato.
1664 5446 1838 5502 ιιιιιιιιιιι.
1855 5465 1867 5492 ι

1984 849 1988 855 ·
