4032 6340
311 535 351 600 ,5
835 527 887 590 nu
914 509 1177 589 oaarcxrroru
1205 521 1486 593 rraocnoaulr.

312 739 390 802 quos
411 718 576 782 admittere
604 715 703 797 possit
726 715 767 777 ad
794 713 1044 776 concionandum
1071 710 1103 770 in
1159 709 1268 773 tliceec
1273 711 1480 794 perdomml.
1490 715 1522 778 Si
1533 715 1663 778 sitmaln
1675 716 1941 797 exemplo,partim

310 826 368 870 sua
383 806 546 870 Perochia.
563 807 641 866 ltem
663 824 694 885 q.
719 805 789 878 439,
814 800 867 861 ubi
891 799 1104 861 examinatae
1158 800 1233 878 quia
1246 803 1311 864 rita
1324 803 1392 882 ejus
1406 805 1499 883 longe
1509 805 1612 885 majus
1623 807 1744 884 praehet
1753 806 1940 883 scandalum,

311 915 385 958 suos
399 913 512 976 cogere
527 893 626 973 possit
639 893 680 953 ad
693 885 1101 952 concionesinParnchia¹.
1158 906 1195 949 ec
1210 890 1294 968 quod
1316 891 1520 970 simpliciores
1543 897 1656 970 putant
1677 912 1711 955 se
1736 899 1821 956 recte
1845 893 1942 954 omnia

244 1011 284 1058 ror
352 983 460 1057 Qooesr.
487 985 556 1043 ¹75·
571 1015 611 1025 -
626 977 818 1052 Ouandenam
841 975 1028 1056 potissimum
1055 992 1106 1032 ra·
1158 995 1263 1056 agere,
1280 979 1304 1038 si
1321 997 1383 1039 non
1398 984 1494 1057 agant
1508 980 1598 1061 pejus
1613 999 1709 1061 quam
1727 984 1842 1044 emtor
1854 999 1941 1053 suus;

311 1071 387 1132 tinec
410 1069 511 1152 officii
526 1069 575 1130 soi
594 1067 728 1150 praviter
745 1073 843 1146 peccet
866 1061 1042 1124 Paroclusr
1065 1063 1101 1121 R.
1159 1066 1272 1144 partim
1287 1067 1381 1127 etiam
1396 1068 1470 1146 quia
1484 1068 1715 1146 auctoritatem,
1732 1087 1828 1149 quam
1842 1073 1944 1130 tenen·

311 1163 356 1221 Ex
371 1158 530 1221 communi
553 1155 708 1219 sententia
722 1158 832 1232 peccat
846 1151 983 1231 graviter
1000 1171 1006 1210 :
1024 1150 1053 1210 l.
1071 1147 1104 1210 Si
1158 1156 1211 1211 tur
1225 1152 1283 1213 sibi
1299 1154 1402 1214 iacere
1417 1159 1448 1216 et
1461 1173 1661 1232 conservare,
1686 1161 1720 1219 ut
1741 1157 1775 1217 in
1794 1156 1946 1218 concioni·

312 1248 437 1309 deserat
450 1263 590 1326 gregem,
607 1249 642 1306 ut
655 1263 674 1302 a
687 1263 717 1303 a.
733 1245 803 1318 754,
821 1241 1011 1302 dictumest.
1028 1241 1057 1297 2.
1071 1235 1103 1298 Si
1158 1237 1217 1298 bus
1245 1244 1277 1301 et
1303 1241 1573 1303 admonitionibus
1601 1243 1775 1305 efficaciam
1802 1244 1943 1320 habeant,

311 1335 435 1415 ignoret
449 1353 497 1410 ea,
514 1350 584 1412 quae
599 1331 859 1393 necessariasunt
870 1329 911 1388 ad
927 1327 1063 1388 officinm
1074 1330 1105 1386 et
1158 1345 1286 1406 prorsus
1307 1330 1470 1406 amittunt,
1501 1331 1586 1409 quod
1614 1333 1812 1410 potissimum
1834 1333 1870 1395 tit
1894 1350 1946 1410 per

312 1423 516 1485 directionem
530 1420 724 1500 spiritualem
738 1418 863 1489 orium;
880 1433 952 1476 cum
967 1413 1105 1474 enimait
1157 1415 1381 1478 immoderatas
1397 1418 1644 1496 compotationes
1654 1437 1726 1480 cum
1737 1421 1943 1482 Perochianis.

312 1529 350 1571 ex
364 1509 477 1586 officio,
495 1511 615 1583 Pastor,
633 1510 758 1582 hoctor,
782 1507 798 1567 J
803 1505 895 1581 udex,
919 1502 1059 1563 Medicus
1074 1504 1105 1563 et
1199 1504 1309 1565 Merito
1324 1504 1476 1583 legendus
1491 1506 1627 1568 essetab
1642 1508 1789 1569 omnibns
1804 1506 1946 1570 Parcehis

312 1597 514 1661 Consiliarius
535 1597 566 1656 in
588 1596 636 1669 iis,
658 1612 728 1672 quae
752 1593 890 1654 animam
917 1609 953 1652 ec
972 1590 1105 1651 salntem
1158 1591 1299 1652 Barbosa
1313 1592 1356 1653 Dc
1371 1592 1461 1674 Osfic.
1478 1591 1604 1656 Parocd.
1618 1613 1682 1676 cop.
1694 1597 1724 1671 3,
1741 1594 1832 1676 cnjus
1845 1596 1946 1657 titulus

312 1690 515 1761 concernunt,
532 1683 671 1763 graviter
685 1686 796 1760 peccat
817 1677 1010 1740 admittendo
1032 1678 1105 1736 Pas·
1159 1684 1206 1742 eat
1224 1701 1230 1742 :
1246 1679 1291 1742 Dr
1303 1683 1449 1762 pronitate
1462 1683 1649 1762 [occidendi
1666 1685 1782 1753 oneris,
1804 1684 1884 1766 qaod
1893 1683 1947 1745 Po·

312 1778 461 1849 toratum,
478 1772 504 1833 si
519 1773 559 1833 ad
570 1771 629 1831 ista
640 1768 721 1830 desit
730 1767 787 1847 ipsi
796 1764 1104 1844 scientiaetquendo
1159 1769 1313 1831 rectorum
1333 1770 1462 1832 leomeris
1482 1773 1653 1852 imponitur,
1669 1772 1739 1834 dum
1761 1773 1828 1834 illic
1840 1775 1947 1835 ocimo·
2005 1797 2006 1842 3

312 1861 563 1922 insufficientiam
579 1858 725 1934 advertit,
748 1875 806 1916 neo
831 1859 935 1933 potest
949 1853 1106 1914 sufficien—
1159 1879 1224 1918 rom
1245 1877 1317 1919 curo
1330 1861 1546 1920 committitur:
1565 1863 1644 1923 llam
1658 1879 1729 1941 cap.
1745 1865 1776 1923 6.
1792 1860 1839 1924 De
1852 1863 1912 1924 cito
1923 1869 1948 1923 et
2005 1889 2006 1892 ¹

312 1949 388 2011 iiam
403 1947 577 2028 acquirere,
603 1950 728 2007 tenetur
751 1942 919 2018 dimittere,
940 1941 998 2001 nisi
1022 1939 1106 2000 bolla
1159 1945 1306 2008 honestate
1314 1947 1526 2016 Parockorum,
1539 1948 1592 2010 ubi
1608 1949 1754 2027 explieat,
1767 1967 1831 2029 quo
1846 1948 1947 2008 habitu

312 2035 374 2096 lide
389 2033 585 2113 processerit,
603 2033 647 2093 uti
661 2050 692 2093 c.
708 2033 767 2092 753
788 2031 908 2092 dictum
922 2033 970 2090 est
981 2029 1005 2090 ¹.
1025 2030 1055 2088 3.
1073 2025 1104 2089 Si
1159 2036 1215 2112 uti,
1229 2037 1342 2115 quibus
1356 2037 1508 2098 conviviis
1521 2044 1553 2099 et
1566 2037 1649 2099 ludis
1664 2037 1829 2111 interesse,
1842 2036 1948 2116 quibus

312 2125 353 2184 sit
376 2123 549 2202 negligere,
577 2126 611 2181 ui
629 2120 655 2179 si
678 2137 735 2197 per
762 2119 987 2197 negligentiam
1009 2114 1106 2194 ipsius
1160 2123 1423 2202 negotiationibus
1441 2125 1524 2185 licite
1539 2143 1653 2186 vacare
1667 2125 1766 2204 possit
1780 2123 1945 2186 Parochus.

313 2212 426 2292 aliquis
444 2210 597 2272 moriatur
620 2209 687 2269 sine
709 2205 938 2277 Sacrarnentis;
963 2204 989 2266 si
1011 2203 1106 2264 rudes
1160 2210 1235 2280 011ae
1259 2214 1365 2271 aulem
1388 2212 1428 2273 sit
1451 2211 1599 2290 obligatio
1623 2211 1771 2289 parochi,
1795 2215 1831 2273 ut
1854 2215 1948 2272 certos

313 2319 376 2361 non
391 2301 599 2375 instruantur,
614 2295 749 2358 maxime
763 2297 796 2356 in
814 2293 998 2356 necessariis
1015 2309 1105 2352 oeces-
1159 2297 1256 2359 libros
1276 2298 1392 2360 haheat
1412 2302 1443 2360 et
1458 2299 1603 2378 quaedam
1617 2305 1762 2378 annotet,
1779 2299 1879 2362 videri
1899 2315 1948 2378 po-

307 2390 400 2451 ·sitote
412 2385 514 2449 medii.
533 2386 567 2449 Si
581 2389 711 2464 peecata
726 2402 788 2445 non
802 2384 963 2463 impediat,
980 2381 1034 2443 ubi
1048 2397 1107 2458 po·
1160 2389 1221 2449 test
1233 2389 1405 2450 Leurenius
1418 2407 1450 2469 p.
1468 2390 1497 2466 l,
1512 2407 1542 2469 q.
1558 2391 1617 2450 432
1628 2388 1652 2450 ³.

313 2480 384 2553 teat,
408 2475 553 2556 Syncdus
573 2472 854 2552 Aquisgranensis,
878 2490 944 2552 cop.
961 2473 1019 2546 36,
1035 2467 1103 2530 ait:

312 2563 481 2626 Sacerdotes
488 2583 546 2645 pro
555 2562 734 2644 populorum
747 2561 907 2642 iniquitate
915 2559 1104 2634 damnentur,

215 2659 218 2664 '
312 2649 1107 2732 crescatipnmonternocemdioat,cotpecccntcs
1393 2677 1592 2743 DUBIUM
1634 2681 1707 2746 vl,

312 2758 372 2800 coc
394 2747 534 2820 arguant,
559 2743 678 2798 testante
700 2736 827 2797 Domino
850 2734 891 2796 od
912 2735 1104 2816 Propbctcm,
1711 2727 1719 2744 '

314 2826 536 2910 Speculatorem
551 2823 891 2900 domuilsrocldeditc,
906 2822 1108 2902 siccescens
1323 2883 1329 2896 ,
1389 2883 1395 2895 ,
1727 2883 1734 2898 ‚
1770 2883 1775 2898 ¹

315 2916 438 2994 locutas,
454 2913 980 2995 mmcestediotimpiusociomo,
1002 2911 1107 2972 moric-
1183 2882 1678 2967 Quoe⁰bl²9⁰¹²⁰proeoellimm⁶i
1691 2882 1934 2966 Dssmlmlmm?
1979 2895 2006 2944 Ἢ

314 3015 374 3073 tur,
388 3005 558 3086 sanquinem
571 3023 640 3065 cero
653 3003 715 3085 cjos
728 3003 763 3064 de
776 3022 865 3078 mone
879 3012 931 3064 toa
944 3002 1104 3084 requiram.

315 3093 396 3155 ilinc
409 3093 560 3154 falluntur
573 3109 776 3172 magnopere,
793 3092 818 3153 si
833 3094 944 3171 putent
955 3090 1029 3152 setis
1039 3107 1106 3151 esse
1208 3109 1222 3146 o
1243 3091 1336 3169 Resp.
1349 3090 1655 3169 lnterPreeceptores
1671 3087 1768 3170 (idem
1782 3095 1832 3152 est
1841 3091 1881 3152 de
1890 3089 1950 3152 rc-

314 3181 443 3245 Missam
469 3182 586 3260 populo
609 3182 727 3260 legere,
752 3180 942 3257 concionari,
974 3178 1107 3240 catochi-
1162 3176 1306 3256 dagogis)
1328 3181 1360 3239 et
1381 3178 1556 3257 Discipulos
1579 3182 1627 3240 cst
1650 3178 1887 3258 quodammodo
1905 3194 1951 3238 ea·

315 3288 399 3346 zare,
423 3267 602 3330 ministrare
622 3270 837 3345 Sacramenta,
867 3269 940 3328 nam
962 3270 1109 3329 tenentur
1161 3265 1235 3326 dem
1256 3265 1416 3345 obligatio,
1437 3285 1507 3347 quac
1522 3268 1604 3330 inter
1618 3269 1770 3330 Parentes
1784 3267 1949 3332 etliberos.

315 3359 411 3419 etiam
425 3357 487 3419 alia
501 3356 652 3419 adbibere
669 3356 785 3434 media,
806 3357 920 3436 quibus
941 3355 1110 3418 Perochia-
1166 3351 1250 3415 Unde
1263 3352 1411 3414 resolves:

316 3465 429 3509 norum
452 3445 544 3508 saluti
568 3444 779 3526 prospiciatur
795 3465 802 3507 :
819 3446 961 3508 Parcobo
982 3444 1107 3522 dicitnr,
1203 3465 1217 3502 o
1242 3445 1266 3504 l.
1283 3443 1431 3522 Discipuli
1446 3447 1597 3523 peccant:
1614 3447 1644 3507 l.
1657 3445 1691 3508 Si
1705 3444 1951 3526 Praeceptorihns

316 3536 400 3614 qnod
421 3537 539 3598 terem.
556 3538 585 3612 l,
601 3555 633 3596 v.
658 3537 697 3596 lc
715 3551 723 3594 τ
739 3535 816 3595 Ecce
836 3534 977 3595 constitui
993 3542 1057 3595 tc...
1076 3540 1111 3593 et
1164 3536 1196 3594 et
1208 3531 1392 3611 Paedagogis
1412 3551 1475 3594 non
1497 3533 1667 3595 exhibeant
1685 3533 1840 3594 honorem
1860 3537 1892 3596 et
1907 3551 1951 3593 re·

314 3623 421 3686 evellas
440 3632 467 3684 et
484 3622 626 3699 matrum,
650 3631 677 3682 et
699 3621 859 3702 disperdas,
882 3632 910 3682 et
930 3621 1060 3703 dissipes,
1082 3627 1110 3681 ct
1163 3620 1347 3681 recentiam.
1368 3624 1398 3681 2.
1420 3621 1453 3683 Si
1473 3639 1535 3681 non
1554 3621 1703 3684 obediant
1721 3622 1754 3681 in
1773 3622 1870 3683 rebus
1887 3639 1952 3698 par·

315 3712 451 3795 edifices,
467 3719 494 3773 ct
504 3711 620 3793 plantes
631 3731 640 3771 :
651 3712 768 3772 servire
786 3711 902 3773 debent
917 3728 953 3772 ao
963 3710 1110 3789 privatim
1163 3709 1334 3770 liuentibus
1349 3709 1390 3770 ad
1404 3709 1507 3771 studia
1521 3715 1552 3771 et
1566 3710 1666 3771 bonos
1679 3726 1795 3770 mores.
1813 3715 1844 3773 3.
1857 3708 1889 3772 Si
1903 3727 1951 3769 eos

316 3801 483 3863 convenire
500 3800 596 3861 etiam
610 3799 690 3876 illos,
718 3798 770 3878 qui
790 3799 830 3861 ad
850 3799 1002 3877 templum
1023 3815 1110 3859 acce·
1165 3797 1325 3874 convitiis,
1342 3798 1391 3857 vel
1406 3798 1638 3859 contumeliosis
1652 3797 1757 3859 verbis
1776 3799 1948 3860 traducant.

316 3889 391 3950 dere
406 3907 468 3950 non
483 3892 626 3967 possunt,
644 3905 680 3948 en
697 3887 781 3966 qnod
793 3887 922 3948 domum
932 3887 981 3947 vel
995 3904 1111 3965 pecore
1164 3891 1194 3948 ll.
1207 3887 1238 3948 Si
1254 3886 1449 3966 negligenter
1462 3886 1619 3963 studeant,
1632 3886 1812 3948 scholarum
1828 3891 1884 3948 ant
1895 3889 1952 3946 stu·

316 3976 473 4039 custodire
498 3975 652 4037 debeant:
672 3973 704 4034 hi
719 3972 814 4053 enim,
836 3994 909 4037 cnm
924 3977 1109 4055 plerumque
1164 3975 1288 4036 diorum
1309 3981 1450 4052 tempore
1470 3974 1554 4035 lusui
1571 3981 1702 4051 vacent,
1719 3975 1769 4036 vel
1784 3975 1861 4037 utin.
1877 3977 1907 4036 5.
1922 3971 1950 4034 Si

316 4064 457 4126 instructi
473 4081 535 4126 non
550 4063 613 4124 sint
626 4062 710 4124 circa
732 4063 839 4125 media
856 4063 975 4139 salutis,
992 4069 1065 4124 sunt
1078 4063 1110 4122 in
1164 4063 1313 4143 pecunias
1337 4062 1504 4122 Parentum
1532 4061 1706 4141 dilapident
1729 4063 1780 4123 vel
1809 4060 1952 4124 inutiliter

316 4151 405 4234 gravi
420 4151 604 4213 necessitate
614 4152 779 4231 spirituali,
797 4171 891 4233 quam
905 4153 1010 4213 levare
1025 4157 1110 4213 tene·
1164 4152 1353 4230 expendant.
1378 4154 1408 4212 6.
1435 4148 1573 4211 Simalo
1597 4150 1659 4210 line
1683 4150 1845 4212 studeant.
1870 4154 1899 4210 'l.
1923 4143 1952 4207 Si

316 4247 368 4304 tur
382 4241 541 4303 Parochus
560 4242 733 4302 secundum
758 4240 841 4301 diota
863 4238 917 4301 lib.
942 4243 972 4316 2,
990 4259 1020 4320 q.
1038 4242 1108 4302 l'lt.
1165 4239 1324 4318 Gymnasii
1349 4237 1396 4300 sui
1418 4239 1533 4315 Leges,
1558 4237 1608 4298 vel
1631 4237 1812 4299 Academias
1838 4237 1953 4300 Statuta

317 4330 467 4408 Exemplo
481 4329 604 4408 praeivit
617 4329 785 4408 Apostolus
802 4347 809 4388 :
833 4327 887 4388 Vos
902 4328 990 4404 scitr's,
1008 4327 1111 4406 inquit
1165 4328 1202 4408 (si
1217 4326 1345 4406 quidem
1358 4343 1397 4387 ea
1410 4325 1450 4386 ad
1465 4331 1630 4404 peceatum
1642 4325 1806 4405 obligent),
1820 4344 1883 4387 non
1893 4341 1952 4384 ser-

317 4422 387 4481 Act.
416 4422 472 4496 ⁶20,
497 4417 639 4499 quomodo
657 4416 736 4478 nibil
758 4415 876 4478 otiliam
898 4415 1107 4493 cobtrcaerim,
1164 4420 1249 4477 vent.
1265 4418 1295 4477 8.
1308 4415 1340 4477 Si
1355 4414 1500 4475 scientias
1515 4413 1747 4492 superstitiosas
1768 4418 1825 4476 aut
1846 4411 1952 4475 vetites

317 4507 473 4592 qemcr'am
493 4506 698 4568 annuntiarem
711 4505 791 4567 cobis
810 4513 837 4566 ct
849 4503 981 4566 docerem
995 4523 1044 4565 voa
1053 4523 1110 4586 pu·
1165 4504 1343 4581 addiscant,
1360 4503 1408 4563 vel
1429 4502 1526 4564 libros
1546 4501 1721 4581 prohibitos
1741 4502 1862 4582 legant.
1877 4505 1906 4564 9.
1923 4496 1952 4559 Si

348 4871 360 4919 l
375 4861 455 4923 Nulla
469 4859 613 4919 methodus
627 4858 660 4916 ad
675 4855 828 4918 docendum
846 4859 936 4933 aptior
950 4861 1005 4932 etl,
1020 4861 1069 4921 eoi.
1087 4863 1111 4932 l,
1167 4863 1185 4935 (l
1202 4865 1268 4922 iim.
1285 4861 1328 4923 Ν.
1342 4865 1366 4926 6,
1382 4865 1425 4924 {33
1436 4860 1479 4915 tit.
1492 4865 1514 4926 l,
1524 4863 1558 4926 9).
1574 4857 1652 4912 Latia
1666 4856 1733 4910 enim
1747 4855 1950 4912 merbecca

318 4938 954 5004 qnampraedicandopercurrereGatechismum
970 4942 1111 4992 arriden·
1165 4943 1259 4995 redient
1274 4937 1484 4996 scimtinmllllal.
1497 4933 1719 4998 ll,'l).Sludium
1737 4936 1810 4983 recte
1834 4933 1951 4982 roratum

318 5011 370 5061 lini
384 5011 418 5061 ad
433 5011 593 5069 Parocbum,
610 5007 689 5058 modo
701 5009 846 5077 ,continua
862 5014 892 5060 ut
907 5011 935 5060 in
954 5025 985 5060 eo
1001 5011 1110 5060 dicitur.
1165 5012 1216 5061 luit
1229 5025 1244 5060 a
1259 5011 1284 5062 S.
1301 5008 1441 5058 Francisco
1452 5007 1554 5057 salerio
1574 5005 1693 5055 &lovum
1707 4999 1952 5054 Sacrontentmutie·

348 5133 443 5184 avide
460 5144 523 5196 ergo
543 5144 623 5195 quam
638 5132 756 5194 graviter
773 5129 897 5183 teneatur
909 5133 1042 5184 Perochus
1056 5137 1111 5185 stn-
1164 5083 1272 5133 mem
1288 5079 1467 5131 mmmm

318 5203 365 5254 dio
380 5203 548 5264 incumbere,
561 5203 665 5265 aliquot
679 5217 726 5266 per
739 5203 828 5263 horas,
842 5203 940 5253 diebus
953 5217 1008 5254 non
1023 5205 1109 5269 impe·
1196 5206 1209 5249 ³
1223 5205 1250 5256 Sl
1265 5203 1314 5254 hos
1334 5199 1505 5252 doctissimos
1522 5203 1675 5251 auctoresa
1691 5195 1718 5248 P.
1735 5191 1849 5249 Laeroix
1864 5193 1951 5271 citatos

318 5273 393 5336 ditis,
408 5275 492 5325 libros
505 5274 538 5324 dc
553 5275 634 5326 rebus
649 5273 835 5322 ecclesiasticis
849 5275 899 5324 rite
914 5277 1060 5326 tractantes
1074 5275 1111 5324 le·
1164 5273 1300 5326 Perochus
1314 5285 1367 5336 prae
1388 5271 1514 5322 menibus
1532 5270 1630 5320 habere
1649 5269 1813 5333 prohibetur
1827 5267 1890 5331 qnia
1903 5273 1950 5314 rar¹

318 5345 408 5407 gendo
422 5350 496 5396 etex
516 5345 555 5395 eis
573 5343 696 5407 quiedam
720 5344 850 5405 notendo,
873 5348 930 5394 tum
951 5349 981 5396 ut
1003 5359 1111 5408 gregem
1164 5345 1247 5396 nimis
1261 5347 1333 5404 sunt,
1348 5342 1399 5392 sibi
1416 5340 1542 5391 facillime
1552 5339 1708 5392 Tractatum
1718 5337 1753 5389 de
1763 5333 1874 5389 Pmodro
1884 5346 1949 5384 com·

321 5427 401 5464 suum
415 5413 580 5465 salutaribus
596 5412 686 5462 verbis
703 5427 811 5476 pascere
827 5414 925 5476 possit,
939 5418 998 5464 tum
1012 5419 1042 5466 ut
1054 5417 1110 5478 jam
1164 5427 1256 5480 parare
1276 5415 1373 5478 potest,
1389 5425 1405 5461 a
1424 5411 1454 5460 D.
1474 5411 1561 5460 Bonix
1577 5413 1729 5470 exaratum,
1746 5409 1775 5458 in
1795 5417 1848 5472 quo
1862 5405 1950 5456 cunco

319 5482 452 5550 acquisita
471 5497 526 5533 non
545 5483 648 5552 perdet,
670 5487 729 5533 tum
746 5486 777 5532 ut
800 5483 888 5532 luceat
912 5483 939 5533 in
959 5483 1041 5534 domo
1063 5485 1111 5535 liei
1164 5489 1326 5538 acervantur
1335 5497 1367 5535 eo
1377 5484 1410 5534 de
1420 5484 1579 5548 argumento
1589 5481 1657 5532 scitu
1672 5481 1836 5532 necessaria.
1855 5473 1935 5544 (aar.)
