4032 6340
309 496 349 566 et
993 491 1045 561 liu
1067 491 1283 562 Houiaiolo.

312 691 451 750 tratoum
471 686 572 766 rigide
596 691 627 749 et
650 686 752 766 ample
776 684 945 764 examinet,
961 685 994 747 id
1019 685 1103 766 quod
1158 683 1264 766 collipi
1274 704 1311 748 ea
1325 686 1443 751 ratione
1456 690 1600 768 naturali,
1619 687 1659 754 ad
1673 687 1734 755 tale
1747 690 1877 760 duellum
1889 699 1945 781 tuf·

313 778 385 837 ante
410 793 482 835 eum
505 793 609 852 nemo,
628 774 711 856 quod
736 774 844 852 sciam,
868 774 1102 852 Theologorum
1157 770 1245 853 ficere
1267 772 1407 836 damnum
1438 777 1629 857 fortunarum
1658 781 1774 852 minus,
1800 804 1888 866 quani
1910 787 1944 848 ut

313 865 441 925 fecerat.
467 863 608 942 Accedit,
635 862 719 944 quod
741 861 810 942 jam
833 879 915 923 anno
941 861 1102 940 superiore
1160 861 1593 948 duellumserinminuuquam
1609 875 1705 930 tamen
1719 869 1797 950 diri,
1813 874 1944 956 suspirem

313 953 378 1014 Soa
401 952 558 1014 Sanctitas
573 950 692 1013 auctori
712 948 952 1011 clementissime
967 949 1098 1029 rescrip-
1158 967 1287 1012 causam
1302 951 1431 1014 honoris
1454 955 1573 1032 tuendi,
1591 957 1639 1018 vel
1663 957 1800 1021 vilandae
1814 962 1940 1041 vilipen-

311 1037 564 1120 serit,'apnoscere
576 1057 605 1100 se
614 1039 645 1098 in
655 1057 687 1100 eo
695 1037 852 1120 Relipiosae
862 1038 941 1099 illius
950 1036 1103 1099 Societati's
1158 1035 1256 1098 sionis
1280 1038 1437 1117 bumana,
1464 1049 1496 1101 ut
1518 1041 1604 1104 babet
1619 1045 1784 1127 propositio
1806 1067 1844 1110 ec
1866 1067 1941 1132 aqna

311 1126 478 1196 alumnum,
493 1146 561 1210 quie
573 1127 724 1208 precipua
747 1146 819 1208 erpa
833 1125 936 1188 Sedem
959 1127 1103 1209 Apostoli·
1157 1123 1296 1188 damnata
1317 1133 1344 1186 et
1366 1127 1559 1209 conformiter
1576 1133 1730 1216 principius
1753 1136 1836 1214 meis,
1848 1140 1945 1220 positis

311 1234 376 1276 cam
389 1215 487 1277 studio
495 1216 781 1297 gloriaturetcultu.
794 1215 905 1277 Valeat
918 1219 1024 1276 tamen
1034 1233 1101 1293 pree
1159 1211 1220 1296 Cap
1235 1213 1270 1275 ii
1274 1213 1298 1276 1.
1314 1223 1374 1278 art.
1390 1221 1421 1285 i,
1438 1221 1469 1290 5,
1486 1222 1516 1281 b.

311 1302 433 1364 catena
456 1303 613 1381 omnibus,
638 1321 708 1382 quse
728 1302 769 1364 ad
790 1301 942 1364 tuendum
966 1302 1103 1363 amicum
1195 1301 1246 1362 Ad
1256 1303 1391 1364 tertiam:
1406 1307 1474 1366 Non
1489 1307 1620 1372 incurrit
1634 1312 1871 1377 Ecclesiasticus
1884 1335 1944 1396 pie·

311 1393 424 1452 afferre
452 1409 601 1471 possem,
631 1392 848 1455 recentissima
880 1391 1101 1471 sapientissimi
1156 1407 1223 1466 nas,
1248 1391 1288 1451 ob
1307 1391 1448 1454 Ecclesia
1472 1403 1586 1459 contra
1609 1401 1754 1462 Duellom
1776 1402 1942 1481 latas‚dur

315 1480 473 1542 Pontificie
497 1480 628 1561 epistola
642 1483 683 1542 ad
698 1482 844 1544 eumdem
859 1481 944 1558 duta,
963 1499 1026 1562 qua
1040 1481 1102 1541 cle·
1157 1478 1207 1538 rel
1232 1479 1374 1542 officialis
1397 1481 1527 1545 bellicus
1551 1493 1718 1567 acceptans
1741 1492 1887 1554 Duellom
1908 1511 1942 1554 en

310 1569 502 1630 mantissime
527 1570 696 1649 respondet
717 1570 757 1631 ad
773 1573 845 1631 vota
869 1570 1012 1650 querula,
1030 1587 1101 1649 quae
1155 1567 1244 1645 gravi
1260 1573 1345 1628 metu
1359 1570 1535 1634 amissionis
1550 1573 1642 1636 famae
1658 1582 1690 1638 et
1703 1577 1809 1656 officii,
1825 1581 1888 1657 aio,
1902 1601 1943 1642 me

310 1656 609 1737 obsequentissimus
624 1658 675 1719 liic
689 1659 771 1720 filius
786 1657 816 1719 in
836 1663 1003 1736 paternum
1018 1657 1101 1718 illius
1155 1651 1268 1714 nullibi
1287 1653 1325 1715 ab
1338 1661 1631 1722 excommunicatione
1644 1665 1780 1726 exemisse
1799 1685 1877 1745 eum,
1895 1670 1946 1752 qni

308 1745 411 1806 sinum
426 1745 634 1825 deposuerat;
652 1765 725 1807 nam
740 1746 828 1826 prior
841 1745 1013 1824 scripserat
1027 1763 1102 1806 auc·
1155 1741 1190 1802 de
1212 1742 1296 1803 fama
1310 1753 1365 1805 aot
1388 1746 1490 1809 officio
1512 1749 1686 1829 perdendo,
1703 1753 1735 1812 i'n
1758 1757 1849 1835 praui
1860 1763 1943 1820 metu

306 1839 357 1894 tor
370 1852 493 1896 summo
508 1835 650 1897 Pontifici
665 1854 774 1896 mense
787 1835 938 1898 ianuario
954 1835 1028 1895 anni
1043 1835 1101 1896 ha·
1155 1837 1219 1889 est:
1243 1829 1381 1900 sedeam,
1398 1834 1453 1914 qni
1471 1834 1507 1896 de
1520 1839 1748 1901 sustentatione
1769 1847 1944 1906 necessaria

308 1922 410 1984 beatis
446 1922 576 2004 (scilicet
612 1926 710 2005 iiia)
744 1929 927 2005 sequentem
963 1923 994 1984 in
1031 1942 1100 1986 mo·
1149 1916 1303 1996 perdenda
1324 1930 1389 2000 post
1403 1927 1819 2012 apertcncpatamjustitiam
1843 1937 1943 1994 certus

310 2010 396 2073 dum,
1154 2013 1215 2073 est:
1229 2004 1305 2066 bunc
1317 2007 1393 2069 enim
1407 2009 1502 2070 solnm
1516 2031 1582 2073 cnm
1596 2031 1615 2073 a
1629 2013 1717 2094 culpa
1731 2017 1890 2080 immunem
1904 2021 1944 2082 di-

346 2123 362 2160 n
387 2099 466 2162 Dum
479 2120 533 2164 sua
546 2101 692 2164 Sanctitas
716 2101 956 2164 Consti'tuti'anem
970 2111 1100 2163 recenter
1154 2094 1260 2162 uem'm,
1286 2095 1419 2158 etiamn
1447 2118 1533 2180 piena
1567 2100 1689 2163 liberum
1712 2103 1798 2166 uolui
1818 2125 1853 2169 n.
1878 2111 1942 2171 iii.

306 2185 413 2248 editam
420 2207 479 2268 per
492 2185 766 2250 Soci'etatisnostroe
780 2187 989 2270 Presbyterum
1003 2188 1045 2248 ad
1056 2207 1100 2249 me
1154 2178 1303 2242 Damnata
1321 2182 1385 2244 lituu
1395 2187 1556 2267 propomi'o
1570 2196 1610 2249 est
1631 2188 1751 2252 Fratris
1773 2191 1810 2253 de
1823 2193 1946 2256 Milesii

306 2275 423 2338 mittere
440 2273 564 2357 dignata
586 2286 637 2346 est,
652 2296 726 2338 nouo
748 2286 920 2358 argumento
943 2285 1099 2358 paternam
1156 2268 1275 2330 Ordinis
1283 2270 1517 2334 Proedicatorum
1532 2277 1563 2336 io
1579 2277 1713 2340 Exercit.
1726 2279 1871 2360 dogmat.
1885 2285 1944 2346 Mo·

306 2384 387 2426 suam
408 2384 479 2447 erpa
500 2385 546 2427 me
558 2365 741 2428 clementiam
755 2365 977 2426 demonstrauit.
995 2365 1048 2426 Ea
1062 2385 1099 2429 eo
1153 2356 1210 2417 ral·
1227 2357 1258 2417 iu
1273 2359 1400 2437 PPOPOS·
1418 2359 1458 2420 ab
1473 2363 1561 2423 Alex·
1580 2365 1634 2425 Vll
1649 2366 1856 2445 proscriptas.

309 2451 523 2514 Constitutione
535 2473 593 2514 non
614 2453 709 2515 solum
723 2455 856 2534 cognovi,
873 2473 893 2516 a
905 2452 1010 2536 quibus
1026 2474 1100 2534 pro-
1192 2468 1206 2504 u
1234 2445 1333 2526 luitur·
1344 2446 1409 2509 tola
1422 2458 1529 2529 quartu
1543 2459 1571 2512 et
1584 2457 1689 2532 quinta
1702 2453 1743 2515 od
1756 2473 1803 2515 me
1810 2458 1942 2537 pertine-

300 2539 492 2620 posi'ti'anibns
505 2543 627 2622 pastbac
648 2541 849 2604 abstinendum
863 2543 911 2612 si't,
927 2544 978 2604 sed
999 2563 1059 2606 una
1072 2551 1099 2606 et
1154 2531 1235 2609 buti,
1250 2551 1318 2613 qnae
1332 2534 1376 2596 ²3⁰
1392 2533 1519 2596 stabim?
1534 2537 1667 2600 licitum
1683 2544 1730 2602 esi
1745 2541 1777 2601 iu
1792 2549 1878 2605 statu
1894 2564 1943 2606 ua·

305 2634 428 2688 mentem
452 2627 629 2691 Sanctitatis
650 2647 711 2690 suae
731 2649 762 2690 eo
782 2629 863 2707 ferri
886 2628 1042 2698 intellecti,
1063 2651 1099 2692 ne
1152 2620 1246 2682 buruli
1270 2621 1405 2684 huminis
1429 2631 1594 2704 acceptare
1610 2630 1641 2688 et
1663 2630 1776 2690 ollerre
1799 2633 1943 2694 Duellom

306 2716 374 2795 quis
387 2717 533 2776 ecistimct
547 2737 630 2778 usum
644 2716 821 2778 Duellorum
840 2717 906 2778 ulla
927 2720 1042 2780 ratione
1054 2728 1098 2779 to·
1152 2711 1193 2771 ud
1218 2711 1392 2772 servandas
1407 2729 1479 2773 cum
1503 2713 1622 2776 honora
1644 2716 1797 2796 fortunae,
1816 2722 1942 2800 quaudo

307 2803 514 2886 centuripino,
539 2804 693 2886 om'dqm'd
714 2805 807 2886 ipi'tur
831 2804 862 2865 in
885 2814 1098 2868 meoniorum
1152 2797 1213 2858 alio
1237 2798 1378 2860 remedio
1403 2817 1513 2862 earnm
1533 2802 1658 2883 jactura
1687 2806 1868 2886 propulsari
1893 2829 1945 2870 ne-

307 2891 437 2952 autbnic
448 2893 670 2973 sapientissimae
683 2893 775 2954 menti
786 2894 920 2953 nonsatis
929 2912 1094 2964 comanam,
1151 2886 1227 2965 quil·
1246 2885 1319 2947 lit-'m
1335 2893 1455 2951 usserii
1478 2889 1606 2953 liuentia
1620 2908 1676 2970 piu
1692 2899 1776 2955 statu
1790 2898 1941 2973 naturali,

305 2988 360 3040 ant
374 2979 436 3041 illis
449 2979 595 3040 damnatis
603 2981 850 3062 propositionibus
863 2981 958 3062 affine
971 2979 1042 3062 luit,
1059 3003 1096 3045 ea
1151 2974 1300 3053 applicari
1325 2975 1418 3036 eiiam
1442 2981 1546 3055 putesl
1576 2977 1670 3040 statui
1694 2980 1839 3046 Civitatis
1863 2985 1943 3046 mule

304 3067 399 3128 animo
413 3067 523 3149 rejicio,
537 3070 652 3148 pariter
664 3069 781 3129 strictus
793 3069 915 3149 futurus
924 3069 1049 3150 postlinc
1064 3073 1096 3134 in
1150 3064 1321 3140 Ordinibus,
1347 3063 1377 3123 51¹
1403 3083 1466 3144 (illu
1489 3066 1637 3128 nimirum
1661 3069 1712 3130 vel
1735 3071 1942 3151 negligentia,

303 3155 358 3218 baa
380 3158 516 3218 materia.
542 3157 625 3218 Illud
646 3157 837 3219 nibilominus
860 3159 932 3218 mibi
946 3163 1092 3239 protutor,
1149 3153 1199 3212 Vel
1221 3153 1341 3215 malitia
1364 3153 1566 3233 Magistratus
1585 3155 1708 3236 justitia
1722 3165 1836 3238 aperte
1852 3161 1944 3221 dene·

303 3242 382 3325 qnod
394 3246 521 3326 quinque
534 3245 825 3328 illoepropositiones,
841 3265 880 3308 eu
893 3247 995 3308 merito
1014 3249 1096 3312 baud
1148 3247 1241 3323 guills
1257 3260 1263 3302 :
1280 3240 1341 3301 ΜΟ
1353 3243 1480 3322 demina·
1498 3244 1628 3324 inquam,
1640 3247 1811 3328 Pr⁰P⁰⁸lil0
1836 3249 1882 3310 ud
1902 3269 1945 3311 me

303 3331 386 3394 dubie
399 3333 524 3414 rejecere,
541 3353 599 3396 non
613 3354 702 3416 usque
722 3333 793 3396 aueo
811 3334 841 3395 ίη
861 3354 925 3395 meo
940 3335 1014 3397 libro
1028 3357 1095 3398 con·
1142 3329 1314 3411 pertinebit,
1330 3329 1358 3390 si
1375 3349 1433 3410 per
1445 3331 1585 3392 fortunas
1600 3333 1664 3412 ipsa
1682 3334 1771 3396 etiam
1785 3342 1946 3400 sustenta-

303 3419 464 3491 ti'neantur,
490 3429 523 3482 ut
543 3421 621 3483 niilii
640 3424 719 3485 velut
740 3423 834 3500 unico,
850 3431 905 3484 ant
922 3424 1093 3507 principali
1148 3418 1191 3480 llo
1206 3415 1383 3477 necessaria
1396 3417 1606 3499 interlunium
1624 3437 1692 3480 uam
1704 3421 1858 3501 fortunas,
1871 3443 1946 3506 pria-

301 3526 401 3570 eotum
421 3510 540 3571 auctori
560 3512 704 3593 imputari
722 3513 843 3593 possint,
860 3531 981 3594 meaque
999 3535 1093 3597 prop.
1148 3525 1213 3565 inm
1230 3504 1350 3584 jactura
1363 3507 1595 3566 sustentationem
1609 3504 1799 3570 necessariam
1816 3531 1878 3572 nan
1893 3532 1945 3572 au·

301 3603 379 3658 terea
385 3595 474 3675 sama
485 3596 565 3678 juste
577 3597 741 3680 deniprari'.
1147 3591 1218 3673 sert,
1234 3593 1339 3672 negaui
1351 3591 1490 3672 sufficere
1509 3592 1550 3655 ad
1571 3592 1675 3666 Duelli
1698 3595 1851 3660 licentiam
1868 3601 1942 3681 Gap.

341 3707 356 3744 u
373 3687 401 3746 l.
426 3685 597 3767 Propositi'o
612 3707 622 3748 .·
638 3687 694 3751 Vir
707 3687 862 3766 militaris,
880 3688 934 3769 qui
949 3690 1007 3752 nisi
1020 3692 1093 3753 olle·
1147 3685 1177 3743 6·
1200 3690 1258 3743 uti·
1281 3681 1345 3761 25
1368 3684 1395 3742 l·
1420 3679 1508 3742 Haut
1521 3684 1617 3764 ipsam
1641 3690 1737 3745 lamet
1756 3691 1946 3750 sustentatib-

300 3777 360 3852 rat,
377 3773 426 3836 vel
441 3777 582 3854 acceptet
595 3776 751 3853 Duellom,
768 3781 920 3856 tanquam
941 3777 1093 3841 formido·
1146 3791 1211 3832 uuit
1237 3769 1323 3832 ellum
1350 3768 1555 3847 intellectam,
1585 3778 1672 3852 “lille
1702 3775 1944 3854 mirebellum

300 3862 396 3939 loeus,
413 3861 552 3940 timidus,
568 3862 710 3944 abjectus
725 3868 756 3926 et
770 3864 811 3926 ad
826 3864 930 3926 officia
944 3866 1093 3931 militaria
1146 3860 1238 3940 subit
1260 3859 1292 3919 ὑῒ
1313 3856 1511 3920 saluberrima
1530 3857 1742 3922 Ouiriballon&
1756 3864 1946 3942 pulleinium

300 3949 425 4029 ineptus
455 3949 636 4028 haberetur,
660 3952 796 4033 indeque
820 3953 941 4032 officio,
967 3973 1029 4035 quo
1058 3977 1092 4019 se
1146 3947 1373 4031 colliperemilii
1392 3945 1542 4008 uideoren
1565 3947 1648 4008 lineis
1668 3949 1744 4018 illis,
1760 3967 1832 4032 quoe
1848 3952 1946 4034 paulo

300 4056 436 4119 suosque
450 4041 614 4117 sustentat,
630 4039 809 4118 privaretur
825 4061 832 4103 :
850 4042 899 4103 vel
919 4042 1092 4122 promotio·
1145 4047 1211 4099 ante
1234 4037 1310 4118 ipsas
1331 4035 1463 4118 quinque
1474 4035 1687 4117 propositiones
1707 4039 1817 4118 pasitoe
1831 4041 1947 4121 corupi'-

300 4127 348 4187 nis
372 4126 449 4187 alias
462 4127 521 4188 sibi
545 4127 671 4213 debitae,
687 4148 724 4191 ac
747 4131 926 4209 promerita
941 4149 997 4211 spe
1019 4151 1092 4212 per·
1145 4127 1276 4195 ciuntur.
1302 4125 1335 4186 in
1356 4125 1464 4206 quibus
1476 4123 1539 4186 Sua
1560 4123 1713 4186 Sanctitas
1735 4129 1943 4208 conquiram.

299 4220 393 4294 petuo
409 4233 516 4276 carere
532 4215 672 4295 deberet,
689 4218 781 4297 culpa
796 4222 828 4280 et
840 4237 935 4298 piena
948 4225 1086 4300 vacaret,
1145 4213 1215 4277 olari
1237 4212 1333 4276 adbuc
1346 4221 1489 4280 auctores,
1504 4211 1560 4293 qni
1582 4211 1723 4273 Dnellum
1737 4232 1795 4274 esse
1821 4215 1944 4278 li'ci'tnm

298 4304 364 4364 sive
379 4305 499 4380 afferat,
516 4303 581 4367 sire
597 4312 739 4386 acceptet
761 4309 916 4377 Duellom,
933 4317 973 4370 est
987 4310 1091 4372 Patris
1144 4302 1264 4366 doceant
1276 4303 1326 4364 vel
1340 4306 1470 4382 propter
1488 4300 1760 4380 sustentationem,
1776 4305 1830 4365 rel
1846 4325 1946 4388 prop-

297 4392 489 4456 lieissenstuel
502 4392 619 4455 Ordinis
632 4393 799 4473 Minaeum,
816 4395 913 4478 quiin
926 4416 958 4458 ea
972 4397 1089 4461 uidetur
1143 4398 1192 4456 ter
1206 4396 1312 4473 aperte
1323 4394 1470 4472 negatam
1489 4389 1654 4469 justitiam,
1671 4399 1724 4452 etc.
1741 4389 1832 4453 Illud
1845 4403 1943 4455 tamen

291 4482 444 4563 praecipue
466 4501 586 4552 errasse,
612 4483 694 4565 quod
714 4483 802 4545 illum
820 4504 935 4566 quoque
957 4505 976 4548 a
998 4487 1089 4570 culpa
1142 4501 1280 4544 excusare
1306 4499 1352 4541 me
1371 4485 1475 4561 potest,
1496 4477 1576 4560 qnod
1593 4479 1746 4559 potissima
1772 4480 1944 4543 Annorum

297 4569 441 4647 absoluat,
457 4570 512 4652 qni
525 4570 602 4632 alias
615 4572 822 4650 promotionis
846 4572 904 4634 sibi
921 4573 1036 4636 debitae
1051 4596 1088 4639 ao
1135 4591 1220 4654 pars,
1248 4573 1392 4652 Layman,
1417 4568 1538 4649 Sporer,
1559 4565 1760 4636 Russenstucl,
1786 4568 1942 4648 Pilcbler,

297 4658 475 4738 promerita
498 4675 553 4738 spe
586 4676 694 4721 carere
725 4660 865 4724 deberet.
889 4660 970 4723 Huic
1000 4683 1088 4727 niem·
1148 4660 1271 4742 Carasa,
1288 4657 1426 4725 Milante,
1436 4657 1622 4738 plurimique
1634 4656 1693 4718 alii
1712 4676 1771 4717 non
1786 4657 1831 4720 ita
1846 4659 1945 4741 rigidi

298 4747 350 4806 bra
372 4747 552 4808 contrarium
576 4743 658 4810 docet
688 4767 768 4812 meus
799 4757 941 4812 tractatus
963 4771 981 4812 a
1003 4774 1084 4818 num.
1149 4750 1274 4832 suerint,
1285 4748 1414 4828 rectique
1426 4753 1536 4807 tenaces
1550 4764 1584 4808 ac
1597 4765 1659 4826 epo,
1671 4747 1726 4829 qni
1737 4744 1799 4807 soli
1803 4749 1944 4829 jactiiroe

296 4836 367 4897 ³56.
1140 4836 1354 4899 sustentationis
1374 4835 1549 4903 necessariae,
1566 4834 1730 4915 conjunctae
1752 4853 1822 4896 eum
1842 4845 1944 4919 aperte

335 4946 350 4982 n
377 4921 536 4986 Secunda:
558 4923 709 4988 Excusari
724 4925 819 4988 etiam
841 4934 973 5007 possunt
987 4929 1087 4995 hono·
1140 4925 1425 5008 unapaiajnu'n'a,
1441 4923 1542 4985 Duelli
1556 4923 1706 4986 licentiam
1721 4923 1867 5006 alligari.

238 5053 241 5059 -
295 5012 473 5089 ustuanti,
490 5014 540 5074 vel
555 5013 701 5076 humana
715 5015 930 5095 vilipensionis
949 5020 1085 5083 vitanda
1179 5038 1195 5076 n
1211 5017 1315 5096 ltaque
1328 5013 1542 5074 aminnium
1560 5012 1694 5072 inimum
1708 5031 1804 5073 meam
1820 5012 1942 5095 atfii'nit

294 5101 398 5181 gratia
411 5101 556 5164 Duellum
570 5107 781 5183 acceptantes
797 5106 848 5167 vel
864 5107 904 5168 ad
918 5107 996 5173 illud
1009 5128 1084 5189 pra·
1138 5104 1219 5187 quod
1229 5105 1348 5189 passim,
1364 5109 1440 5164 etam
1462 5102 1492 5162 in
1506 5101 1627 5162 novellis
1638 5099 1781 5182 publicis,
1797 5111 1865 5162 tum
1889 5103 1942 5163 Ve-

293 5194 453 5268 vocantes,
470 5191 597 5271 quando
617 5195 701 5254 certo
725 5192 839 5271 sciunt,
856 5213 997 5275 pugnam
1020 5217 1082 5261 non
1138 5195 1228 5262 netis,
1255 5201 1316 5252 tum
1344 5189 1525 5254 Germanicis
1558 5187 1633 5252 liber
1654 5208 1734 5250 mais
1757 5189 1941 5272 indigitetur

294 5296 362 5338 esse
377 5282 568 5357 secuturam,
585 5283 693 5359 utpote
708 5279 748 5342 ab
762 5280 830 5341 aliis
849 5280 1084 5360 impediendam
1138 5293 1277 5365 tanquam
1291 5299 1424 5344 urorum
1438 5281 1568 5341 omnium
1587 5278 1758 5341 latibulum.
1778 5278 1941 5342 Occasione

294 5364 356 5426 litei
368 5365 439 5428 adeo
452 5385 517 5429 mea
530 5385 588 5428 non
607 5375 659 5439 est,
675 5375 710 5428 ut
732 5369 913 5430 contrarium
935 5370 1084 5438 dornuim
1137 5373 1193 5434 lice
1205 5379 1332 5434 utuntur
1353 5368 1467 5444 emuli,
1487 5368 1588 5451 quales
1603 5369 1635 5430 in
1652 5366 1735 5429 aulis
1747 5367 1846 5448 terme
1861 5390 1939 5431 nnn-

293 5473 363 5520 an.
386 5458 455 5518 aii.
471 5453 516 5518 Et
538 5456 781 5539 quamuisposten
804 5457 930 5522 diaerirn
953 5481 984 5524 n.
1008 5466 1079 5536 550,
1136 5481 1225 5546 quam
1246 5459 1349 5523 desiim
1370 5458 1567 5540 confessario,
1586 5455 1762 5552 Principem
1775 5477 1865 5522 sunm
1890 5457 1939 5522 ab
