4086 6348
346 619 406 680 rsa
985 591 1103 678 rinna
1125 594 1321 685 ausurus

380 823 396 862 u
415 800 625 877 Quamobrem
638 797 799 862 Antistites
822 816 880 879 per
900 816 945 877 se,
967 798 993 860 si
1011 801 1137 878 tempus
1232 799 1267 860 F.
1284 795 1459 880 cardinalis
1474 796 1641 860 Columna.

341 891 516 970 vacaverit,
531 896 600 952 tum
621 890 653 950 in
674 887 925 966 cathedralibus,
941 887 1054 951 lumin
1069 887 1137 950 aliis
1229 887 1289 967 ἐξ).
1306 885 1356 948 ad
1371 884 1548 948 doctrinam
1563 883 1714 947 accedere
1733 883 1831 947 debet
1845 883 1932 949 virtus
1942 886 1964 950 et
1979 899 2009 945 ua

340 979 490 1044 Ecclesiis
512 975 594 1042 serio
619 977 872 1042 animadvertant
892 981 924 1040 et
945 977 978 1038 in
1004 976 1136 1040 Dioecesi
1190 973 1256 1038 vita
1273 973 1484 1056 exemplaris:
1506 972 1698 1037 'tritbemius
1719 973 1760 1036 de
1783 973 1858 1037 Vita
1877 975 1963 1038 Sacer·

340 1067 473 1132 vicariis
487 1067 636 1146 lorensis,
649 1065 780 1147 aliisque
794 1064 955 1143 ministris,
967 1064 1137 1146 probisque
1191 1063 1257 1128 dot.
1279 1083 1343 1147 rap.
1365 1067 1394 1142 l,
1411 1084 1439 1127 n.
1459 1067 1509 1141 24,
1525 1063 1570 1126 ait
1587 1082 1594 1126 ε
1622 1084 1637 1122 n
1661 1061 1869 1126 Praedicantis
1885 1079 1963 1126 mmo

341 1155 458 1234 viriae
473 1156 587 1238 quibus
602 1173 640 1217 ea
654 1172 750 1235 super
764 1173 799 1216 re
813 1153 981 1216 relationes
995 1153 1133 1234 exigent,
1190 1176 1205 1214 n
1231 1153 1321 1216 iacile
1343 1152 1566 1232 contemnitur,
1592 1152 1682 1234 cujus
1696 1152 1762 1215 vite
1778 1151 1871 1214 malis
1889 1151 1965 1234 surpi-
2020 1199 2021 1210 ,

341 1242 537 1324 vigilantiam
556 1241 756 1304 demandent.
779 1243 826 1304 Ae
844 1241 870 1304 si
890 1240 1134 1304 Conoionatores
1191 1263 1206 1302 n
1231 1242 1374 1305 cionibus
1397 1241 1430 1304 in
1454 1242 1570 1324 populo
1592 1243 1731 1305 notatur.
1753 1263 1769 1301 n
1796 1239 1844 1304 Et
1866 1257 1922 1324 cop.
1942 1241 1965 1317 t,

342 1347 489 1394 normam
510 1330 692 1413 hujusmodi
711 1335 925 1410 transgressos
948 1329 1133 1410 repererint,
1190 1347 1222 1393 a.
1239 1333 1301 1394 lo:
1325 1351 1340 1389 u
1354 1329 1457 1392 Facile
1472 1327 1673 1412 predicantis
1687 1345 1792 1392 sermo
1816 1329 1966 1392 contenui-

342 1435 431 1482 eosa
450 1419 682 1499 predicationis
694 1437 825 1481 munere
850 1418 890 1480 ad
911 1421 1035 1500 tempus
1055 1418 1137 1480 bene
1190 1441 1205 1480 n
1230 1419 1330 1497 tur,si
1346 1419 1573 1482 interrustiocs
1586 1417 1784 1482 familiariter
1796 1419 1966 1497 effundatur,

342 1506 446 1570 visum
469 1506 673 1588 suspendant,
688 1507 789 1570 aliave
812 1506 946 1585 ratione,
962 1524 1019 1586 pro
1041 1506 1135 1569 moda
1190 1529 1206 1567 n
1231 1506 1383 1587 incipient
1403 1510 1435 1570 te
1460 1525 1499 1569 ex
1520 1507 1749 1571 consuetudine
1770 1503 1967 1568 familiaritatis

283 1589 291 1606 ⁶
342 1594 454 1674 eulpa,
476 1595 613 1674 plectere
636 1597 757 1674 curent,
786 1593 987 1675 subrogando
1011 1593 1137 1656 interim
1191 1617 1206 1654 n
1231 1599 1433 1659 contemnere
1457 1598 1489 1658 et
1514 1595 1604 1677 quasi
1630 1614 1669 1658 ex
1696 1593 1761 1657 suis
1787 1611 1888 1657 unum
1906 1593 1969 1658 esu

342 1682 433 1762 alios,
450 1683 503 1766 qui
516 1683 645 1746 salutari
659 1683 754 1746 modo
773 1683 888 1763 papula
910 1683 1078 1746 ostendant
1090 1682 1138 1744 vi·
1191 1707 1206 1746 o
1231 1701 1329 1748 mare.
1346 1705 1361 1744 n
1385 1683 1519 1747 Addita
1540 1705 1570 1748 n.
1593 1687 1655 1748 25:
1677 1685 1866 1747 uAccusare
1887 1682 1970 1746 aran·

341 1769 397 1846 tia,
414 1787 484 1851 quae
506 1787 563 1833 eos
582 1770 740 1833 declinare
755 1775 787 1832 et
806 1771 949 1849 virtutes,
972 1788 1051 1852 quas
1070 1785 1138 1831 see·
1191 1795 1206 1833 n
1231 1771 1309 1836 tiam
1331 1773 1363 1834 et
1385 1771 1467 1835 latro
1485 1777 1599 1853 potest,
1615 1771 1786 1836 emendare
1807 1789 1894 1849 vero,
1909 1787 1971 1833 non-

341 1857 403 1921 tari
416 1863 571 1939 oporteat,
587 1863 624 1923 ut
636 1877 765 1941 poenam
784 1863 934 1922 aeternam
955 1858 1092 1921 evadere
1106 1860 1138 1920 et
1192 1884 1207 1923 n
1232 1861 1292 1924 nisi
1314 1860 1367 1942 qui
1389 1861 1476 1940 lacit,
1492 1861 1578 1944 quod
1599 1861 1719 1926 docet:
1744 1861 1897 1924 delicatus
1918 1877 1971 1921 ma·

343 1946 505 2010 crelestem
516 1948 651 2028 gloriam
660 1947 809 2029 consequi
818 1949 954 2011 valeant.
961 1946 1138 2010 Eminentia
1191 1971 1206 2010 n
1231 1949 1329 2032 gistau
1352 1953 1409 2028 est,
1426 1951 1480 2032 qni
1493 1951 1588 2030 pleno
1602 1953 1713 2014 venue
1731 1949 1771 2013 de
1789 1947 1910 2032 jejunio
1923 1945 1970 2008 dis

342 2033 439 2114 igitur
460 2039 567 2099 vestra
588 2037 622 2099 in
647 2037 781 2100 Dioecesi
803 2055 867 2100 suae
895 2055 979 2099 oure
1002 2033 1135 2114 credita,
1192 2061 1207 2098 n
1232 2040 1323 2118 putat
1344 2055 1353 2112 ς
1378 2038 1466 2119 prius
1493 2041 1559 2104 vita
1587 2039 1779 2123 requirenda
1806 2041 1871 2118 eat,
1895 2054 1973 2120 quan

342 2121 536 2188 sanctissimi
551 2125 674 2188 Domini
691 2125 789 2188 nostri
805 2125 945 2208 jussibus
960 2130 992 2187 ct
1005 2123 1135 2206 proprio
1192 2147 1207 2186 u
1232 2126 1393 2205 Doctrina,
1404 2127 1611 2210 qniaplenius
1624 2147 1720 2210 opere
1734 2127 1879 2206 docetur,
1894 2141 1975 2210 quara

342 2212 465 2275 muneri
488 2213 668 2278 satisfacere
691 2232 754 2277 non
773 2213 976 2295 gravabitur3
1001 2216 1033 2276 et
1053 2212 1138 2276 Emi-
1194 2231 1401 2292 »sermone;
1438 2217 1735 2281 excellentissimum
1769 2232 1906 2298 namque
1932 2213 1975 2276 do

342 2298 458 2365 nentia
485 2305 597 2366 vestrae
625 2321 740 2366 manus
767 2303 928 2366 humiliter
960 2303 1134 2390 deosculor.
1192 2325 1207 2363 n
1232 2301 1324 2365 cendi
1339 2320 1439 2383 genus
1454 2307 1511 2374 est,
1528 2303 1755 2370 demonstratio
1771 2302 1942 2384 exemplis

343 2390 452 2450 Roma
466 2393 486 2452 6
498 2391 573 2456 tulii
595 2395 683 2458 1680.
699 2392 899 2456 Humillimus
913 2395 945 2458 et
964 2389 1138 2456 addictissi·
1233 2392 1308 2466 Qua
1323 2391 1464 2456 materia
1479 2394 1643 2457 utilissime
1663 2395 1841 2458 emuntur
1860 2393 1892 2454 in
1911 2392 1977 2455 Gon-

344 2490 548 2544 musservua.
1192 2477 1335 2545 clunibus
1349 2479 1470 2546 dictum
1484 2485 1532 2548 est
1544 2481 1567 2548 l.
1579 2487 1610 2564 3,
1625 2487 1698 2568 pal,
1714 2501 1744 2548 n.
1755 2476 1831 2546 766.
