4120 6348
287 527 351 592 558
900 551 909 566 ·
945 523 1060 591 illiba
1082 525 1280 600 QUARTUS.

319 735 334 772 a
353 711 506 775 Absoluta
520 711 684 792 Examina,
699 717 736 777 nt
758 713 872 794 cuique
896 714 972 776 satis
993 731 1077 775 com·
1172 717 1305 777 nemum
1323 729 1395 776 enm
1410 711 1568 794 praecipua
1582 711 1756 796 Episcopis,
1773 717 1924 796 tanquam

280 807 406 883 partum
422 803 533 880 est,f1t
555 803 775 866 antummodo
795 807 934 884 potestas
953 802 1077 865 Exami-
1132 802 1162 862 in
1178 803 1305 883 specula
1319 803 1495 865 constitutis
1508 807 1638 878 pateant
1651 803 1861 892 Subditprum
1874 823 1924 866 ex-

279 890 442 954 actoribus
456 891 656 954 renuntiandi
678 897 836 974 quotquot
855 894 1002 976 regendae
1017 897 1076 956 Ec·
1131 909 1247 969 cessus,
1265 891 1445 971 contingere
1460 892 1549 969 solet,
1566 897 1602 954 ut
1621 891 1653 952 in
1675 895 1837 956 concursu
1861 897 1924 955 mm

280 979 382 1042 clasiae
409 978 539 1042 idoneos
560 979 791 1061 judicaverint,
822 987 985 1046 reservata
1018 981 1074 1044 uui
1131 979 1429 1059 inspectosciantia,
1445 997 1540 1060 quam
1559 981 1700 1043 moribus
1720 981 1773 1042 ille
1793 982 1924 1044 idoneus

278 1066 433 1147 Episcopo
448 1067 600 1130 electione
621 1068 788 1147 Dignioris,
807 1070 1076 1150 quemadmodum
1130 1067 1171 1128 ab
1184 1067 1457 1131 Examinatoribus
1476 1067 1683 1148 renuntietur,
1700 1070 1750 1131 cui
1764 1071 1855 1133 foeda
1867 1071 1923 1133 ali·

278 1155 433 1218 sancitum
455 1163 503 1218 est
525 1175 545 1218 a
567 1155 749 1219 Tridentino
774 1156 834 1219 illis
857 1159 962 1221 verbis
985 1179 994 1222 z
1021 1158 1078 1220 Ea
1130 1173 1193 1236 qua
1206 1154 1272 1218 vitii
1288 1156 1385 1234 labes,
1402 1173 1440 1217 ao
1454 1155 1593 1218 criminis
1607 1159 1732 1221 macula
1751 1159 1858 1222 inusta
1872 1159 1922 1236 sit,

278 1243 378 1326 disque
391 1243 554 1326 Episcopus
569 1245 670 1325 eligat,
688 1266 772 1328 quem
793 1248 893 1310 ceteris
906 1248 1000 1330 muqis
1013 1247 1078 1310 ida-
1129 1244 1285 1322 omnibus,
1315 1250 1528 1324 preterquam
1550 1243 1705 1326 Episcopo
1729 1248 1865 1310 occulta.
1891 1249 1923 1312 Si

277 1350 362 1393 neum
370 1331 576 1414 judicaverit:
589 1335 630 1396 At
639 1334 664 1394 si
675 1353 769 1414 quem
785 1335 978 1397 Clericorum
994 1337 1075 1400 forte
1128 1331 1300 1414 Episcopus
1319 1331 1405 1413 justa
1418 1332 1571 1394 suadente
1586 1351 1682 1396 causa
1704 1335 1839 1397 crimine
1863 1353 1923 1398 nou

278 1420 446 1499 contigerit
460 1422 619 1501 appellare
634 1439 653 1484 a
670 1423 753 1484 nrala
775 1424 926 1486 relatione
948 1425 1075 1486 Exami-
1129 1421 1281 1498 revelato,
1296 1422 1442 1485 eumdem
1461 1420 1666 1484 criminosum
1681 1424 1796 1486 tacitus
1810 1429 1924 1504 prate-

279 1513 437 1587 natorum,
453 1527 590 1590 quorum
604 1510 920 1573 curauniceversata
934 1512 1073 1575 fueritin
1128 1508 1227 1586 rierit,
1243 1509 1403 1590 aliumque
1424 1507 1596 1570 immunem
1610 1529 1629 1571 a
1644 1511 1736 1572 sorde
1750 1514 1923 1594 praelege-

282 1597 478 1678 exquirenda
491 1597 644 1675 doctrina,
657 1617 718 1659 non
729 1600 811 1661 tacta
822 1619 884 1661 nno
899 1601 1073 1681 eodemque
1127 1597 1168 1658 rit
1193 1616 1200 1658 :
1227 1598 1314 1660 illico
1339 1597 1532 1678 Postpositus
1560 1597 1706 1660 simulato
1734 1599 1921 1678 gravamine

278 1685 541 1765 temporesolerti
558 1686 653 1748 etiam
677 1687 915 1766 investigatione
939 1687 1072 1749 aliarum
1126 1690 1278 1764 provocat
1304 1685 1346 1746 ad
1381 1685 1582 1766 Superiorem
1608 1685 1753 1748 iudicem
1781 1685 1921 1749 criminis

279 1774 478 1853 qualitatum,
495 1791 565 1854 quae
587 1775 724 1838 Pastoris
745 1779 921 1854 congruant
943 1776 1069 1838 oliicio:
1126 1773 1272 1854 ignarum
1301 1779 1332 1836 ct
1355 1779 1506 1838 consueta
1533 1773 1663 1854 diffugio
1691 1775 1920 1854 appellationis

278 1861 363 1925 Ordo
382 1860 492 1942 judieii
507 1879 614 1923 secum
628 1861 718 1940 feret,
734 1867 769 1925 ut
792 1865 885 1926 etiarn
900 1865 1013 1942 Judex,
1030 1865 1070 1926 ad
1126 1863 1271 1926 evehitur
1285 1863 1324 1925 ad
1341 1863 1500 1924 Pastorale
1523 1861 1683 1946 fastigium
1704 1864 1758 1944 qui
1782 1881 1845 1926 non
1866 1883 1919 1945 po-

279 1967 374 2030 quem
388 1954 594 2029 provocatum
608 1950 677 2028 fuit,
690 1950 721 2011 in
736 1952 802 2012 sola
817 1953 967 2014 doctrina
982 1953 1072 2014 indn-
1126 1956 1186 2014 test
1200 1952 1362 2014 consulere
1376 1951 1507 2030 Populo,
1524 1951 1581 2012 sed
1595 1969 1708 2014 nocere
1721 1971 1730 2026 ;
1751 1970 1810 2014 nec
1825 1971 1919 2033 praes—

277 2038 350 2118 gine
372 2038 580 2100 immoretur:
605 2041 669 2100 Nec
691 2039 758 2100 sine
781 2041 870 2119 gravi
894 2041 1071 2102 animarum
1124 2044 1192 2101 tare
1205 2039 1425 2120 regimen,scd
1440 2057 1557 2118 augere
1572 2038 1754 2104 discrimen.

279 2125 467 2188 detrimento
492 2131 523 2188 et
547 2126 719 2206 disciplina
744 2127 859 2209 injuria
881 2130 1071 2208 praeficiatur
1165 2151 1178 2186 u
1199 2131 1243 2188 Nc
1259 2129 1354 2206 igitur
1369 2125 1502 2205 improbi
1518 2127 1635 2206 ingenii
1651 2126 1796 2192 homines
1818 2147 1916 2192 reme·

277 2214 425 2277 Ecclesiae
441 2214 492 2295 qui
516 2215 628 2276 litteris
642 2215 742 2296 magis
756 2217 862 2296 pollet,
878 2217 951 2279 lieet
965 2223 1070 2278 cetera
1125 2217 1212 2277 dium
1227 2215 1452 2296 appellationis
1466 2216 1505 2276 ad
1517 2215 1646 2296 justitiae
1660 2217 1844 2295 praesidinm
1857 2219 1916 2282 ine

277 2301 381 2366 minus
395 2307 487 2382 aptus
501 2306 533 2365 et
555 2304 745 2384 quandoque
766 2305 913 2386 indignus
931 2325 937 2368 :
954 2308 1070 2369 Contra
1124 2306 1263 2382 titutum,
1280 2305 1390 2367 callide
1405 2305 1622 2367 traducantad
1633 2305 1916 2386 iniquitatisdclen·

276 2409 352 2454 vero
374 2397 522 2454 arceatur
546 2391 608 2470 illa,
625 2393 677 2472 qui
698 2392 771 2456 licet
795 2393 897 2473 impar
918 2394 1068 2456 doctrina
1123 2393 1244 2454 sionem
1262 2412 1269 2452 :
1286 2392 1445 2472 Optimum
1460 2391 1544 2453 iactu
1559 2392 1714 2472 aliquibus
1729 2393 1918 2456 tortassevi·

275 2479 399 2558 merito,
416 2485 554 2544 attamen
574 2481 725 2559 moribus,
746 2482 913 2562 gravitate,
930 2483 1070 2562 pruden-
1124 2482 1262 2558 deretur,
1280 2480 1305 2542 si
1320 2479 1538 2559 appellatione
1553 2481 1663 2560 quavis
1681 2481 1816 2560 sublata,
1842 2500 1917 2548 cura

276 2569 329 2646 tia,
342 2570 473 2650 probato
490 2569 626 2647 nominc,
639 2569 787 2633 diuturno
802 2571 949 2633 Ecclesia
967 2571 1068 2632 iamu-
1122 2567 1316 2649 praeficiendi
1327 2571 1474 2629 [tectores
1490 2568 1669 2630 animarum
1683 2587 1812 2649 prorsus
1826 2571 1916 2632 relin-

274 2659 352 2737 latu,
369 2678 406 2722 ac
429 2659 592 2739 multiplici
616 2659 766 2721 virtutum
787 2659 880 2722 laude
904 2661 1064 2739 praecellit.
1123 2662 1272 2737 queretur
1285 2656 1458 2736 Episcopis,
1473 2656 1626 2718 rationem
1641 2657 1839 2721 villicationis
1853 2679 1914 2720 sua

315 2771 329 2806 a
348 2751 478 2810 Factum
493 2751 646 2828 praeterea
667 2749 742 2810 satis
757 2747 949 2830 extirpandis
964 2749 1067 2811 abusi·
1122 2745 1242 2808 Christo
1257 2745 1360 2809 ludici
1370 2750 1493 2807 tantum
1506 2744 1686 2808 reddituris.
1697 2749 1817 2810 Verum
1832 2751 1913 2810 nullo

275 2835 335 2899 bus
360 2855 423 2897 non
447 2835 581 2913 videtur,
611 2835 637 2896 si
664 2841 730 2900 tam
757 2836 940 2916 Episcopus,
970 2855 1067 2918 quam
1121 2839 1212 2914 pacto
1228 2832 1361 2913 probare
1375 2832 1408 2894 id
1422 2834 1604 2912 possumus,
1621 2834 1706 2914 qnod
1731 2836 1913 2898 adversare·

275 2923 511 2988 Examinatores
538 2923 712 3004 conjunctis
743 2924 874 3002 studiis,
904 2924 1066 2987 industriae
1120 2920 1281 2983 turmanti
1292 2918 1614 2991 Concilii'lridentini,
1628 2920 1723 2984 tacite
1734 2924 1913 3001 permitten-

275 3029 388 3074 nervos
403 3029 511 3074 omnes
534 3011 726 3074 intenderint
740 3011 772 3074 in
787 3013 978 3075 conterenda
991 3031 1066 3075 oon·
1120 3009 1160 3071 tis
1181 3008 1429 3088 appellationem
1453 3007 1485 3068 in
1509 3007 1688 3071 devolutivo
1703 3011 1823 3073 amala
1837 3013 1915 3074 rela-

275 3099 363 3162 eordi
387 3098 507 3182 judicio
540 3099 681 3161 Ecclesia
707 3118 866 3180 personae,
896 3118 966 3183 quae
993 3101 1067 3164 licet
1121 3094 1487 3171 tioneExaminatornm,
1504 3095 1913 3174 quemadmoduminnuare

275 3187 408 3250 scientia
422 3193 453 3250 et
466 3186 577 3250 litteris
598 3189 687 3251 alteri
712 3189 876 3268 concedat,
893 3189 1005 3271 majori
1020 3193 1065 3252 ta·
1120 3184 1266 3246 videntur
1279 3184 1377 3245 verba
1390 3183 1442 3246 illa
1460 3204 1466 3246 τ
1483 3183 1762 3266 Neeproedt'ctorum
1786 3185 1915 3249 Exami-

273 3293 348 3338 men
357 3279 532 3338 ceterarum
541 3276 1062 3358 qualitatumeminetornamento:
1118 3283 1255 3335 actorum
1269 3273 1454 3342 relationem,
1473 3274 1625 3354 quominus
1638 3277 1835 3356 saecularem
1863 3275 1915 3337 tu-

275 3363 437 3445 siquidem
472 3363 661 3445 postpositus
695 3383 760 3428 suae
795 3367 928 3428 nimium
964 3368 1065 3430 tidens
1120 3361 1194 3432 bant,
1211 3362 1277 3424 alla
1290 3361 1446 3438 decolatio,
1457 3369 1486 3424 ct
1500 3360 1672 3443 appellatio,
1697 3361 1842 3425 etiamad
1863 3363 1914 3427 Se-

274 3452 435 3533 doetrinae,
465 3453 506 3515 ab
533 3453 739 3517 irrationabili
766 3454 890 3517 iudicio
919 3455 1063 3536 Episcopi
1118 3450 1182 3512 dem
1198 3449 1406 3532 Apostolieam,
1421 3451 1480 3512 siue
1490 3451 1616 3532 ejusdem
1627 3451 1708 3514 Sedis
1718 3451 1854 3536 Legatos,
1864 3463 1914 3514 aut

273 3559 335 3605 non
369 3560 440 3606 raro
470 3543 625 3623 appellat;
661 3545 824 3624 Causaque
852 3545 894 3605 ad
920 3544 1063 3607 iudicem
1126 3539 1313 3622 Viccleqctos,
1339 3547 1391 3600 aut
1419 3539 1562 3608 ll'untrbs,
1584 3559 1634 3602 seu
1659 3539 1839 3622 Episcopus,
1862 3552 1914 3604 aut

273 3630 499 3710 appellationis
513 3631 627 3709 delata,
640 3631 723 3692 idem
736 3637 819 3694 totus
834 3633 925 3694 estin
940 3633 1064 3714 pcrqni-
1120 3628 1372 3710 rtetropolitaaos,
1390 3627 1546 3696 Friniates,
1562 3628 1610 3690 vel
1623 3629 1805 3692 Pariarclas
1828 3631 1911 3692 inter

274 3718 371 3780 reuda
385 3713 498 3799 majori
522 3720 676 3798 doctrina,
694 3739 731 3782 ao
752 3721 929 3800 reparando
953 3739 1064 3801 grava·
1114 3719 1214 3798 posita
1227 3716 1376 3799 impediat,
1393 3716 1612 3799 octauapendat
1636 3737 1644 3779 ε
1671 3719 1727 3780 Cui
1751 3718 1910 3780 Sanctioni

273 3805 356 3868 mine
377 3805 514 3870 litterato
537 3807 656 3869 homini
679 3807 829 3888 irrogato,
850 3827 1006 3890 nusquam
1028 3809 1065 3871 li·
1118 3807 1287 3885 respondet
1301 3807 1396 3867 etiam
1411 3807 1596 3868 Constitutio
1619 3805 1728 3882 Plana,
1744 3807 1910 3870 admittens

272 3893 382 3958 berato
409 3895 543 3958 aliarum
570 3896 718 3957 virtutem
746 3897 903 3976 pondere,
933 3915 1003 3977 quea
1031 3897 1063 3958 in
1117 3893 1415 3974 appellationemin
1439 3893 1619 3957 devolutivo
1647 3892 1688 3955 ab
1707 3893 1909 3957 irrationabili

272 3983 459 4064 appellante
479 3981 699 4048 desiderantur
715 4005 722 4046 ε
738 3987 923 4066 Lugentque
948 3990 982 4048 nt
997 3986 1063 4065 pla·
1116 3981 1239 4044 iudicio
1253 3981 1408 4061 Episcopi.

273 4071 388 4133 rimum
400 4073 511 4154 vigiles
533 4071 743 4136 Eeclesiarum
763 4075 924 4137 Antistites
946 4075 1062 4136 exitum
1157 4093 1171 4128 u
1191 4073 1258 4143 Oua
1273 4070 1311 4130 de
1326 4087 1371 4147 re,
1389 4069 1467 4131 utin
1484 4067 1665 4150 hujusmodi
1689 4069 1816 4149 negotio
1838 4073 1908 4151 apto

272 4157 454 4241 hujusmodi
483 4160 719 4240 AppellationiS,
746 4161 918 4243 intimaque
943 4163 1060 4240 dolent,
1117 4158 1234 4234 omnia,
1251 4161 1345 4237 atque
1372 4157 1544 4238 composite
1567 4161 1769 4238 peragantur,
1797 4157 1906 4232 Officii,

219 4253 224 4266 '
272 4249 443 4311 l‘arocbias
470 4249 581 4326 doctis,
606 4267 669 4310 non
697 4250 778 4330 aptis
806 4249 998 4327 Pastoribus,
1027 4257 1063 4313 ut
1116 4247 1218 4309 Nostri
1235 4264 1302 4308 esse
1318 4246 1473 4324 duximus,
1491 4263 1563 4307 eum
1580 4245 1907 4322 vobis,Ven.Eratres

273 4335 464 4415 dictumest,
480 4337 813 4417 regendascommitti
1116 4336 1327 4415 gerendarum
1365 4353 1472 4396 rerum
1513 4333 1656 4396 ordinem
1692 4334 1904 4414 praescribere,

313 4447 328 4484 a
352 4429 393 4488 At
413 4425 438 4487 si
468 4426 570 4488 ludex
594 4425 689 4488 etiam
714 4426 941 4507 Appellationis
965 4427 1061 4508 (quod
1116 4441 1210 4505 quem
1224 4425 1320 4504 longo
1334 4441 1393 4486 usu
1408 4424 1515 4486 utilem
1538 4421 1723 4503 agnovimus
1747 4424 1908 4487 instituen-

272 4531 354 4577 rara
368 4511 482 4594 evenit)
498 4516 620 4576 tantum
639 4513 780 4576 tribuens
800 4514 938 4592 scientae,
961 4532 1062 4595 quan·
1116 4513 1164 4576 dis
1193 4511 1383 4574 animarum’
1398 4511 1597 4588 Rectorihus,
1627 4508 1681 4592 qni
1708 4511 1829 4575 credito
1850 4511 1904 4574 sibi

271 4607 338 4667 tum
358 4603 445 4680 satis,
460 4600 571 4682 majori
593 4606 624 4665 et
647 4603 832 4665 accuratiori
852 4603 994 4664 examine
1014 4603 1062 4665 in·
1116 4603 1209 4682 Gragi
1225 4619 1372 4681 praesse,
1389 4605 1420 4662 at
1434 4600 1582 4681 prodesse
1597 4599 1727 4678 possint.

271 4691 386 4772 quirat,
408 4690 461 4770 qui
479 4707 583 4754 mores
602 4690 766 4754 hominum
779 4691 851 4767 sint,
875 4709 944 4770 quae
959 4691 1061 4771 gravi·
1154 4715 1168 4749 a
1189 4693 1212 4752 l.
1229 4689 1412 4770 Episcopus,
1429 4688 1537 4750 habita
1551 4687 1660 4750 notitia
1673 4685 1904 4750 vacationisEc·

271 4785 330 4857 taS,
359 4779 536 4858 prudentia,
565 4781 618 4860 qui
647 4779 782 4859 suscepti
811 4783 904 4842 antea
923 4780 1057 4859 labores,
1114 4778 1349 4855 clesimslatim,
1366 4775 1904 4857 adpraescriptum'l'ridentini,ido·

271 4883 340 4948 quse
362 4864 513 4929 virtutum
531 4867 713 4946 specimina,
731 4883 801 4946 quse
817 4868 944 4928 demum
965 4868 1060 4930 totius
1114 4885 1208 4929 neum
1224 4867 1254 4927 in
1269 4886 1308 4928 on
1330 4867 1459 4946 deputet
1483 4863 1653 4942 vicarium,
1674 4883 1746 4926 cum
1769 4883 1904 4945 congrua

271 4957 421 5017 anteactae
436 4955 507 5016 vitae
522 4955 613 5033 restio,
630 4954 789 5035 pascendo
813 4955 905 5035 Gragi
928 4974 1060 5018 consen·
1114 4957 1182 5038 ejus
1197 4955 1325 5018 arbitrio
1340 4957 1500 5017 fructuum
1514 4954 1668 5034 portionis
1682 4952 1901 5034 assignatione,

269 5049 382 5106 tanea:
398 5045 458 5105 'lot
470 5043 487 5106 J
492 5043 574 5104 udici
589 5043 777 5106 exhibentur
790 5042 1004 5106 attestationes
1019 5045 1059 5108 ab
1114 5045 1166 5126 qui
1183 5063 1280 5106 onera
1294 5045 1392 5124 ipsius
1406 5043 1553 5105 Ecclesiae
1571 5043 1733 5118 sustineat,
1757 5041 1857 5105 donee
1873 5039 1902 5103 'ei

270 5131 454 5213 appellante
469 5149 506 5194 ex
520 5131 674 5194 industria
686 5131 837 5208 collectas,
850 5135 895 5209 ut,
912 5135 1059 5196 rev'ocato
1114 5135 1153 5195 de
1168 5136 1299 5196 Rectore
1316 5131 1529 5212 providentur.

268 5216 445 5300 Episcopali
463 5219 583 5301 J'udicio
598 5224 748 5301 tanquam
763 5217 979 5298 irrationabili,
996 5239 1059 5283 non
1153 5245 1167 5282 u
1187 5224 1224 5284 ll.
1241 5221 1369 5284 Publica
1385 5221 1549 5298 evulgatur
1563 5219 1673 5282 Edicto
1691 5218 1803 5282 notitia
1827 5218 1901 5280 Gon·

269 5308 530 5372 vereaturJudex
551 5326 734 5372 succurrere
750 5309 852 5371 eidem
867 5311 1056 5390 Appellanti,
1113 5317 1233 5389 camus,
1263 5327 1414 5391 congruo,
1445 5314 1476 5371 et
1502 5308 1542 5370 ab
1570 5306 1724 5388 Episcopo
1751 5304 1900 5387 praefinito

268 5416 364 5479 quem
378 5403 444 5462 tam
458 5397 596 5481 copiosa,
611 5403 740 5481 tamque
765 5399 935 5480 conspicua
952 5399 1061 5484 probi-¹
1112 5404 1254 5480 ternpore
1270 5395 1448 5460 celebrandi
1476 5417 1482 5458 :
1507 5396 1683 5476 eodemque
1706 5395 1817 5458 Edicto
1838 5411 1901 5454 om·

268 5485 340 5556 tatis
355 5485 506 5568 adjuvant
519 5485 718 5551 documenta.
1113 5505 1169 5550 nes
1193 5489 1288 5565 clare,
1314 5491 1345 5550 et
1366 5489 1474 5567 aperte
1501 5489 1700 5563 moneantur,
1723 5485 1759 5547 ut
1781 5481 1900 5546 iuterim
