4120 6348
609 569 661 636 ΒΕ
679 567 899 634 BchililcllS
921 569 1246 634 molestesrlcts.
1692 571 1755 652 511

78 753 139 818 sub
154 745 575 836 hujusmodigeneralitate
592 753 850 839 qualitercunque
865 760 898 820 61
951 773 1111 838 expresse,
1127 773 1166 820 ac
1186 755 1225 818 da
1246 753 1344 818 verbo
1354 753 1396 818 ad
1413 754 1548 818 verbum
1563 754 1680 822 inserto
1694 753 1752 822 116·

77 844 138 908 suh
153 861 362 926 quacunque
380 843 550 908 verborum
569 844 672 909 forma
686 847 827 928 66661116
846 843 897 910 661
951 842 1531 922 1616616666,61661666661166166.
1547 846 1645 908 Porro
1660 847 1752 912 6616·

77 933 704 1018 666616616,61116116,666611111666
724 935 897 998 Ecclesias-
951 951 1048 1014 quum
1071 933 1182 996 littera
1204 929 1385 1018 hujusmodi
1407 927 1618 1010 emanassent,
1640 923 1752 997 similis

77 1024 150 1086 1166
172 1021 327 1086 martas
346 1039 410 1084 666
421 1021 583 1085 obviantia
595 1023 747 1086 duntaxat
759 1023 894 1098 extendi,
950 1039 1083 1099 memor.
1106 1023 1139 1086 S.
1162 1021 1236 1086 Pius
1255 1023 1386 1103 PapeV
1411 1021 1507 1084 etiarn
1535 1021 1751 1104 predecessor

77 1110 235 1192 16666666
258 1109 412 1192 jurantes
436 1110 477 1174 sd
500 1110 563 1173 alia
584 1129 641 1191 par
661 1111 897 1192 praestationem
951 1115 1068 1190 noster,
1089 1111 1233 1193 ejusdem
1251 1109 1381 1174 concilii
1400 1109 1575 1178 Tridentini
1596 1099 1748 1195 Decretis,

75 1195 261 1281 1666666611
276 1197 461 1279 hujusmodi
475 1215 538 1260 non
550 1197 661 1262 166661.
951 1199 1065 1282 quibus
1086 1217 1126 1261 ne
1146 1197 1330 1281 quidquam,
1349 1197 1434 1278 quod
1453 1197 1486 1259 in
1505 1217 1581 1261 usus
1599 1198 1668 1278 6166
1686 1216 1750 1265 non

118 1288 262 1352 secent.
281 1303 416 1350 memor.
434 1285 602 1368 Gregorius
612 1289 699 1369 Papa
711 1289 780 1351 Xlll
798 1288 895 1352 etiam
950 1291 1164 1366 convertatur,
1185 1287 1217 1348 in
1236 1286 1401 1368 electione,
1419 1287 1674 1370 praesentatione,
1693 1306 1751 1366 po-

79 1373 780 1457 666166666666661666666666166666666
800 1377 896 1440 desu·
950 1374 1133 1455 minatione,
1156 1375 1360 1456 institutione,
1382 1376 1632 1454 confirmatione,
1656 1375 1749 1440 66116·

78 1480 136 1544 per
158 1462 226 1526 sub
252 1462 389 1542 plumbo
413 1463 576 1542 expeditas
597 1463 732 1544 litteras,
759 1483 895 1547 quarum
949 1465 1046 1544 11666,
1062 1464 1189 1526 6616116
1204 1464 1396 1544 provisione,
1412 1466 1478 1527 6166
1496 1465 1689 1528 admissione
1704 1455 1749 1546 61

48 1577 52 1587 ·
79 1551 207 1614 initium
224 1571 232 1614 :
252 1549 345 1614 Inter
356 1551 533 1634 Apostolico,
551 1562 618 1632 cta,
637 1553 822 1634 6661161661
843 1554 897 1616 Ni·
950 1553 1182 1635 possessionem
1206 1551 1338 1634 alicujus
1364 1552 1559 1616 cathedralis
1587 1552 1747 1636 nastasia,

80 1639 161 1706 colai
180 1641 240 1718 lll,
265 1640 527 1720 Praedecessoris,
550 1643 823 1723 constitutionem,
845 1643 896 1706 iti·
949 1642 1001 1704 val
1020 1640 1181 1719 Beneficii,
1204 1643 1463 1720 canonicatuum,
1484 1645 1540 1705 aut
1559 1641 1751 1724 Prabendaf

81 1729 224 1810 demque
239 1728 327 1791 alias
345 1747 455 1792 omnes
474 1730 647 1793 Ganonicas
664 1731 841 1794 sanctiones
856 1731 896 1794 de
950 1749 1033 1808 rum,
1050 1729 1101 1792 661
1121 1733 1245 1810 partem
1263 1733 1484 1808 proventuum,
1506 1747 1562 1790 reu
1582 1728 1624 1792 ad
1645 1724 1750 1792 distri-

80 1817 184 1880 abusu
206 1821 243 1882 et
266 1818 495 1898 reprobatione
515 1817 769 1900 juramentorum
788 1816 896 1898 hujus·
948 1817 1096 1881 butiones
1125 1815 1324 1898 quotidianas
1354 1815 1577 1896 quoquomodo
1611 1811 1749 1898 persolvi

81 1904 168 1970 modi
182 1906 413 1986 promulgatas
423 1906 586 1969 innovavit
595 1907 819 1988 voluitqueeas
830 1903 895 1965 ubi·
949 1897 1748 1986 possit,strictissimeprohibetur-,inhaerenssuam

81 2010 142 2074 que
154 1993 198 2056 ab
212 1993 380 2070 omnibus,
393 1994 490 2056 etiam
501 1996 605 2076 quoad
615 1995 785 2076 6616166116,
797 1991 895 2056 invio·
949 1995 1010 2058 ban
1023 1994 1056 2056 in
1070 2012 1104 2054 re
1118 1991 1379 2056 constitutionem
1391 1989 1537 2056 ediderat
1549 1991 1680 2072 tenoris,
1694 1986 1747 2076 661

82 2081 222 2146 labiliter
233 2081 416 2144 observari.
433 2085 590 2146 Praeterea
601 2081 744 2163 precipit
755 2086 787 2145 61
802 2082 896 2144 inter·
949 2083 1103 2166 sequitur,
1119 2081 1285 2146 videlieet:

83 2170 161 2233 dixit
172 2169 326 2234 Prmlatis
340 2173 372 2234 et
389 2171 557 2234 Canusinis
572 2174 605 2235 et
620 2170 688 2234 aliis
705 2168 895 2252 supradietis

85 2276 206 2322 666666
214 2258 896 2341 1166166166666116611611661116666166166661

84 2348 267 2429 6616616666
296 2349 527 2428 conventibus,
554 2349 722 2414 Civitatem
748 2365 893 2428 qnoque,
1130 2319 1243 2385 PIUS
1277 2316 1564 2386 EPISCOPUS

86 2439 277 2500 Castrorum
305 2439 337 2500 61
362 2439 532 2500 Terrarum
557 2433 840 2502 communitatibus
864 2438 897 2494 61
1162 2465 1277 2517 smus
1298 2465 1459 2518 sgqqoffl
1480 2470 1532 2516 Μ,

84 2524 236 2606 personis
249 2541 445 2606 quacunque
458 2524 609 2605 dignitate
618 2523 769 2604 prenditis,
781 2540 821 2584 ne
833 2521 896 2584 ulla
1531 2585 1538 2598 ‚

87 2613 216 2676 omnine
234 2613 424 2694 juramenta
440 2613 558 2692 illicita,
573 2611 790 2693 impossibilia,
806 2610 896 2672 dam·
1096 2582 1145 2650 M
1155 2595 1330 2670 Perimam
1349 2583 1395 2650 1·θῖ
1413 2601 1595 2650 mmmm·

88 2721 164 2764 noea
186 2702 240 2764 vel
264 2701 406 2766 libertati
428 2702 655 2768 ecelesiastica
676 2705 731 2764 aut
754 2698 895 2763 Decretis
1760 2737 1764 2747 ·

87 2789 217 2854 concilii
242 2789 423 2854 Tridentini
446 2790 617 2866 obviantia,
643 2789 709 2852 6166
732 2793 805 2852 6616
828 2788 894 2850 6166
993 2786 1141 2847 «Durum
1155 2777 1248 2846 nimis
1263 2781 1543 2849 etincommodum
1554 2783 1749 2848 arbitramur

87 2879 371 2957 66616166116666,
395 2878 658 2954 confirmationes,
685 2876 891 2957 provisiones,
948 2875 1033 2958 6661
1045 2871 1256 2938 ccclesiarum
1265 2871 1410 2952 ministri,
1427 2872 1460 2936 16
1474 2871 1523 2936 his
1533 2893 1604 2956 qua
1614 2874 1656 2940 ad
1665 2874 1747 2959 ipso·

88 2968 303 3047 receptiones,
324 2967 530 3030 admissiones
548 2971 603 3030 661
625 2967 703 3030 61166
721 2971 810 3028 actus
826 2965 896 3042 ubi·
948 2957 1747 3044 66666616616116666666666111661,1666611666·

92 3071 216 3137 666666
226 3075 267 3119 66
275 3075 465 3139 666666666
473 3060 626 3137 tempore,
636 3055 731 3118 etiam
739 3059 893 3136 praetextu
946 3051 1076 3118 tiantur.
1097 3048 1250 3122 Quocirca
1270 3066 1344 3110 cum
1358 3047 1440 3110 hanc
1463 3048 1505 3114 61
1527 3068 1613 3130 rem,
1638 3047 1748 3126 simul·

89 3145 893 3298 tilam”ttltttttttctttttttl
947 3133 1747 3292 116111111ῗὲ1111111111111111

91 3319 199 3398 tenda,
212 3279 286 3382 6161
297 3252 330 3381 tit
342 3251 469 3400 gaifero,
484 3320 550 3382 sive
564 3321 596 3381 in
608 3252 714 3400 {pecie
726 3323 890 3400 prestare,
946 3246 1022 3378 {aas
1049 3330 1118 3376 esse
1137 3270 1368 3392 intelligimus,
1397 3329 1487 3374 novae
1516 3303 1747 3408 constitutionis

92 3408 223 3472 6611666
235 3411 291 3472 661
303 3410 438 3490 exigere,
454 3427 638 3490 nevesnper
650 3409 808 3489 praestitis,
824 3407 894 3470 red·
947 3400 1086 3468 subsidio
1101 3392 1245 3482 cogimur
1263 3397 1441 3480 providere.
1458 3402 1538 3463 cum
1549 3398 1747 3483 1166666116

92 3495 162 3564 ditis
173 3499 225 3560 vel
238 3499 360 3562 exactis
372 3515 512 3580 eousque
527 3498 709 3579 quempiam
726 3498 759 3560 in
773 3495 893 3579 judicio
947 3514 986 3556 ex
999 3487 1135 3574 plurium
1150 3486 1362 3555 ccelesiarunn
1378 3487 1614 3553 cathedralium
1628 3496 1661 3550 61
1678 3485 1745 3556 col·

93 3585 140 3648 661
158 3591 251 3651 extra
271 3585 351 3650 illud
372 3587 548 3668 inquietare
575 3587 731 3649 auderent
753 3602 894 3666 quoquo·
944 3571 1746 3672 legistammconstitutionibus,autexpravaoon-

94 3675 249 3742 modove}
262 3678 403 3740 tsrrbare.
419 3679 465 3740 Ac
477 3676 558 3756 illos,
573 3676 627 3757 qni
639 3676 822 3757 juramenta
834 3675 893 3737 illi·
946 3667 1112 3734 suetudine
1124 3665 1285 3752 observari
1307 3663 1545 3747 intelligeretur,
1564 3670 1600 3728 61
1613 3666 1646 3765 iq
1660 3661 1744 3765 6166·

95 3761 163 3842 oits,
182 3765 404 3846 impossibilia,
426 3765 581 3828 damnosa
596 3765 647 3827 val
666 3765 893 3828 Ecclesiastico
945 3761 1043 3836 tione,
1058 3754 1312 3838 praesumtione,
1329 3753 1554 3842 nominatione,
1575 3751 1745 3818 insulano-

94 3848 227 3916 lrbertati
246 3859 305 3918 aut
324 3855 465 3918 Decretis
486 3853 563 3916 dicti
584 3853 713 3918 concilii
735 3853 894 3916 obviantia
946 3866 997 3925 ne,
1009 3843 1257 3920 confirmatione,
1270 3841 1437 3904 collatione
1451 3840 1502 3904 vel
1515 3839 1577 3906 alis
1590 3840 1746 3925 provisio·

96 3938 218 4019 exigam
238 3943 486 4019 contendissent,
514 3941 686 4022 1661660665
711 3941 840 4022 quidem
862 3945 894 4005 st
946 3951 999 4010 ne,
1013 3931 1080 3996 sive
1102 3929 1291 3993 admissione
1306 3927 1348 3992 ad
1362 3927 1593 4010 possessionem
1610 3927 1744 4010 alicujus

96 4025 386 4114 silosquosounqua
397 4029 570 4094 Pontificali
582 4030 736 4109 dignitate
744 4029 893 4109 praeditos
946 4016 1140 4086 cathedralis
1152 4015 1311 4106 Ecclesiae,
1327 4018 1377 4080 vel
1396 4015 1556 4094 1166611611,
1572 4016 1745 4084 (16666166-

97 4115 249 4182 altivlnis
264 4117 438 4198 suspendit.
454 4117 688 4198 capitularem
709 4121 740 4180 61
754 4121 893 4180 cenven·
945 4114 1034 4174 16666
1049 4115 1105 4172 661
1118 4105 1374 4184 Praebendarum,
1395 4105 1446 4169 vel
1465 4110 1587 4186 partem
1608 4119 1744 4186 proven·

97 4207 145 4266 tos
161 4221 336 4290 eorumque
357 4205 514 4268 ccclesias
533 4211 564 4268 et
584 4206 655 4268 loca
673 4205 778 4268 omnia
797 4202 894 4267 16166
945 4195 1165 4276 1666666661
1181 4193 1418 4260 distributiones
1432 4192 1633 4280 quotidianas
1647 4197 1743 4259 certae

99 4289 176 4356 dicto
201 4295 424 4361 Ecclesiastico
447 4293 623 4375 supposuit,
652 4312 690 4356 ac
716 4293 892 4374 singulares
946 4285 1152 4362 conditiones,
1168 4303 1225 4348 666
1237 4283 1442 4348 deductiones
1457 4302 1496 4345 ax
1509 4279 1676 4363 fructibus,
1693 4300 1745 4346 so-

99 4393 246 4458 66166666
268 4383 603 4446 excommunicationis
624 4382 780 4446 sententia
801 4382 893 4446 inno-
945 4375 1092 4454 lotiones,
1107 4373 1342 4461 promissiones,
1359 4369 1631 4454 compensationes
1645 4358 1744 4472 illini·

100 4465 893 4553 161111616661166666166116161616616616116616-
944 4469 997 4544 16,
1025 4462 1190 4527 autetiam
1214 4481 1284 4544 666
1303 4461 1338 4525 16
1356 4459 1513 4544 aliquibus
1535 4457 1681 4526 coelestus
1699 4457 1745 4523 16·

101 4554 224 4622 linenda
241 4579 282 4626 ee
301 4562 370 4641 ipso
389 4561 513 4642 sibique
536 4563 568 4623 61
588 4563 729 4624 Romano
751 4560 892 4624 Pontifici
946 4557 1060 4616 cuntur
1073 4555 1251 4616 Tur-'norum
1265 4551 1355 4614 luera
1368 4546 1745 4648 interponerentursticnqt

100 4653 154 4722 1116
165 4651 309 4731 tempore
320 4647 467 4714 existenti
480 4645 706 4712 relaxationem
714 4649 894 4730 suspensio-
946 4639 1241 4720 sanctasynodus,
1265 4638 1334 4702 haec
1356 4637 1523 4737 detestata,
1545 4635 1745 4737 1666166661

103 4729 148 4794 uie
177 4742 208 4798 61
238 4737 409 4814 intendisti,
442 4755 565 4800 necnon
594 4736 824 4800 absolutionem
853 4736 893 4799 ab
945 4727 1108 4811 1161666616
1129 4731 1164 4791 61
1186 4742 1383 4810 quaecunque
1407 4723 1589 4826 huJusmodq
1612 4741 1744 4822 666666

104 4826 430 4890 excommunicationis
451 4826 609 4890 sententia
625 4825 806 4908 hujusmodi
825 4843 894 4906 per·
944 4838 1020 4884 6666
1034 4819 1102 4900 6166
1117 4835 1180 4880 non
1195 4818 1465 4899 converterentur,
1477 4815 1572 4896 atque
1580 4819 1743 4914 1666666666

104 4913 388 4986 161666666666611.
403 4915 662 4991 Decernenseos,
679 4913 732 4995 qui
751 4913 828 4976 16116
841 4912 894 4995 ju·
945 4927 999 4972 ecs
1014 4909 1065 4990 qni
1080 4906 1260 4972 simonaciae
1279 4903 1359 4969 labis
1376 4907 1432 4967 aut
1449 4900 1586 4974 66611166
1600 4903 1742 4975 avaritia

105 5004 240 5064 11116616
265 5001 401 5066 scienter
427 5001 654 5081 praestitissent,
676 5019 735 5064 usu
757 5004 789 5064 et
810 5018 895 5064 eom·
945 4995 1156 5080 suspicionem
1170 4995 1335 5071 haberent,
1349 4987 1417 5054 fieri
1437 5010 1500 5054 non
1512 4989 1740 5074 permitterent,

104 5085 193 5148 111616
208 5090 253 5152 rel
271 5105 310 5152 aa
327 5089 438 5170 gratiae
455 5089 547 5170 eujus
566 5105 664 5152 66666
676 5087 837 5170 jurassent
855 5105 892 5152 eo
945 5085 1069 5168 ipsique
1087 5083 1255 5170 diligenter
1277 5082 1318 5144 de
1338 5099 1448 5144 eorum
1462 5066 1743 5174 constitutionibus

107 5165 168 5248 1110
189 5178 327 5255 salvatos
352 5195 439 5258 6666,
464 5177 543 5240 61166
567 5196 643 5240 veno
669 5177 851 5257 1666666166
874 5194 894 5238 6
945 5175 1011 5240 6166
1025 5172 1304 5236 consuetudinibus
1326 5190 1422 5252 super
1435 5167 1594 5250 predictis
1610 5185 1744 5258 cognes-

108 5261 309 5334 1181116666
325 5266 577 5347 juramentorum
591 5263 773 5346 hujusmodi
788 5264 893 5327 obser·
945 5267 1063 5340 cenent,
1080 5267 1111 5326 et
1133 5262 1193 5326 iltis
1219 5265 1341 5326 tantum
1356 5277 1435 5342 6666
1447 5256 1620 5339 probarent
1633 5273 1744 5336 excop-

108 5345 892 5434 616666166616666,6161166666611666616
944 5350 1150 5434 tis,reliquas
1173 5344 1611 5431 616666666166661616666
1634 5340 1743 5424 rejice·

111 5428 146 5494 iit
156 5437 291 5520 Gregorii
304 5441 546 5506 predecessoris
559 5441 685 5521 littaris,
699 5456 834 5522 quarum
848 5443 895 5502 16·
945 5443 1027 5516 6661,
1043 5456 1098 5502 666
1117 5455 1194 5501 6666
1218 5436 1271 5518 661
1295 5436 1447 5498 adversus
1467 5429 1619 5514 praedicta
1632 5429 1742 5512 quavis

111 5533 210 5592 16166
232 5529 439 5614 praesentibus
461 5547 520 5618 666
540 5531 634 5614 61666
651 5533 686 5596 61
703 5527 893 5594 sufficienter
944 5527 1067 5596 satiem
1089 5521 1327 5596 commisissent.
1347 5518 1450 5606 peanis
1463 5524 1574 5592 eontra
1592 5517 1742 5588 simonia-
