<?xml version="1.0" encoding="UTF-8"?>
<!DOCTYPE html PUBLIC "-//W3C//DTD XHTML 1.0 Transitional//EN"
    "http://www.w3.org/TR/xhtml1/DTD/xhtml1-transitional.dtd">
<html xmlns="http://www.w3.org/1999/xhtml" xml:lang="en" lang="en">
 <head>
  <title>
</title>
<meta http-equiv="Content-Type" content="text/html;charset=utf-8" />
  <meta name='ocr-system' content='tesseract 3.04.00' />
  <meta name='ocr-capabilities' content='ocr_page ocr_carea ocr_par ocr_line ocrx_word'/>
</head>
<body>
  <div class='ocr_page' id='page_1' title='image "./theologiamorali01busegoog/theologiamorali01busegoog_0298.png"; bbox 0 0 3994 6344; ppageno 0'>
   <div class='ocr_carea' id='block_1_1' title="bbox 326 535 1429 643">
    <p class='ocr_par' dir='ltr' id='par_1_1' title="bbox 326 535 1429 643">
     <span class='ocr_line' id='line_1_1' title="bbox 326 535 1429 643; baseline -0.002 -15"><span class='ocrx_word' id='word_1_1' title='bbox 326 549 387 630; x_wconf 74' lang='lat' dir='ltr'>loo</span> <span class='ocrx_word' id='word_1_2' title='bbox 912 565 1029 630; x_wconf 76' lang='lat' dir='ltr'>arcun</span> <span class='ocrx_word' id='word_1_3' title='bbox 1055 535 1251 643; x_wconf 75' lang='lat' dir='ltr'>rnnrrus&#39;</span> <span class='ocrx_word' id='word_1_4' title='bbox 1266 564 1369 629; x_wconf 77' lang='lat' dir='ltr'>rans</span> <span class='ocrx_word' id='word_1_5' title='bbox 1391 565 1429 628; x_wconf 93' lang='lat'>11.</span> 
     </span>
    </p>
   </div>
   <div class='ocr_carea' id='block_1_2' title="bbox 257 745 1989 5346">
    <p class='ocr_par' dir='ltr' id='par_1_2' title="bbox 257 745 1989 5346">
     <span class='ocr_line' id='line_1_2' title="bbox 325 745 1949 831; baseline 0.001 -19"><span class='ocrx_word' id='word_1_6' title='bbox 325 750 454 830; x_wconf 85' lang='lat' dir='ltr'>sumpta</span> <span class='ocrx_word' id='word_1_7' title='bbox 472 763 530 830; x_wconf 92' lang='lat' dir='ltr'>pro</span> <span class='ocrx_word' id='word_1_8' title='bbox 553 748 642 812; x_wconf 87' lang='lat' dir='ltr'>luero</span> <span class='ocrx_word' id='word_1_9' title='bbox 665 751 749 814; x_wconf 89' lang='lat' dir='ltr'>recte</span> <span class='ocrx_word' id='word_1_10' title='bbox 773 749 922 814; x_wconf 85' lang='lat' dir='ltr'>definitur</span> <span class='ocrx_word' id='word_1_11' title='bbox 940 753 1122 816; x_wconf 89' lang='lat' dir='ltr'>eanemb.</span> <span class='ocrx_word' id='word_1_12' title='bbox 1182 761 1221 814; x_wconf 82' lang='lat' dir='ltr'>tr.</span> <span class='ocrx_word' id='word_1_13' title='bbox 1238 755 1269 830; x_wconf 82' lang='lat'>5,</span> <span class='ocrx_word' id='word_1_14' title='bbox 1286 771 1339 816; x_wconf 82' lang='lat' dir='ltr'>res.</span> <span class='ocrx_word' id='word_1_15' title='bbox 1351 753 1401 827; x_wconf 88' lang='grc'>30,</span> <span class='ocrx_word' id='word_1_16' title='bbox 1420 747 1494 831; x_wconf 86' lang='lat' dir='ltr'>quia</span> <span class='ocrx_word' id='word_1_17' title='bbox 1514 745 1668 828; x_wconf 88' lang='lat' dir='ltr'>quidquid</span> <span class='ocrx_word' id='word_1_18' title='bbox 1690 746 1785 810; x_wconf 82' lang='lat' dir='ltr'>etiam</span> <span class='ocrx_word' id='word_1_19' title='bbox 1807 747 1949 813; x_wconf 64' lang='lat' dir='ltr'>minum</span> 
     </span>
     <span class='ocr_line' id='line_1_3' title="bbox 326 837 1989 922; baseline 0.002 -23"><span class='ocrx_word' id='word_1_20' title='bbox 326 837 383 899; x_wconf 91' lang='lat' dir='ltr'>sed</span> <span class='ocrx_word' id='word_1_21' title='bbox 396 842 522 917; x_wconf 87' lang='lat' dir='ltr'>sumpta</span> <span class='ocrx_word' id='word_1_22' title='bbox 535 856 592 919; x_wconf 93' lang='lat' dir='ltr'>pro</span> <span class='ocrx_word' id='word_1_23' title='bbox 607 841 769 902; x_wconf 87' lang='lat' dir='ltr'>contractu</span> <span class='ocrx_word' id='word_1_24' title='bbox 805 840 953 903; x_wconf 80' lang='lat' dir='ltr'>delinitur</span> <span class='ocrx_word' id='word_1_25' title='bbox 978 843 1125 904; x_wconf 81' lang='lat' dir='ltr'>Contrae</span> <span class='ocrx_word' id='word_1_26' title='bbox 1179 855 1267 902; x_wconf 91' lang='lat' dir='ltr'>mum</span> <span class='ocrx_word' id='word_1_27' title='bbox 1281 839 1434 920; x_wconf 88' lang='lat' dir='ltr'>accipitur</span> <span class='ocrx_word' id='word_1_28' title='bbox 1448 855 1544 917; x_wconf 91' lang='lat' dir='ltr'>snpra</span> <span class='ocrx_word' id='word_1_29' title='bbox 1558 841 1675 899; x_wconf 89' lang='lat' dir='ltr'>sortem</span> <span class='ocrx_word' id='word_1_30' title='bbox 1696 839 1744 898; x_wconf 87' lang='lat' dir='ltr'>est</span> <span class='ocrx_word' id='word_1_31' title='bbox 1766 857 1859 899; x_wconf 84' lang='lat' dir='ltr'>usura</span> <span class='ocrx_word' id='word_1_32' title='bbox 1880 859 1886 900; x_wconf 94' lang='lat'><strong>:</strong></span> <span class='ocrx_word' id='word_1_33' title='bbox 1908 839 1950 902; x_wconf 86' lang='lat' dir='ltr'>sed</span> <span class='ocrx_word' id='word_1_34' title='bbox 1987 869 1989 922; x_wconf 73' lang='lat' dir='ltr'>l</span> 
     </span>
     <span class='ocr_line' id='line_1_4' title="bbox 325 925 1951 1010; baseline 0.001 -22"><span class='ocrx_word' id='word_1_35' title='bbox 325 925 627 1008; x_wconf 88' lang='lat' dir='ltr'>tusmutui,inquo</span> <span class='ocrx_word' id='word_1_36' title='bbox 651 927 818 991; x_wconf 84' lang='lat' dir='ltr'>exstricta</span> <span class='ocrx_word' id='word_1_37' title='bbox 842 929 1033 1010; x_wconf 81' lang='lat' dir='ltr'>obligatione</span> <span class='ocrx_word' id='word_1_38' title='bbox 1055 930 1125 991; x_wconf 88' lang='lat' dir='ltr'>red·</span> <span class='ocrx_word' id='word_1_39' title='bbox 1178 929 1259 992; x_wconf 90' lang='lat' dir='ltr'>ratio</span> <span class='ocrx_word' id='word_1_40' title='bbox 1275 929 1329 991; x_wconf 88' lang='lat' dir='ltr'>illa</span> <span class='ocrx_word' id='word_1_41' title='bbox 1343 927 1429 989; x_wconf 87' lang='lat' dir='ltr'>nulla</span> <span class='ocrx_word' id='word_1_42' title='bbox 1444 932 1506 1002; x_wconf 90' lang='lat' dir='ltr'>est;</span> <span class='ocrx_word' id='word_1_43' title='bbox 1524 925 1614 989; x_wconf 83' lang='lat' dir='ltr'>siculi</span> <span class='ocrx_word' id='word_1_44' title='bbox 1630 926 1715 987; x_wconf 89' lang='lat' dir='ltr'>enim</span> <span class='ocrx_word' id='word_1_45' title='bbox 1729 926 1876 1007; x_wconf 90' lang='lat' dir='ltr'>quidquid</span> <span class='ocrx_word' id='word_1_46' title='bbox 1889 929 1951 990; x_wconf 80' lang='lat' dir='ltr'>soci</span> 
     </span>
     <span class='ocr_line' id='line_1_5' title="bbox 326 1013 1950 1099; baseline 0.002 -24"><span class='ocrx_word' id='word_1_47' title='bbox 326 1013 411 1078; x_wconf 87' lang='lat' dir='ltr'>ditur</span> <span class='ocrx_word' id='word_1_48' title='bbox 433 1013 551 1094; x_wconf 89' lang='lat' dir='ltr'>aliquid</span> <span class='ocrx_word' id='word_1_49' title='bbox 574 1016 747 1095; x_wconf 81' lang='lat' dir='ltr'>temporale</span> <span class='ocrx_word' id='word_1_50' title='bbox 765 1021 797 1079; x_wconf 90' lang='lat' dir='ltr'>et</span> <span class='ocrx_word' id='word_1_51' title='bbox 818 1017 919 1097; x_wconf 93' lang='lat' dir='ltr'>pretio</span> <span class='ocrx_word' id='word_1_52' title='bbox 942 1019 1124 1080; x_wconf 75' lang='lat' dir='ltr'>aestimabile</span> <span class='ocrx_word' id='word_1_53' title='bbox 1181 1018 1268 1099; x_wconf 92' lang='lat' dir='ltr'>pitnr</span> <span class='ocrx_word' id='word_1_54' title='bbox 1282 1016 1379 1080; x_wconf 83' lang='lat' dir='ltr'>inrito</span> <span class='ocrx_word' id='word_1_55' title='bbox 1396 1017 1523 1079; x_wconf 91' lang='lat' dir='ltr'>domino</span> <span class='ocrx_word' id='word_1_56' title='bbox 1539 1016 1729 1092; x_wconf 82' lang='lat' dir='ltr'>estfurtum,</span> <span class='ocrx_word' id='word_1_57' title='bbox 1746 1016 1802 1077; x_wconf 93' lang='lat' dir='ltr'>sed</span> <span class='ocrx_word' id='word_1_58' title='bbox 1820 1035 1877 1077; x_wconf 94' lang='lat' dir='ltr'>non</span> <span class='ocrx_word' id='word_1_59' title='bbox 1898 1017 1950 1080; x_wconf 83' lang='lat' dir='ltr'>idea</span> 
     </span>
     <span class='ocr_line' id='line_1_6' title="bbox 325 1102 1989 1188; baseline 0.004 -24"><span class='ocrx_word' id='word_1_60' title='bbox 325 1102 409 1164; x_wconf 90' lang='lat' dir='ltr'>ultra</span> <span class='ocrx_word' id='word_1_61' title='bbox 422 1107 556 1180; x_wconf 90' lang='lat' dir='ltr'>sortem,</span> <span class='ocrx_word' id='word_1_62' title='bbox 581 1104 712 1183; x_wconf 81' lang='lat' dir='ltr'>precise</span> <span class='ocrx_word' id='word_1_63' title='bbox 735 1105 856 1168; x_wconf 88' lang='lat' dir='ltr'>ratione</span> <span class='ocrx_word' id='word_1_64' title='bbox 879 1107 1125 1169; x_wconf 53' lang='grc' dir='ltr'>1116ῑυί11011-</span> <span class='ocrx_word' id='word_1_65' title='bbox 1180 1125 1291 1188; x_wconf 78' lang='lat' dir='ltr'>grave,</span> <span class='ocrx_word' id='word_1_66' title='bbox 1314 1107 1359 1169; x_wconf 88' lang='lat' dir='ltr'>ita</span> <span class='ocrx_word' id='word_1_67' title='bbox 1380 1105 1454 1170; x_wconf 90' lang='lat' dir='ltr'>licet</span> <span class='ocrx_word' id='word_1_68' title='bbox 1479 1123 1583 1184; x_wconf 90' lang='lat' dir='ltr'>omne,</span> <span class='ocrx_word' id='word_1_69' title='bbox 1609 1104 1695 1186; x_wconf 93' lang='lat' dir='ltr'>quod</span> <span class='ocrx_word' id='word_1_70' title='bbox 1719 1103 1867 1184; x_wconf 81' lang='lat' dir='ltr'>accipitur</span> <span class='ocrx_word' id='word_1_71' title='bbox 1878 1123 1952 1185; x_wconf 84' lang='lat' dir='ltr'>supra</span> <span class='ocrx_word' id='word_1_72' title='bbox 1987 1155 1989 1170; x_wconf 77' lang='grc'>.</span> 
     </span>
     <span class='ocr_line' id='line_1_7' title="bbox 322 1181 1989 1290; baseline 0.001 -36"><span class='ocrx_word' id='word_1_73' title='bbox 322 1189 392 1254; x_wconf 92' lang='lat' dir='ltr'>beri</span> <span class='ocrx_word' id='word_1_74' title='bbox 407 1195 512 1254; x_wconf 86' lang='lat' dir='ltr'>autem</span> <span class='ocrx_word' id='word_1_75' title='bbox 526 1191 612 1254; x_wconf 91' lang='lat' dir='ltr'>illam</span> <span class='ocrx_word' id='word_1_76' title='bbox 621 1192 693 1275; x_wconf 86' lang='lat' dir='ltr'>jure</span> <span class='ocrx_word' id='word_1_77' title='bbox 708 1191 847 1256; x_wconf 89' lang='lat' dir='ltr'>humano</span> <span class='ocrx_word' id='word_1_78' title='bbox 862 1197 894 1257; x_wconf 88' lang='lat' dir='ltr'>et</span> <span class='ocrx_word' id='word_1_79' title='bbox 907 1194 1013 1257; x_wconf 87' lang='lat' dir='ltr'>divino</span> <span class='ocrx_word' id='word_1_80' title='bbox 1025 1199 1057 1258; x_wconf 95' lang='lat' dir='ltr'>et</span> <span class='ocrx_word' id='word_1_81' title='bbox 1067 1213 1126 1257; x_wconf 89' lang='lat' dir='ltr'>na·</span> <span class='ocrx_word' id='word_1_82' title='bbox 1183 1197 1314 1274; x_wconf 82' lang='lat' dir='ltr'>sortem,</span> <span class='ocrx_word' id='word_1_83' title='bbox 1332 1198 1415 1258; x_wconf 88' lang='lat' dir='ltr'>esset</span> <span class='ocrx_word' id='word_1_84' title='bbox 1428 1212 1536 1271; x_wconf 86' lang='lat' dir='ltr'>usura,</span> <span class='ocrx_word' id='word_1_85' title='bbox 1565 1211 1628 1256; x_wconf 91' lang='lat' dir='ltr'>non</span> <span class='ocrx_word' id='word_1_86' title='bbox 1651 1191 1722 1254; x_wconf 90' lang='lat' dir='ltr'>ideo</span> <span class='ocrx_word' id='word_1_87' title='bbox 1738 1197 1821 1256; x_wconf 88' lang='lat' dir='ltr'>essct</span> <span class='ocrx_word' id='word_1_88' title='bbox 1838 1194 1928 1273; x_wconf 77' lang='lat' dir='ltr'>gravis</span> <span class='ocrx_word' id='word_1_89' title='bbox 1944 1213 1951 1256; x_wconf 75' lang='grc' dir='ltr'><strong>ι</strong></span> <span class='ocrx_word' id='word_1_90' title='bbox 1987 1181 1989 1290; x_wconf 61' lang='grc' dir='ltr'><strong>ᾗ</strong></span> 
     </span>
     <span class='ocr_line' id='line_1_8' title="bbox 325 1278 1952 1367; baseline 0 -25"><span class='ocrx_word' id='word_1_91' title='bbox 325 1278 418 1342; x_wconf 89' lang='lat' dir='ltr'>turali</span> <span class='ocrx_word' id='word_1_92' title='bbox 441 1281 554 1359; x_wconf 91' lang='lat' dir='ltr'>probat</span> <span class='ocrx_word' id='word_1_93' title='bbox 577 1281 668 1362; x_wconf 89' lang='lat' dir='ltr'>Spor.</span> <span class='ocrx_word' id='word_1_94' title='bbox 688 1290 707 1344; x_wconf 92' lang='lat' dir='ltr'>t.</span> <span class='ocrx_word' id='word_1_95' title='bbox 728 1286 758 1358; x_wconf 89' lang='grc'>6,</span> <span class='ocrx_word' id='word_1_96' title='bbox 784 1303 808 1346; x_wconf 89' lang='lat' dir='ltr'>c.</span> <span class='ocrx_word' id='word_1_97' title='bbox 828 1287 859 1360; x_wconf 85' lang='grc'>1,</span> <span class='ocrx_word' id='word_1_98' title='bbox 876 1284 1041 1346; x_wconf 64' lang='grc' dir='ltr'>111110.ί</span> <span class='ocrx_word' id='word_1_99' title='bbox 1059 1287 1124 1345; x_wconf 92' lang='lat' dir='ltr'>Nec</span> <span class='ocrx_word' id='word_1_100' title='bbox 1178 1283 1284 1367; x_wconf 86' lang='lat' dir='ltr'>itaque</span> <span class='ocrx_word' id='word_1_101' title='bbox 1299 1283 1469 1346; x_wconf 88' lang='lat' dir='ltr'>dicendum</span> <span class='ocrx_word' id='word_1_102' title='bbox 1484 1283 1646 1363; x_wconf 78' lang='lat' dir='ltr'>cumLug.</span> <span class='ocrx_word' id='word_1_103' title='bbox 1663 1279 1754 1359; x_wconf 69' lang='grc'>(116,</span> <span class='ocrx_word' id='word_1_104' title='bbox 1771 1281 1952 1359; x_wconf 59' lang='lat' dir='ltr'>ejuratus</span> 
     </span>
     <span class='ocr_line' id='line_1_9' title="bbox 324 1368 1953 1455; baseline -0.001 -24"><span class='ocrx_word' id='word_1_105' title='bbox 324 1384 417 1448; x_wconf 84' lang='lat' dir='ltr'>posse</span> <span class='ocrx_word' id='word_1_106' title='bbox 440 1368 570 1432; x_wconf 90' lang='lat' dir='ltr'>concedi</span> <span class='ocrx_word' id='word_1_107' title='bbox 589 1369 662 1451; x_wconf 89' lang='lat' dir='ltr'>jure</span> <span class='ocrx_word' id='word_1_108' title='bbox 685 1370 780 1448; x_wconf 82' lang='lat' dir='ltr'>civili,</span> <span class='ocrx_word' id='word_1_109' title='bbox 797 1372 859 1433; x_wconf 87' lang='lat' dir='ltr'>late</span> <span class='ocrx_word' id='word_1_110' title='bbox 875 1371 1012 1434; x_wconf 86' lang='lat' dir='ltr'>ostendit</span> <span class='ocrx_word' id='word_1_111' title='bbox 1026 1373 1120 1450; x_wconf 86' lang='lat' dir='ltr'>Gasp.</span> <span class='ocrx_word' id='word_1_112' title='bbox 1178 1389 1239 1455; x_wconf 87' lang='lat' dir='ltr'>que</span> <span class='ocrx_word' id='word_1_113' title='bbox 1253 1371 1383 1452; x_wconf 85' lang='lat' dir='ltr'>passim,</span> <span class='ocrx_word' id='word_1_114' title='bbox 1401 1371 1470 1434; x_wconf 87' lang='lat' dir='ltr'>dari</span> <span class='ocrx_word' id='word_1_115' title='bbox 1485 1372 1517 1433; x_wconf 91' lang='lat' dir='ltr'>in</span> <span class='ocrx_word' id='word_1_116' title='bbox 1533 1387 1571 1432; x_wconf 89' lang='lat' dir='ltr'>ca</span> <span class='ocrx_word' id='word_1_117' title='bbox 1585 1369 1775 1449; x_wconf 77' lang='lat' dir='ltr'>parvitatem</span> <span class='ocrx_word' id='word_1_118' title='bbox 1789 1368 1953 1447; x_wconf 67' lang='lat' dir='ltr'>materiari</span> 
     </span>
     <span class='ocr_line' id='line_1_10' title="bbox 325 1455 1953 1543; baseline -0.001 -23"><span class='ocrx_word' id='word_1_119' title='bbox 325 1455 452 1539; x_wconf 85' lang='lat' dir='ltr'>Rodriq.</span> <span class='ocrx_word' id='word_1_120' title='bbox 465 1456 500 1519; x_wconf 91' lang='lat' dir='ltr'>dc</span> <span class='ocrx_word' id='word_1_121' title='bbox 513 1477 582 1522; x_wconf 85' lang='lat' dir='ltr'>ana.</span> <span class='ocrx_word' id='word_1_122' title='bbox 597 1457 680 1520; x_wconf 84' lang='lat' dir='ltr'>redd.</span> <span class='ocrx_word' id='word_1_123' title='bbox 697 1458 718 1522; x_wconf 86' lang='lat' dir='ltr'>l.</span> <span class='ocrx_word' id='word_1_124' title='bbox 735 1461 765 1536; x_wconf 87' lang='lat'>3,</span> <span class='ocrx_word' id='word_1_125' title='bbox 782 1480 813 1542; x_wconf 86' lang='lat' dir='ltr'>q.</span> <span class='ocrx_word' id='word_1_126' title='bbox 829 1464 860 1538; x_wconf 81' lang='grc'>1,</span> <span class='ocrx_word' id='word_1_127' title='bbox 877 1478 940 1522; x_wconf 82' lang='lat' dir='ltr'>aa.</span> <span class='ocrx_word' id='word_1_128' title='bbox 956 1463 1006 1522; x_wconf 89' lang='grc'>71.</span> <span class='ocrx_word' id='word_1_129' title='bbox 1177 1479 1291 1543; x_wconf 86' lang='lat' dir='ltr'>nempe</span> <span class='ocrx_word' id='word_1_130' title='bbox 1317 1461 1357 1522; x_wconf 91' lang='lat' dir='ltr'>sit</span> <span class='ocrx_word' id='word_1_131' title='bbox 1383 1459 1499 1542; x_wconf 86' lang='lat' dir='ltr'>injuria</span> <span class='ocrx_word' id='word_1_132' title='bbox 1525 1457 1615 1536; x_wconf 86' lang='lat' dir='ltr'>levis,</span> <span class='ocrx_word' id='word_1_133' title='bbox 1640 1475 1696 1520; x_wconf 89' lang='lat' dir='ltr'>seu</span> <span class='ocrx_word' id='word_1_134' title='bbox 1719 1457 1834 1520; x_wconf 85' lang='lat' dir='ltr'>leviter</span> <span class='ocrx_word' id='word_1_135' title='bbox 1856 1462 1953 1520; x_wconf 69' lang='lat' dir='ltr'>mnan</span> 
     </span>
     <span class='ocr_line' id='line_1_11' title="bbox 257 1545 1342 1630; baseline -0.003 -16"><span class='ocrx_word' id='word_1_136' title='bbox 257 1566 298 1614; x_wconf 77' lang='lat' dir='ltr'>etr</span> <span class='ocrx_word' id='word_1_137' title='bbox 363 1545 425 1626; x_wconf 71' lang='grc'>51.</span> <span class='ocrx_word' id='word_1_138' title='bbox 444 1547 474 1609; x_wconf 93' lang='lat' dir='ltr'>S.</span> <span class='ocrx_word' id='word_1_139' title='bbox 486 1545 598 1610; x_wconf 78' lang='lat' dir='ltr'>Thom.</span> <span class='ocrx_word' id='word_1_140' title='bbox 615 1566 710 1630; x_wconf 78' lang='lat' dir='ltr'>opusc.</span> <span class='ocrx_word' id='word_1_141' title='bbox 730 1550 769 1609; x_wconf 92' lang='grc'>73</span> <span class='ocrx_word' id='word_1_142' title='bbox 793 1567 819 1610; x_wconf 95' lang='lat' dir='ltr'>c.</span> <span class='ocrx_word' id='word_1_143' title='bbox 836 1552 872 1626; x_wconf 89' lang='grc'>7,</span> <span class='ocrx_word' id='word_1_144' title='bbox 889 1548 953 1610; x_wconf 89' lang='lat' dir='ltr'>uit:</span> <span class='ocrx_word' id='word_1_145' title='bbox 973 1548 1070 1612; x_wconf 77' lang='lat' dir='ltr'>Urere</span> <span class='ocrx_word' id='word_1_146' title='bbox 1090 1551 1123 1610; x_wconf 83' lang='lat' dir='ltr'>ia</span> <span class='ocrx_word' id='word_1_147' title='bbox 1178 1549 1342 1612; x_wconf 84' lang='lat' dir='ltr'>damnosa.</span> 
     </span>
     <span class='ocr_line' id='line_1_12' title="bbox 323 1633 1955 1720; baseline 0.001 -26"><span class='ocrx_word' id='word_1_148' title='bbox 323 1633 546 1696; x_wconf 62' lang='lat' dir='ltr'>mombritium</span> <span class='ocrx_word' id='word_1_149' title='bbox 563 1641 616 1706; x_wconf 84' lang='lat' dir='ltr'>est,</span> <span class='ocrx_word' id='word_1_150' title='bbox 632 1635 704 1718; x_wconf 82' lang='lat' dir='ltr'>quio</span> <span class='ocrx_word' id='word_1_151' title='bbox 717 1635 880 1717; x_wconf 75' lang='lat' dir='ltr'>corrumpit</span> <span class='ocrx_word' id='word_1_152' title='bbox 899 1633 1121 1707; x_wconf 64' lang='lat' dir='ltr'>liberalitem,</span> <span class='ocrx_word' id='word_1_153' title='bbox 1202 1633 1864 1720; x_wconf 74' lang='lat' dir='ltr'>Queat.136.-Aoeliquondositobliqatio</span> <span class='ocrx_word' id='word_1_154' title='bbox 1880 1633 1955 1716; x_wconf 79' lang='lat' dir='ltr'>qrutri</span> 
     </span>
     <span class='ocr_line' id='line_1_13' title="bbox 322 1721 1954 1808; baseline -0.001 -23"><span class='ocrx_word' id='word_1_155' title='bbox 322 1722 407 1804; x_wconf 82' lang='lat' dir='ltr'>&#39;cujus</span> <span class='ocrx_word' id='word_1_156' title='bbox 417 1729 458 1785; x_wconf 86' lang='lat' dir='ltr'>est</span> <span class='ocrx_word' id='word_1_157' title='bbox 469 1729 606 1786; x_wconf 80' lang='lat' dir='ltr'>mutuum</span> <span class='ocrx_word' id='word_1_158' title='bbox 619 1722 691 1785; x_wconf 86' lang='lat' dir='ltr'>dare</span> <span class='ocrx_word' id='word_1_159' title='bbox 703 1723 837 1805; x_wconf 74' lang='lat' dir='ltr'>protis...</span> <span class='ocrx_word' id='word_1_160' title='bbox 857 1722 1027 1808; x_wconf 80' lang='lat' dir='ltr'>Corrumpit</span> <span class='ocrx_word' id='word_1_161' title='bbox 1036 1724 1123 1785; x_wconf 83' lang='lat' dir='ltr'>etium</span> <span class='ocrx_word' id='word_1_162' title='bbox 1177 1725 1474 1790; x_wconf 78' lang='lat' dir='ltr'>dandr&#39;mutuum‘lli.</span> <span class='ocrx_word' id='word_1_163' title='bbox 1486 1726 1692 1803; x_wconf 75' lang='lat' dir='ltr'>affirmative,</span> <span class='ocrx_word' id='word_1_164' title='bbox 1704 1729 1736 1788; x_wconf 91' lang='lat' dir='ltr'>et</span> <span class='ocrx_word' id='word_1_165' title='bbox 1746 1723 1873 1805; x_wconf 91' lang='lat' dir='ltr'>quidem</span> <span class='ocrx_word' id='word_1_166' title='bbox 1881 1721 1954 1784; x_wconf 83' lang='lat' dir='ltr'>etian</span> 
     </span>
     <span class='ocr_line' id='line_1_14' title="bbox 323 1808 1955 1897; baseline 0 -25"><span class='ocrx_word' id='word_1_167' title='bbox 323 1809 452 1874; x_wconf 83' lang='lat' dir='ltr'>debitum</span> <span class='ocrx_word' id='word_1_168' title='bbox 465 1808 565 1892; x_wconf 81' lang='lat' dir='ltr'>ficem,</span> <span class='ocrx_word' id='word_1_169' title='bbox 580 1810 871 1894; x_wconf 76' lang='lat' dir='ltr'>quiaccecpiturspe</span> <span class='ocrx_word' id='word_1_170' title='bbox 884 1811 971 1874; x_wconf 82' lang='lat' dir='ltr'>lucri.</span> <span class='ocrx_word' id='word_1_171' title='bbox 1003 1812 1124 1892; x_wconf 92' lang='lat' dir='ltr'>Iniqui·</span> <span class='ocrx_word' id='word_1_172' title='bbox 1179 1834 1251 1878; x_wconf 90' lang='lat' dir='ltr'>cnm</span> <span class='ocrx_word' id='word_1_173' title='bbox 1279 1814 1419 1897; x_wconf 87' lang='lat' dir='ltr'>periculo</span> <span class='ocrx_word' id='word_1_174' title='bbox 1442 1810 1545 1892; x_wconf 89' lang='lat' dir='ltr'>sortis,</span> <span class='ocrx_word' id='word_1_175' title='bbox 1564 1831 1637 1875; x_wconf 86' lang='lat' dir='ltr'>nam</span> <span class='ocrx_word' id='word_1_176' title='bbox 1658 1812 1776 1874; x_wconf 85' lang='lat' dir='ltr'>caritas</span> <span class='ocrx_word' id='word_1_177' title='bbox 1802 1810 1955 1891; x_wconf 78' lang='lat' dir='ltr'>saepeobli</span> 
     </span>
     <span class='ocr_line' id='line_1_15' title="bbox 324 1898 1955 1985; baseline -0.001 -21"><span class='ocrx_word' id='word_1_178' title='bbox 324 1901 374 1964; x_wconf 83' lang='lat' dir='ltr'>tas</span> <span class='ocrx_word' id='word_1_179' title='bbox 388 1902 506 1979; x_wconf 86' lang='lat' dir='ltr'>eutem,</span> <span class='ocrx_word' id='word_1_180' title='bbox 522 1898 590 1962; x_wconf 84' lang='lat' dir='ltr'>sive</span> <span class='ocrx_word' id='word_1_181' title='bbox 604 1899 758 1982; x_wconf 86' lang='lat' dir='ltr'>injustitia</span> <span class='ocrx_word' id='word_1_182' title='bbox 771 1899 854 1961; x_wconf 91' lang='lat' dir='ltr'>illius</span> <span class='ocrx_word' id='word_1_183' title='bbox 868 1899 900 1962; x_wconf 90' lang='lat' dir='ltr'>in</span> <span class='ocrx_word' id='word_1_184' title='bbox 915 1917 952 1963; x_wconf 91' lang='lat' dir='ltr'>eo</span> <span class='ocrx_word' id='word_1_185' title='bbox 969 1900 1121 1977; x_wconf 85' lang='lat' dir='ltr'>consistit,</span> <span class='ocrx_word' id='word_1_186' title='bbox 1177 1909 1231 1985; x_wconf 83' lang='lat' dir='ltr'>get</span> <span class='ocrx_word' id='word_1_187' title='bbox 1246 1904 1287 1968; x_wconf 86' lang='lat' dir='ltr'>ad</span> <span class='ocrx_word' id='word_1_188' title='bbox 1301 1903 1547 1984; x_wconf 85' lang='lat' dir='ltr'>eleemosynam,</span> <span class='ocrx_word' id='word_1_189' title='bbox 1564 1920 1628 1982; x_wconf 85' lang='lat' dir='ltr'>que</span> <span class='ocrx_word' id='word_1_190' title='bbox 1640 1919 1691 1963; x_wconf 86' lang='lat' dir='ltr'>res</span> <span class='ocrx_word' id='word_1_191' title='bbox 1704 1900 1836 1982; x_wconf 89' lang='lat' dir='ltr'>propria</span> <span class='ocrx_word' id='word_1_192' title='bbox 1845 1899 1955 1962; x_wconf 78' lang='lat' dir='ltr'>donau</span> 
     </span>
     <span class='ocr_line' id='line_1_16' title="bbox 325 1985 1955 2071; baseline -0.002 -21"><span class='ocrx_word' id='word_1_193' title='bbox 325 1988 411 2071; x_wconf 90' lang='lat' dir='ltr'>quod</span> <span class='ocrx_word' id='word_1_194' title='bbox 432 1991 582 2051; x_wconf 84' lang='lat' dir='ltr'>mutuans</span> <span class='ocrx_word' id='word_1_195' title='bbox 609 1988 714 2069; x_wconf 85' lang='lat' dir='ltr'>capiat</span> <span class='ocrx_word' id='word_1_196' title='bbox 734 1988 858 2050; x_wconf 91' lang='lat' dir='ltr'>lucrum</span> <span class='ocrx_word' id='word_1_197' title='bbox 881 2006 920 2052; x_wconf 85' lang='lat' dir='ltr'>ex</span> <span class='ocrx_word' id='word_1_198' title='bbox 944 2009 978 2052; x_wconf 91' lang='lat' dir='ltr'>re</span> <span class='ocrx_word' id='word_1_199' title='bbox 1006 1990 1120 2068; x_wconf 86' lang='lat' dir='ltr'>aliena,</span> <span class='ocrx_word' id='word_1_200' title='bbox 1178 1991 1247 2054; x_wconf 90' lang='lat' dir='ltr'>sine</span> <span class='ocrx_word' id='word_1_201' title='bbox 1262 2009 1318 2070; x_wconf 92' lang='lat' dir='ltr'>spe</span> <span class='ocrx_word' id='word_1_202' title='bbox 1342 1989 1515 2071; x_wconf 88' lang='lat' dir='ltr'>quidquam</span> <span class='ocrx_word' id='word_1_203' title='bbox 1541 1987 1763 2069; x_wconf 88' lang='lat' dir='ltr'>recuperandi,</span> <span class='ocrx_word' id='word_1_204' title='bbox 1792 1987 1838 2048; x_wconf 87' lang='lat' dir='ltr'>uti</span> <span class='ocrx_word' id='word_1_205' title='bbox 1862 1985 1955 2048; x_wconf 88' lang='lat' dir='ltr'>diotun</span> 
     </span>
     <span class='ocr_line' id='line_1_17' title="bbox 325 2075 1955 2159; baseline -0.002 -19"><span class='ocrx_word' id='word_1_206' title='bbox 325 2096 401 2141; x_wconf 86' lang='lat' dir='ltr'>nam</span> <span class='ocrx_word' id='word_1_207' title='bbox 424 2079 570 2140; x_wconf 91' lang='lat' dir='ltr'>mutuum</span> <span class='ocrx_word' id='word_1_208' title='bbox 593 2083 640 2140; x_wconf 90' lang='lat' dir='ltr'>est</span> <span class='ocrx_word' id='word_1_209' title='bbox 662 2096 712 2140; x_wconf 90' lang='lat' dir='ltr'>res</span> <span class='ocrx_word' id='word_1_210' title='bbox 733 2079 913 2141; x_wconf 88' lang='lat' dir='ltr'>mutuatarii</span> <span class='ocrx_word' id='word_1_211' title='bbox 934 2081 965 2140; x_wconf 86' lang='lat' dir='ltr'>et</span> <span class='ocrx_word' id='word_1_212' title='bbox 979 2096 1041 2141; x_wconf 89' lang='lat' dir='ltr'>non</span> <span class='ocrx_word' id='word_1_213' title='bbox 1056 2097 1124 2140; x_wconf 92' lang='lat' dir='ltr'>mu·</span> <span class='ocrx_word' id='word_1_214' title='bbox 1179 2085 1226 2143; x_wconf 91' lang='lat' dir='ltr'>est</span> <span class='ocrx_word' id='word_1_215' title='bbox 1240 2079 1263 2142; x_wconf 86' lang='lat' dir='ltr'>l.</span> <span class='ocrx_word' id='word_1_216' title='bbox 1280 2083 1311 2159; x_wconf 77' lang='grc'>1,</span> <span class='ocrx_word' id='word_1_217' title='bbox 1327 2099 1358 2142; x_wconf 84' lang='lat' dir='ltr'>a.</span> <span class='ocrx_word' id='word_1_218' title='bbox 1368 2081 1429 2142; x_wconf 76' lang='grc'>100</span> <span class='ocrx_word' id='word_1_219' title='bbox 1442 2085 1470 2140; x_wconf 87' lang='lat' dir='ltr'>et</span> <span class='ocrx_word' id='word_1_220' title='bbox 1484 2081 1541 2141; x_wconf 76' lang='grc'>107</span> <span class='ocrx_word' id='word_1_221' title='bbox 1545 2124 1554 2155; x_wconf 96' lang='grc'>,</span> <span class='ocrx_word' id='word_1_222' title='bbox 1571 2094 1647 2158; x_wconf 81' lang='lat' dir='ltr'>ergo</span> <span class='ocrx_word' id='word_1_223' title='bbox 1662 2076 1766 2156; x_wconf 83' lang='lat' dir='ltr'>magis</span> <span class='ocrx_word' id='word_1_224' title='bbox 1782 2075 1823 2138; x_wconf 83' lang='lat' dir='ltr'>ad</span> <span class='ocrx_word' id='word_1_225' title='bbox 1837 2078 1955 2137; x_wconf 78' lang='lat' dir='ltr'>muman</span> 
     </span>
     <span class='ocr_line' id='line_1_18' title="bbox 324 2163 1956 2248; baseline -0.002 -20"><span class='ocrx_word' id='word_1_226' title='bbox 324 2164 454 2244; x_wconf 83' lang='lat' dir='ltr'>tuentis,</span> <span class='ocrx_word' id='word_1_227' title='bbox 471 2165 642 2245; x_wconf 65' lang='grc'>61111837,</span> <span class='ocrx_word' id='word_1_228' title='bbox 658 2165 839 2230; x_wconf 87' lang='lat' dir='ltr'>dictumest</span> <span class='ocrx_word' id='word_1_229' title='bbox 864 2186 870 2228; x_wconf 96' lang='lat'><strong>:</strong></span> <span class='ocrx_word' id='word_1_230' title='bbox 897 2166 971 2229; x_wconf 91' lang='lat' dir='ltr'>hinc</span> <span class='ocrx_word' id='word_1_231' title='bbox 993 2185 1123 2229; x_wconf 88' lang='lat' dir='ltr'>usuram</span> <span class='ocrx_word' id='word_1_232' title='bbox 1177 2188 1250 2232; x_wconf 90' lang='lat' dir='ltr'>cum</span> <span class='ocrx_word' id='word_1_233' title='bbox 1275 2185 1331 2248; x_wconf 92' lang='lat' dir='ltr'>spe</span> <span class='ocrx_word' id='word_1_234' title='bbox 1358 2165 1565 2248; x_wconf 85' lang='lat' dir='ltr'>recuperandi</span> <span class='ocrx_word' id='word_1_235' title='bbox 1591 2167 1723 2240; x_wconf 85' lang='lat' dir='ltr'>sortem,</span> <span class='ocrx_word' id='word_1_236' title='bbox 1750 2163 1814 2226; x_wconf 92' lang='lat' dir='ltr'>hoc</span> <span class='ocrx_word' id='word_1_237' title='bbox 1830 2163 1956 2225; x_wconf 84' lang='lat' dir='ltr'>enimcsl</span> 
     </span>
     <span class='ocr_line' id='line_1_19' title="bbox 324 2251 1954 2338; baseline -0.002 -24"><span class='ocrx_word' id='word_1_238' title='bbox 324 2257 418 2316; x_wconf 86' lang='lat' dir='ltr'>vocat</span> <span class='ocrx_word' id='word_1_239' title='bbox 435 2253 579 2334; x_wconf 87' lang='lat' dir='ltr'>rapinam</span> <span class='ocrx_word' id='word_1_240' title='bbox 603 2255 636 2317; x_wconf 88' lang='lat' dir='ltr'>S.</span> <span class='ocrx_word' id='word_1_241' title='bbox 657 2254 803 2317; x_wconf 68' lang='lat' dir='ltr'>ambros.</span> <span class='ocrx_word' id='word_1_242' title='bbox 824 2253 898 2338; x_wconf 85' lang='lat' dir='ltr'>Cep.</span> <span class='ocrx_word' id='word_1_243' title='bbox 923 2253 1051 2338; x_wconf 78' lang='lat' dir='ltr'>Siquis</span> <span class='ocrx_word' id='word_1_244' title='bbox 1072 2259 1120 2334; x_wconf 80' lang='grc'>11,</span> <span class='ocrx_word' id='word_1_245' title='bbox 1177 2259 1292 2320; x_wconf 90' lang='lat' dir='ltr'>minus.</span> <span class='ocrx_word' id='word_1_246' title='bbox 1320 2257 1359 2320; x_wconf 77' lang='lat' dir='ltr'>Et</span> <span class='ocrx_word' id='word_1_247' title='bbox 1384 2256 1417 2318; x_wconf 91' lang='lat' dir='ltr'>id</span> <span class='ocrx_word' id='word_1_248' title='bbox 1443 2255 1568 2317; x_wconf 83' lang='lat' dir='ltr'>videtur</span> <span class='ocrx_word' id='word_1_249' title='bbox 1585 2253 1666 2315; x_wconf 85' lang='lat' dir='ltr'>velle</span> <span class='ocrx_word' id='word_1_250' title='bbox 1693 2251 1839 2315; x_wconf 85' lang='lat' dir='ltr'>Christus</span> <span class='ocrx_word' id='word_1_251' title='bbox 1855 2252 1954 2334; x_wconf 79' lang='lat' dir='ltr'>buci,</span> 
     </span>
     <span class='ocr_line' id='line_1_20' title="bbox 324 2335 1956 2424; baseline -0.001 -22"><span class='ocrx_word' id='word_1_252' title='bbox 324 2358 356 2424; x_wconf 85' lang='lat' dir='ltr'>q.</span> <span class='ocrx_word' id='word_1_253' title='bbox 372 2343 403 2412; x_wconf 80' lang='grc'>1,</span> <span class='ocrx_word' id='word_1_254' title='bbox 417 2343 448 2404; x_wconf 84' lang='lat' dir='ltr'>et</span> <span class='ocrx_word' id='word_1_255' title='bbox 463 2343 494 2405; x_wconf 88' lang='lat' dir='ltr'>S.</span> <span class='ocrx_word' id='word_1_256' title='bbox 510 2345 644 2422; x_wconf 79' lang='lat' dir='ltr'>August.</span> <span class='ocrx_word' id='word_1_257' title='bbox 669 2341 744 2424; x_wconf 82' lang='lat' dir='ltr'>Cep.</span> <span class='ocrx_word' id='word_1_258' title='bbox 767 2341 850 2418; x_wconf 78' lang='lat' dir='ltr'>Ouid</span> <span class='ocrx_word' id='word_1_259' title='bbox 860 2343 956 2406; x_wconf 83' lang='lat' dir='ltr'>dicum</span> <span class='ocrx_word' id='word_1_260' title='bbox 978 2343 1050 2406; x_wconf 85' lang='lat' dir='ltr'>ibid.</span> <span class='ocrx_word' id='word_1_261' title='bbox 1068 2362 1123 2406; x_wconf 81' lang='lat' dir='ltr'>vo·</span> <span class='ocrx_word' id='word_1_262' title='bbox 1176 2364 1260 2409; x_wconf 81' lang='lat' dir='ltr'>vers.</span> <span class='ocrx_word' id='word_1_263' title='bbox 1277 2347 1316 2407; x_wconf 83' lang='grc'>31</span> <span class='ocrx_word' id='word_1_264' title='bbox 1326 2364 1332 2406; x_wconf 95' lang='lat'>:</span> <span class='ocrx_word' id='word_1_265' title='bbox 1344 2341 1382 2407; x_wconf 86' lang='lat' dir='ltr'>Si</span> <span class='ocrx_word' id='word_1_266' title='bbox 1394 2351 1528 2405; x_wconf 82' lang='lat' dir='ltr'>mutuum</span> <span class='ocrx_word' id='word_1_267' title='bbox 1542 2339 1681 2404; x_wconf 82' lang='lat' dir='ltr'>dederitis</span> <span class='ocrx_word' id='word_1_268' title='bbox 1693 2335 1751 2417; x_wconf 80' lang='lat' dir='ltr'>iris,</span> <span class='ocrx_word' id='word_1_269' title='bbox 1770 2339 1901 2422; x_wconf 83' lang='lat' dir='ltr'>aquibus</span> <span class='ocrx_word' id='word_1_270' title='bbox 1912 2355 1956 2420; x_wconf 72' lang='lat' dir='ltr'>spe</span> 
     </span>
     <span class='ocr_line' id='line_1_21' title="bbox 325 2425 1956 2514; baseline -0.004 -22"><span class='ocrx_word' id='word_1_271' title='bbox 325 2432 379 2492; x_wconf 84' lang='lat' dir='ltr'>cat</span> <span class='ocrx_word' id='word_1_272' title='bbox 400 2427 643 2493; x_wconf 87' lang='lat' dir='ltr'>trucidationem</span> <span class='ocrx_word' id='word_1_273' title='bbox 666 2433 825 2513; x_wconf 87' lang='lat' dir='ltr'>pauperis.</span> <span class='ocrx_word' id='word_1_274' title='bbox 843 2429 880 2494; x_wconf 85' lang='lat' dir='ltr'>Si</span> <span class='ocrx_word' id='word_1_275' title='bbox 896 2429 984 2510; x_wconf 84' lang='lat' dir='ltr'>dicos,</span> <span class='ocrx_word' id='word_1_276' title='bbox 1011 2451 1124 2495; x_wconf 92' lang='lat' dir='ltr'>conce·</span> <span class='ocrx_word' id='word_1_277' title='bbox 1178 2433 1252 2496; x_wconf 83' lang='lat' dir='ltr'>rotis</span> <span class='ocrx_word' id='word_1_278' title='bbox 1265 2431 1403 2514; x_wconf 76' lang='lat' dir='ltr'>recrpem,</span> <span class='ocrx_word' id='word_1_279' title='bbox 1419 2449 1486 2512; x_wconf 80' lang='lat' dir='ltr'>que</span> <span class='ocrx_word' id='word_1_280' title='bbox 1497 2429 1598 2511; x_wconf 80' lang='lat' dir='ltr'>qratia</span> <span class='ocrx_word' id='word_1_281' title='bbox 1612 2436 1654 2490; x_wconf 83' lang='lat' dir='ltr'>ert</span> <span class='ocrx_word' id='word_1_282' title='bbox 1667 2425 1750 2489; x_wconf 78' lang='lat' dir='ltr'>colis</span> <span class='ocrx_word' id='word_1_283' title='bbox 1762 2429 1780 2491; x_wconf 79' lang='grc'>1</span> <span class='ocrx_word' id='word_1_284' title='bbox 1793 2445 1863 2489; x_wconf 84' lang='lat' dir='ltr'>nam</span> <span class='ocrx_word' id='word_1_285' title='bbox 1873 2433 1956 2506; x_wconf 77' lang='lat' dir='ltr'>etpee</span> 
     </span>
     <span class='ocr_line' id='line_1_22' title="bbox 327 2514 1957 2604; baseline -0.003 -24"><span class='ocrx_word' id='word_1_286' title='bbox 327 2515 405 2580; x_wconf 87' lang='lat' dir='ltr'>dens</span> <span class='ocrx_word' id='word_1_287' title='bbox 428 2518 530 2582; x_wconf 87' lang='lat' dir='ltr'>solum</span> <span class='ocrx_word' id='word_1_288' title='bbox 554 2536 647 2581; x_wconf 89' lang='lat' dir='ltr'>usum</span> <span class='ocrx_word' id='word_1_289' title='bbox 675 2519 733 2598; x_wconf 88' lang='lat' dir='ltr'>rei,</span> <span class='ocrx_word' id='word_1_290' title='bbox 749 2538 780 2581; x_wconf 83' lang='lat' dir='ltr'>v.</span> <span class='ocrx_word' id='word_1_291' title='bbox 797 2536 829 2600; x_wconf 78' lang='lat' dir='ltr'>g.</span> <span class='ocrx_word' id='word_1_292' title='bbox 845 2519 996 2598; x_wconf 77' lang='lat' dir='ltr'>elocatoe,</span> <span class='ocrx_word' id='word_1_293' title='bbox 1021 2523 1125 2601; x_wconf 90' lang='lat' dir='ltr'>potest</span> <span class='ocrx_word' id='word_1_294' title='bbox 1177 2529 1288 2583; x_wconf 85' lang='lat' dir='ltr'>colores</span> <span class='ocrx_word' id='word_1_295' title='bbox 1314 2518 1513 2604; x_wconf 71' lang='lat' dir='ltr'>peccatoribus</span> <span class='ocrx_word' id='word_1_296' title='bbox 1545 2516 1742 2598; x_wconf 60' lang='lat' dir='ltr'>seruentur,</span> <span class='ocrx_word' id='word_1_297' title='bbox 1773 2524 1809 2578; x_wconf 82' lang='lat' dir='ltr'>ut</span> <span class='ocrx_word' id='word_1_298' title='bbox 1837 2514 1957 2596; x_wconf 71' lang='lat' dir='ltr'>recipient</span> 
     </span>
     <span class='ocr_line' id='line_1_23' title="bbox 325 2599 1954 2690; baseline -0.004 -21"><span class='ocrx_word' id='word_1_299' title='bbox 325 2623 383 2688; x_wconf 92' lang='lat' dir='ltr'>pro</span> <span class='ocrx_word' id='word_1_300' title='bbox 410 2624 448 2670; x_wconf 89' lang='lat' dir='ltr'>eo</span> <span class='ocrx_word' id='word_1_301' title='bbox 472 2606 592 2690; x_wconf 89' lang='lat' dir='ltr'>aliquid</span> <span class='ocrx_word' id='word_1_302' title='bbox 615 2606 758 2688; x_wconf 90' lang='lat' dir='ltr'>accipere</span> <span class='ocrx_word' id='word_1_303' title='bbox 785 2627 792 2670; x_wconf 92' lang='lat'>:</span> <span class='ocrx_word' id='word_1_304' title='bbox 818 2625 893 2688; x_wconf 78' lang='lat' dir='ltr'>ergo</span> <span class='ocrx_word' id='word_1_305' title='bbox 908 2609 1007 2672; x_wconf 91' lang='lat' dir='ltr'>multo</span> <span class='ocrx_word' id='word_1_306' title='bbox 1022 2608 1124 2688; x_wconf 79' lang='lat' dir='ltr'>magia</span> <span class='ocrx_word' id='word_1_307' title='bbox 1178 2607 1313 2690; x_wconf 64' lang='lat' dir='ltr'>aequalia.</span> <span class='ocrx_word' id='word_1_308' title='bbox 1340 2609 1449 2687; x_wconf 87' lang='lat' dir='ltr'>Neque</span> <span class='ocrx_word' id='word_1_309' title='bbox 1470 2606 1568 2683; x_wconf 85' lang='lat' dir='ltr'>dicas,</span> <span class='ocrx_word' id='word_1_310' title='bbox 1599 2604 1631 2665; x_wconf 89' lang='lat' dir='ltr'>id</span> <span class='ocrx_word' id='word_1_311' title='bbox 1659 2621 1729 2664; x_wconf 88' lang='lat' dir='ltr'>esse</span> <span class='ocrx_word' id='word_1_312' title='bbox 1749 2601 1824 2683; x_wconf 89' lang='lat' dir='ltr'>puri</span> <span class='ocrx_word' id='word_1_313' title='bbox 1844 2599 1954 2676; x_wconf 71' lang='lat' dir='ltr'>condi,</span> 
     </span>
     <span class='ocr_line' id='line_1_24' title="bbox 326 2687 1953 2779; baseline -0.004 -21"><span class='ocrx_word' id='word_1_314' title='bbox 326 2692 502 2758; x_wconf 86' lang='lat' dir='ltr'>concedens</span> <span class='ocrx_word' id='word_1_315' title='bbox 518 2695 613 2758; x_wconf 84' lang='lat' dir='ltr'>etiam</span> <span class='ocrx_word' id='word_1_316' title='bbox 627 2695 811 2758; x_wconf 90' lang='lat' dir='ltr'>dominium.</span> <span class='ocrx_word' id='word_1_317' title='bbox 824 2699 860 2758; x_wconf 80' lang='grc'>11.</span> <span class='ocrx_word' id='word_1_318' title='bbox 872 2715 902 2758; x_wconf 93' lang='lat' dir='ltr'>n.</span> <span class='ocrx_word' id='word_1_319' title='bbox 914 2714 1040 2779; x_wconf 86' lang='lat' dir='ltr'>conseq.</span> <span class='ocrx_word' id='word_1_320' title='bbox 1051 2715 1124 2760; x_wconf 89' lang='lat' dir='ltr'>con·</span> <span class='ocrx_word' id='word_1_321' title='bbox 1179 2698 1258 2762; x_wconf 89' lang='lat' dir='ltr'>Vide</span> <span class='ocrx_word' id='word_1_322' title='bbox 1268 2699 1318 2776; x_wconf 84' lang='lat'>35,</span> <span class='ocrx_word' id='word_1_323' title='bbox 1331 2695 1453 2758; x_wconf 88' lang='lat' dir='ltr'>subdit:</span> <span class='ocrx_word' id='word_1_324' title='bbox 1476 2703 1676 2756; x_wconf 83' lang='lat' dir='ltr'>verumtamen</span> <span class='ocrx_word' id='word_1_325' title='bbox 1699 2687 1824 2774; x_wconf 66' lang='lat' dir='ltr'>ditique</span> <span class='ocrx_word' id='word_1_326' title='bbox 1844 2689 1953 2752; x_wconf 71' lang='grc'>6111111</span> 
     </span>
     <span class='ocr_line' id='line_1_25' title="bbox 326 2775 1954 2865; baseline -0.004 -20"><span class='ocrx_word' id='word_1_327' title='bbox 326 2780 442 2846; x_wconf 86' lang='lat' dir='ltr'>cedens</span> <span class='ocrx_word' id='word_1_328' title='bbox 469 2781 642 2845; x_wconf 91' lang='lat' dir='ltr'>dominium</span> <span class='ocrx_word' id='word_1_329' title='bbox 670 2801 733 2846; x_wconf 93' lang='lat' dir='ltr'>non</span> <span class='ocrx_word' id='word_1_330' title='bbox 757 2787 860 2864; x_wconf 89' lang='lat' dir='ltr'>potest</span> <span class='ocrx_word' id='word_1_331' title='bbox 882 2803 999 2865; x_wconf 81' lang='lat' dir='ltr'>negare</span> <span class='ocrx_word' id='word_1_332' title='bbox 1018 2802 1121 2864; x_wconf 93' lang='lat' dir='ltr'>usum,</span> <span class='ocrx_word' id='word_1_333' title='bbox 1178 2793 1294 2855; x_wconf 81' lang='lat' dir='ltr'>vestros,</span> <span class='ocrx_word' id='word_1_334' title='bbox 1317 2780 1473 2862; x_wconf 71' lang='lat' dir='ltr'>benefacite</span> <span class='ocrx_word' id='word_1_335' title='bbox 1494 2789 1524 2843; x_wconf 86' lang='lat' dir='ltr'>et</span> <span class='ocrx_word' id='word_1_336' title='bbox 1544 2787 1679 2842; x_wconf 82' lang='lat' dir='ltr'>mutuum</span> <span class='ocrx_word' id='word_1_337' title='bbox 1701 2777 1782 2857; x_wconf 78' lang='lat' dir='ltr'>date,</span> <span class='ocrx_word' id='word_1_338' title='bbox 1809 2777 1884 2839; x_wconf 72' lang='lat' dir='ltr'>arbit</span> <span class='ocrx_word' id='word_1_339' title='bbox 1903 2775 1954 2838; x_wconf 78' lang='lat' dir='ltr'>ule</span> 
     </span>
     <span class='ocr_line' id='line_1_26' title="bbox 326 2863 1957 2956; baseline -0.004 -24"><span class='ocrx_word' id='word_1_340' title='bbox 326 2868 402 2953; x_wconf 87' lang='lat' dir='ltr'>quia</span> <span class='ocrx_word' id='word_1_341' title='bbox 424 2888 475 2932; x_wconf 89' lang='lat' dir='ltr'>res</span> <span class='ocrx_word' id='word_1_342' title='bbox 502 2871 537 2934; x_wconf 86' lang='lat' dir='ltr'>fit</span> <span class='ocrx_word' id='word_1_343' title='bbox 564 2871 691 2934; x_wconf 87' lang='lat' dir='ltr'>alterius</span> <span class='ocrx_word' id='word_1_344' title='bbox 718 2874 751 2934; x_wconf 90' lang='lat' dir='ltr'>et</span> <span class='ocrx_word' id='word_1_345' title='bbox 777 2876 1006 2954; x_wconf 87' lang='lat' dir='ltr'>consequenter</span> <span class='ocrx_word' id='word_1_346' title='bbox 1029 2873 1124 2936; x_wconf 89' lang='lat' dir='ltr'>etiam</span> <span class='ocrx_word' id='word_1_347' title='bbox 1178 2879 1334 2956; x_wconf 81' lang='lat' dir='ltr'>sperantes,</span> <span class='ocrx_word' id='word_1_348' title='bbox 1351 2871 1519 2933; x_wconf 79' lang='lat' dir='ltr'>celantem</span> <span class='ocrx_word' id='word_1_349' title='bbox 1533 2869 1728 2950; x_wconf 73' lang='lat' dir='ltr'>preceptum</span> <span class='ocrx_word' id='word_1_350' title='bbox 1750 2864 1898 2949; x_wconf 82' lang='lat' dir='ltr'>diligendi</span> <span class='ocrx_word' id='word_1_351' title='bbox 1915 2863 1957 2927; x_wconf 80' lang='lat' dir='ltr'>ini</span> 
     </span>
     <span class='ocr_line' id='line_1_27' title="bbox 325 2953 1958 3042; baseline -0.004 -22"><span class='ocrx_word' id='word_1_352' title='bbox 325 2958 429 3039; x_wconf 87' lang='lat' dir='ltr'>omnis</span> <span class='ocrx_word' id='word_1_353' title='bbox 443 2957 511 3042; x_wconf 89' lang='lat' dir='ltr'>ejus</span> <span class='ocrx_word' id='word_1_354' title='bbox 526 2977 601 3022; x_wconf 90' lang='lat' dir='ltr'>usus</span> <span class='ocrx_word' id='word_1_355' title='bbox 618 2981 625 3024; x_wconf 90' lang='lat'>:</span> <span class='ocrx_word' id='word_1_356' title='bbox 640 2977 715 3042; x_wconf 80' lang='lat' dir='ltr'>ergo</span> <span class='ocrx_word' id='word_1_357' title='bbox 730 2963 879 3024; x_wconf 89' lang='lat' dir='ltr'>mutuans</span> <span class='ocrx_word' id='word_1_358' title='bbox 894 2963 977 3023; x_wconf 81' lang='lat' dir='ltr'>ervi</span> <span class='ocrx_word' id='word_1_359' title='bbox 991 2961 1125 3024; x_wconf 86' lang='lat' dir='ltr'>ususni-</span> <span class='ocrx_word' id='word_1_360' title='bbox 1179 2960 1278 3024; x_wconf 86' lang='lat' dir='ltr'>mices</span> <span class='ocrx_word' id='word_1_361' title='bbox 1292 2964 1324 3023; x_wconf 90' lang='lat' dir='ltr'>et</span> <span class='ocrx_word' id='word_1_362' title='bbox 1341 2957 1530 3021; x_wconf 83' lang='lat' dir='ltr'>beneficium</span> <span class='ocrx_word' id='word_1_363' title='bbox 1555 2953 1726 3038; x_wconf 86' lang='lat' dir='ltr'>praestandi</span> <span class='ocrx_word' id='word_1_364' title='bbox 1750 2957 1902 3036; x_wconf 85' lang='lat' dir='ltr'>proximo,</span> <span class='ocrx_word' id='word_1_365' title='bbox 1922 2969 1958 3014; x_wconf 78' lang='lat' dir='ltr'>se</span> 
     </span>
     <span class='ocr_line' id='line_1_28' title="bbox 326 3041 1957 3133; baseline -0.004 -23"><span class='ocrx_word' id='word_1_366' title='bbox 326 3045 482 3128; x_wconf 89' lang='lat' dir='ltr'>hilpotest</span> <span class='ocrx_word' id='word_1_367' title='bbox 496 3048 654 3128; x_wconf 87' lang='lat' dir='ltr'>accipere;</span> <span class='ocrx_word' id='word_1_368' title='bbox 670 3047 726 3111; x_wconf 87' lang='lat' dir='ltr'>sed</span> <span class='ocrx_word' id='word_1_369' title='bbox 740 3066 799 3111; x_wconf 88' lang='lat' dir='ltr'>nec</span> <span class='ocrx_word' id='word_1_370' title='bbox 813 3068 870 3131; x_wconf 90' lang='lat' dir='ltr'>pro</span> <span class='ocrx_word' id='word_1_371' title='bbox 885 3051 1037 3130; x_wconf 92' lang='lat' dir='ltr'>dominio,</span> <span class='ocrx_word' id='word_1_372' title='bbox 1050 3051 1124 3133; x_wconf 88' lang='lat' dir='ltr'>quia</span> <span class='ocrx_word' id='word_1_373' title='bbox 1180 3049 1319 3114; x_wconf 90' lang='lat' dir='ltr'>cundum</span> <span class='ocrx_word' id='word_1_374' title='bbox 1333 3047 1418 3110; x_wconf 85' lang='lat' dir='ltr'>dicta</span> <span class='ocrx_word' id='word_1_375' title='bbox 1431 3046 1454 3108; x_wconf 87' lang='lat' dir='ltr'>l.</span> <span class='ocrx_word' id='word_1_376' title='bbox 1469 3049 1501 3124; x_wconf 77' lang='lat'>2,</span> <span class='ocrx_word' id='word_1_377' title='bbox 1517 3065 1549 3108; x_wconf 85' lang='lat' dir='ltr'>a.</span> <span class='ocrx_word' id='word_1_378' title='bbox 1567 3048 1625 3109; x_wconf 79' lang='lat' dir='ltr'>lau</span> <span class='ocrx_word' id='word_1_379' title='bbox 1644 3051 1671 3106; x_wconf 88' lang='lat' dir='ltr'>et</span> <span class='ocrx_word' id='word_1_380' title='bbox 1683 3063 1702 3107; x_wconf 87' lang='lat' dir='ltr'>o</span> <span class='ocrx_word' id='word_1_381' title='bbox 1714 3043 1831 3108; x_wconf 75' lang='lat' dir='ltr'>ra200.</span> <span class='ocrx_word' id='word_1_382' title='bbox 1841 3041 1957 3108; x_wconf 84' lang='lat' dir='ltr'>Christus</span> 
     </span>
     <span class='ocr_line' id='line_1_29' title="bbox 325 3131 1956 3220; baseline -0.004 -22"><span class='ocrx_word' id='word_1_383' title='bbox 325 3139 436 3220; x_wconf 88' lang='lat' dir='ltr'>postea</span> <span class='ocrx_word' id='word_1_384' title='bbox 449 3135 580 3217; x_wconf 82' lang='lat' dir='ltr'>recipiet</span> <span class='ocrx_word' id='word_1_385' title='bbox 591 3136 782 3220; x_wconf 76' lang='lat' dir='ltr'>aequivalens</span> <span class='ocrx_word' id='word_1_386' title='bbox 799 3157 806 3199; x_wconf 92' lang='lat'>:</span> <span class='ocrx_word' id='word_1_387' title='bbox 828 3155 845 3199; x_wconf 90' lang='lat' dir='ltr'>e</span> <span class='ocrx_word' id='word_1_388' title='bbox 860 3142 971 3201; x_wconf 85' lang='lat' dir='ltr'>contra</span> <span class='ocrx_word' id='word_1_389' title='bbox 985 3139 1122 3215; x_wconf 87' lang='lat' dir='ltr'>elocans,</span> <span class='ocrx_word' id='word_1_390' title='bbox 1179 3143 1285 3202; x_wconf 87' lang='lat' dir='ltr'>autem</span> <span class='ocrx_word' id='word_1_391' title='bbox 1299 3136 1441 3200; x_wconf 90' lang='lat' dir='ltr'>similiter</span> <span class='ocrx_word' id='word_1_392' title='bbox 1453 3135 1594 3217; x_wconf 88' lang='lat' dir='ltr'>loquitur</span> <span class='ocrx_word' id='word_1_393' title='bbox 1607 3135 1647 3197; x_wconf 91' lang='lat' dir='ltr'>de</span> <span class='ocrx_word' id='word_1_394' title='bbox 1661 3132 1762 3214; x_wconf 81' lang='lat' dir='ltr'>gratis</span> <span class='ocrx_word' id='word_1_395' title='bbox 1785 3131 1956 3202; x_wconf 73' lang='lat' dir='ltr'>maluerim</span> 
     </span>
     <span class='ocr_line' id='line_1_30' title="bbox 327 3221 1957 3310; baseline -0.004 -24"><span class='ocrx_word' id='word_1_396' title='bbox 327 3229 383 3288; x_wconf 86' lang='lat' dir='ltr'>aut</span> <span class='ocrx_word' id='word_1_397' title='bbox 409 3242 467 3304; x_wconf 91' lang='lat' dir='ltr'>per</span> <span class='ocrx_word' id='word_1_398' title='bbox 493 3223 627 3286; x_wconf 87' lang='lat' dir='ltr'>similem</span> <span class='ocrx_word' id='word_1_399' title='bbox 646 3230 842 3288; x_wconf 86' lang='lat' dir='ltr'>contractum</span> <span class='ocrx_word' id='word_1_400' title='bbox 869 3228 1045 3290; x_wconf 87' lang='lat' dir='ltr'>concedens</span> <span class='ocrx_word' id='word_1_401' title='bbox 1073 3245 1125 3289; x_wconf 91' lang='lat' dir='ltr'>so·</span> <span class='ocrx_word' id='word_1_402' title='bbox 1179 3232 1212 3291; x_wconf 92' lang='lat' dir='ltr'>et</span> <span class='ocrx_word' id='word_1_403' title='bbox 1224 3227 1352 3310; x_wconf 90' lang='lat' dir='ltr'>quidem</span> <span class='ocrx_word' id='word_1_404' title='bbox 1367 3223 1471 3286; x_wconf 89' lang='lat' dir='ltr'>verbis</span> <span class='ocrx_word' id='word_1_405' title='bbox 1481 3223 1541 3284; x_wconf 90' lang='lat' dir='ltr'>illis</span> <span class='ocrx_word' id='word_1_406' title='bbox 1551 3223 1666 3286; x_wconf 85' lang='lat' dir='ltr'>Christi</span> <span class='ocrx_word' id='word_1_407' title='bbox 1676 3221 1834 3284; x_wconf 85' lang='lat' dir='ltr'>contineri</span> <span class='ocrx_word' id='word_1_408' title='bbox 1845 3231 1957 3299; x_wconf 74' lang='lat' dir='ltr'>praecep</span> 
     </span>
     <span class='ocr_line' id='line_1_31' title="bbox 326 3309 1959 3396; baseline -0.004 -22"><span class='ocrx_word' id='word_1_409' title='bbox 326 3312 393 3376; x_wconf 91' lang='lat' dir='ltr'>lum</span> <span class='ocrx_word' id='word_1_410' title='bbox 414 3330 518 3392; x_wconf 88' lang='lat' dir='ltr'>usum,</span> <span class='ocrx_word' id='word_1_411' title='bbox 547 3319 655 3375; x_wconf 91' lang='lat' dir='ltr'>manet</span> <span class='ocrx_word' id='word_1_412' title='bbox 675 3312 823 3376; x_wconf 89' lang='lat' dir='ltr'>dominus</span> <span class='ocrx_word' id='word_1_413' title='bbox 846 3315 891 3376; x_wconf 92' lang='lat' dir='ltr'>rei</span> <span class='ocrx_word' id='word_1_414' title='bbox 920 3319 951 3378; x_wconf 94' lang='lat' dir='ltr'>et</span> <span class='ocrx_word' id='word_1_415' title='bbox 979 3333 1051 3377; x_wconf 91' lang='lat' dir='ltr'>cum</span> <span class='ocrx_word' id='word_1_416' title='bbox 1074 3333 1125 3378; x_wconf 90' lang='lat' dir='ltr'>res</span> <span class='ocrx_word' id='word_1_417' title='bbox 1178 3318 1246 3379; x_wconf 89' lang='lat' dir='ltr'>tum</span> <span class='ocrx_word' id='word_1_418' title='bbox 1271 3311 1442 3396; x_wconf 89' lang='lat' dir='ltr'>prohibens</span> <span class='ocrx_word' id='word_1_419' title='bbox 1457 3330 1569 3376; x_wconf 86' lang='lat' dir='ltr'>usuras</span> <span class='ocrx_word' id='word_1_420' title='bbox 1584 3309 1700 3373; x_wconf 91' lang='lat' dir='ltr'>docent</span> <span class='ocrx_word' id='word_1_421' title='bbox 1717 3311 1872 3372; x_wconf 73' lang='lat' dir='ltr'>nocere</span> <span class='ocrx_word' id='word_1_422' title='bbox 1893 3321 1959 3367; x_wconf 85' lang='lat' dir='ltr'>cou-</span> 
     </span>
     <span class='ocr_line' id='line_1_32' title="bbox 329 3391 1957 3480; baseline -0.007 -17"><span class='ocrx_word' id='word_1_423' title='bbox 329 3401 497 3464; x_wconf 85' lang='lat' dir='ltr'>fructiflcet</span> <span class='ocrx_word' id='word_1_424' title='bbox 521 3399 648 3463; x_wconf 91' lang='lat' dir='ltr'>domino</span> <span class='ocrx_word' id='word_1_425' title='bbox 678 3418 746 3480; x_wconf 90' lang='lat' dir='ltr'>suo,</span> <span class='ocrx_word' id='word_1_426' title='bbox 773 3401 910 3464; x_wconf 74' lang='lat' dir='ltr'>bacilli</span> <span class='ocrx_word' id='word_1_427' title='bbox 936 3405 1028 3464; x_wconf 85' lang='lat' dir='ltr'>allcrt</span> <span class='ocrx_word' id='word_1_428' title='bbox 1061 3403 1124 3465; x_wconf 86' lang='lat' dir='ltr'>tale</span> <span class='ocrx_word' id='word_1_429' title='bbox 1179 3403 1316 3466; x_wconf 89' lang='lat' dir='ltr'>muniter</span> <span class='ocrx_word' id='word_1_430' title='bbox 1340 3419 1413 3464; x_wconf 90' lang='lat' dir='ltr'>oum</span> <span class='ocrx_word' id='word_1_431' title='bbox 1437 3400 1501 3464; x_wconf 86' lang='lat' dir='ltr'>Sel.</span> <span class='ocrx_word' id='word_1_432' title='bbox 1522 3403 1610 3480; x_wconf 81' lang='lat' dir='ltr'>ungo</span> <span class='ocrx_word' id='word_1_433' title='bbox 1634 3403 1667 3461; x_wconf 86' lang='lat' dir='ltr'>et</span> <span class='ocrx_word' id='word_1_434' title='bbox 1686 3396 1783 3472; x_wconf 88' lang='lat' dir='ltr'>uliis;</span> <span class='ocrx_word' id='word_1_435' title='bbox 1805 3391 1957 3476; x_wconf 85' lang='lat' dir='ltr'>atqueideo</span> 
     </span>
     <span class='ocr_line' id='line_1_33' title="bbox 327 3479 1957 3572; baseline 0 -20"><span class='ocrx_word' id='word_1_436' title='bbox 327 3490 528 3553; x_wconf 91' lang='lat' dir='ltr'>commodum</span> <span class='ocrx_word' id='word_1_437' title='bbox 544 3507 582 3552; x_wconf 89' lang='lat' dir='ltr'>ex</span> <span class='ocrx_word' id='word_1_438' title='bbox 596 3507 655 3550; x_wconf 91' lang='lat' dir='ltr'>usu</span> <span class='ocrx_word' id='word_1_439' title='bbox 672 3508 679 3550; x_wconf 94' lang='lat'>:</span> <span class='ocrx_word' id='word_1_440' title='bbox 695 3487 769 3552; x_wconf 88' lang='lat' dir='ltr'>hino</span> <span class='ocrx_word' id='word_1_441' title='bbox 788 3491 819 3552; x_wconf 89' lang='lat' dir='ltr'>S.</span> <span class='ocrx_word' id='word_1_442' title='bbox 841 3489 897 3553; x_wconf 83' lang='lat' dir='ltr'>Th.</span> <span class='ocrx_word' id='word_1_443' title='bbox 917 3496 947 3570; x_wconf 72' lang='grc'>1,</span> <span class='ocrx_word' id='word_1_444' title='bbox 973 3496 1003 3568; x_wconf 78' lang='grc'>2,</span> <span class='ocrx_word' id='word_1_445' title='bbox 1027 3510 1054 3572; x_wconf 81' lang='lat' dir='ltr'>p.</span> <span class='ocrx_word' id='word_1_446' title='bbox 1071 3495 1121 3569; x_wconf 91' lang='grc'>78,</span> <span class='ocrx_word' id='word_1_447' title='bbox 1178 3491 1255 3556; x_wconf 92' lang='lat' dir='ltr'>Urb.</span> <span class='ocrx_word' id='word_1_448' title='bbox 1271 3491 1313 3554; x_wconf 93' lang='lat' dir='ltr'>lll</span> <span class='ocrx_word' id='word_1_449' title='bbox 1328 3491 1436 3552; x_wconf 76' lang='lat' dir='ltr'>etheo</span> <span class='ocrx_word' id='word_1_450' title='bbox 1451 3489 1490 3565; x_wconf 89' lang='lat' dir='ltr'>X,</span> <span class='ocrx_word' id='word_1_451' title='bbox 1507 3486 1593 3568; x_wconf 90' lang='lat' dir='ltr'>apud</span> <span class='ocrx_word' id='word_1_452' title='bbox 1607 3485 1702 3564; x_wconf 80' lang='lat' dir='ltr'>bloya</span> <span class='ocrx_word' id='word_1_453' title='bbox 1722 3493 1745 3544; x_wconf 83' lang='lat' dir='ltr'>t.</span> <span class='ocrx_word' id='word_1_454' title='bbox 1765 3487 1798 3562; x_wconf 91' lang='grc'>1,</span> <span class='ocrx_word' id='word_1_455' title='bbox 1815 3493 1838 3546; x_wconf 88' lang='lat' dir='ltr'>t.</span> <span class='ocrx_word' id='word_1_456' title='bbox 1852 3485 1881 3558; x_wconf 90' lang='grc'>6,</span> <span class='ocrx_word' id='word_1_457' title='bbox 1895 3479 1957 3552; x_wconf 62' lang='lat' dir='ltr'>qt,</span> 
     </span>
     <span class='ocr_line' id='line_1_34' title="bbox 325 3569 1956 3666; baseline -0.008 -26"><span class='ocrx_word' id='word_1_458' title='bbox 325 3586 387 3641; x_wconf 86' lang='lat' dir='ltr'>ort.</span> <span class='ocrx_word' id='word_1_459' title='bbox 404 3581 418 3640; x_wconf 90' lang='grc'>1</span> <span class='ocrx_word' id='word_1_460' title='bbox 434 3573 475 3639; x_wconf 82' lang='lat' dir='ltr'>od</span> <span class='ocrx_word' id='word_1_461' title='bbox 487 3579 518 3655; x_wconf 89' lang='grc'>6,</span> <span class='ocrx_word' id='word_1_462' title='bbox 535 3577 621 3655; x_wconf 89' lang='lat' dir='ltr'>dicit,</span> <span class='ocrx_word' id='word_1_463' title='bbox 638 3576 662 3638; x_wconf 92' lang='lat' dir='ltr'>si</span> <span class='ocrx_word' id='word_1_464' title='bbox 679 3577 748 3658; x_wconf 88' lang='lat' dir='ltr'>quis</span> <span class='ocrx_word' id='word_1_465' title='bbox 768 3579 936 3658; x_wconf 87' lang='lat' dir='ltr'>pecuniam</span> <span class='ocrx_word' id='word_1_466' title='bbox 951 3581 1124 3659; x_wconf 85' lang='lat' dir='ltr'>peteretab</span> <span class='ocrx_word' id='word_1_467' title='bbox 1178 3599 1207 3662; x_wconf 81' lang='lat' dir='ltr'>q.</span> <span class='ocrx_word' id='word_1_468' title='bbox 1223 3579 1281 3642; x_wconf 82' lang='lat' dir='ltr'>ult.</span> <span class='ocrx_word' id='word_1_469' title='bbox 1298 3597 1328 3641; x_wconf 82' lang='lat' dir='ltr'>a.</span> <span class='ocrx_word' id='word_1_470' title='bbox 1346 3580 1396 3655; x_wconf 92' lang='grc'>13,</span> <span class='ocrx_word' id='word_1_471' title='bbox 1413 3596 1451 3639; x_wconf 82' lang='lat' dir='ltr'>ex</span> <span class='ocrx_word' id='word_1_472' title='bbox 1466 3576 1579 3638; x_wconf 88' lang='lat' dir='ltr'>eodem</span> <span class='ocrx_word' id='word_1_473' title='bbox 1591 3574 1662 3636; x_wconf 90' lang='lat' dir='ltr'>loco</span> <span class='ocrx_word' id='word_1_474' title='bbox 1673 3589 1791 3634; x_wconf 85' lang='lat' dir='ltr'>usuras</span> <span class='ocrx_word' id='word_1_475' title='bbox 1806 3569 1956 3666; x_wconf 78' lang='lat' dir='ltr'>damnent,</span> 
     </span>
     <span class='ocr_line' id='line_1_35' title="bbox 327 3657 1958 3749; baseline -0.006 -21"><span class='ocrx_word' id='word_1_476' title='bbox 327 3666 437 3743; x_wconf 87' lang='lat' dir='ltr'>altero,</span> <span class='ocrx_word' id='word_1_477' title='bbox 453 3682 516 3728; x_wconf 91' lang='lat' dir='ltr'>non</span> <span class='ocrx_word' id='word_1_478' title='bbox 530 3662 572 3726; x_wconf 87' lang='lat' dir='ltr'>ed</span> <span class='ocrx_word' id='word_1_479' title='bbox 585 3664 817 3745; x_wconf 83' lang='lat' dir='ltr'>exponendum,</span> <span class='ocrx_word' id='word_1_480' title='bbox 833 3667 890 3728; x_wconf 91' lang='lat' dir='ltr'>sed</span> <span class='ocrx_word' id='word_1_481' title='bbox 904 3668 945 3729; x_wconf 88' lang='lat' dir='ltr'>ad</span> <span class='ocrx_word' id='word_1_482' title='bbox 960 3668 1060 3731; x_wconf 85' lang='lat' dir='ltr'>solam</span> <span class='ocrx_word' id='word_1_483' title='bbox 1074 3687 1125 3730; x_wconf 92' lang='lat' dir='ltr'>os-</span> <span class='ocrx_word' id='word_1_484' title='bbox 1179 3670 1289 3749; x_wconf 88' lang='lat' dir='ltr'>estque</span> <span class='ocrx_word' id='word_1_485' title='bbox 1303 3666 1364 3729; x_wconf 92' lang='lat' dir='ltr'>boc</span> <span class='ocrx_word' id='word_1_486' title='bbox 1378 3664 1652 3727; x_wconf 86' lang='lat' dir='ltr'>accommodatum</span> <span class='ocrx_word' id='word_1_487' title='bbox 1674 3659 1824 3743; x_wconf 80' lang='lat' dir='ltr'>presenti</span> <span class='ocrx_word' id='word_1_488' title='bbox 1849 3657 1958 3718; x_wconf 76' lang='lat' dir='ltr'>misem</span> 
     </span>
     <span class='ocr_line' id='line_1_36' title="bbox 327 3742 1959 3840; baseline -0.01 -20"><span class='ocrx_word' id='word_1_489' title='bbox 327 3753 546 3832; x_wconf 78' lang='lat' dir='ltr'>tentationem,</span> <span class='ocrx_word' id='word_1_490' title='bbox 562 3757 617 3816; x_wconf 83' lang='lat' dir='ltr'>aut</span> <span class='ocrx_word' id='word_1_491' title='bbox 630 3754 700 3815; x_wconf 89' lang='lat' dir='ltr'>loco</span> <span class='ocrx_word' id='word_1_492' title='bbox 714 3753 866 3834; x_wconf 82' lang='lat' dir='ltr'>pignoris,</span> <span class='ocrx_word' id='word_1_493' title='bbox 882 3772 945 3817; x_wconf 93' lang='lat' dir='ltr'>nou</span> <span class='ocrx_word' id='word_1_494' title='bbox 959 3755 1026 3819; x_wconf 81' lang='lat' dir='ltr'>iore</span> <span class='ocrx_word' id='word_1_495' title='bbox 1049 3776 1125 3819; x_wconf 89' lang='lat' dir='ltr'>usu·</span> <span class='ocrx_word' id='word_1_496' title='bbox 1179 3755 1324 3840; x_wconf 88' lang='lat' dir='ltr'>proximi,</span> <span class='ocrx_word' id='word_1_497' title='bbox 1341 3773 1414 3818; x_wconf 92' lang='lat' dir='ltr'>cum</span> <span class='ocrx_word' id='word_1_498' title='bbox 1428 3755 1460 3816; x_wconf 91' lang='lat' dir='ltr'>in</span> <span class='ocrx_word' id='word_1_499' title='bbox 1475 3750 1661 3815; x_wconf 82' lang='lat' dir='ltr'>necessitate</span> <span class='ocrx_word' id='word_1_500' title='bbox 1679 3749 1773 3830; x_wconf 77' lang='lat' dir='ltr'>gravi</span> <span class='ocrx_word' id='word_1_501' title='bbox 1789 3746 1903 3810; x_wconf 78' lang='lat' dir='ltr'>facilius</span> <span class='ocrx_word' id='word_1_502' title='bbox 1914 3742 1959 3805; x_wconf 85' lang='lat' dir='ltr'>uit</span> 
     </span>
     <span class='ocr_line' id='line_1_37' title="bbox 326 3836 1958 3927; baseline -0.006 -21"><span class='ocrx_word' id='word_1_503' title='bbox 326 3861 396 3906; x_wconf 86' lang='lat' dir='ltr'>ram</span> <span class='ocrx_word' id='word_1_504' title='bbox 417 3860 475 3923; x_wconf 89' lang='lat' dir='ltr'>pro</span> <span class='ocrx_word' id='word_1_505' title='bbox 498 3842 552 3904; x_wconf 93' lang='lat' dir='ltr'>illo</span> <span class='ocrx_word' id='word_1_506' title='bbox 573 3859 632 3903; x_wconf 92' lang='lat' dir='ltr'>usu</span> <span class='ocrx_word' id='word_1_507' title='bbox 646 3839 764 3923; x_wconf 88' lang='lat' dir='ltr'>aliquid</span> <span class='ocrx_word' id='word_1_508' title='bbox 783 3842 937 3924; x_wconf 87' lang='lat' dir='ltr'>accipere,</span> <span class='ocrx_word' id='word_1_509' title='bbox 954 3847 1029 3927; x_wconf 87' lang='lat' dir='ltr'>quia</span> <span class='ocrx_word' id='word_1_510' title='bbox 1043 3850 1125 3910; x_wconf 89' lang='lat' dir='ltr'>esset</span> <span class='ocrx_word' id='word_1_511' title='bbox 1178 3836 1958 3926; x_wconf 85' lang='lat' dir='ltr'>peteremutuumquameleemosynam.llinccuu1</span> 
     </span>
     <span class='ocr_line' id='line_1_38' title="bbox 326 3921 1956 4016; baseline -0.006 -21"><span class='ocrx_word' id='word_1_512' title='bbox 326 3932 424 3995; x_wconf 82' lang='lat' dir='ltr'>veluti</span> <span class='ocrx_word' id='word_1_513' title='bbox 437 3928 563 4008; x_wconf 87' lang='lat' dir='ltr'>locatio,</span> <span class='ocrx_word' id='word_1_514' title='bbox 578 3929 630 3991; x_wconf 83' lang='lat' dir='ltr'>vel</span> <span class='ocrx_word' id='word_1_515' title='bbox 641 3930 851 3994; x_wconf 86' lang='lat' dir='ltr'>commodatio</span> <span class='ocrx_word' id='word_1_516' title='bbox 867 3936 898 3995; x_wconf 84' lang='lat' dir='ltr'>ct</span> <span class='ocrx_word' id='word_1_517' title='bbox 910 3936 1045 4013; x_wconf 86' lang='lat' dir='ltr'>pecunia</span> <span class='ocrx_word' id='word_1_518' title='bbox 1066 3936 1125 3999; x_wconf 85' lang='lat' dir='ltr'>he·</span> <span class='ocrx_word' id='word_1_519' title='bbox 1178 3935 1274 4016; x_wconf 79' lang='lat' dir='ltr'>liusq.</span> <span class='ocrx_word' id='word_1_520' title='bbox 1292 3936 1323 3995; x_wconf 91' lang='lat' dir='ltr'>et</span> <span class='ocrx_word' id='word_1_521' title='bbox 1336 3932 1405 3994; x_wconf 85' lang='lat' dir='ltr'>eliis</span> <span class='ocrx_word' id='word_1_522' title='bbox 1419 3933 1529 3994; x_wconf 90' lang='lat' dir='ltr'>contra</span> <span class='ocrx_word' id='word_1_523' title='bbox 1542 3929 1658 3991; x_wconf 84' lang='lat' dir='ltr'>Bonae.</span> <span class='ocrx_word' id='word_1_524' title='bbox 1670 3927 1702 3988; x_wconf 84' lang='lat' dir='ltr'>in</span> <span class='ocrx_word' id='word_1_525' title='bbox 1716 3925 1790 3989; x_wconf 82' lang='lat' dir='ltr'>Dec.</span> <span class='ocrx_word' id='word_1_526' title='bbox 1811 3925 1839 3987; x_wconf 82' lang='lat' dir='ltr'>d.</span> <span class='ocrx_word' id='word_1_527' title='bbox 1854 3926 1883 4000; x_wconf 93' lang='grc'>3,</span> <span class='ocrx_word' id='word_1_528' title='bbox 1895 3939 1918 4003; x_wconf 78' lang='lat' dir='ltr'>q.</span> <span class='ocrx_word' id='word_1_529' title='bbox 1933 3921 1956 3996; x_wconf 81' lang='grc'>1,</span> 
     </span>
     <span class='ocr_line' id='line_1_39' title="bbox 327 4011 1957 4104; baseline -0.004 -22"><span class='ocrx_word' id='word_1_530' title='bbox 327 4019 464 4083; x_wconf 80' lang='lat' dir='ltr'>berctae</span> <span class='ocrx_word' id='word_1_531' title='bbox 478 4021 602 4082; x_wconf 85' lang='lat' dir='ltr'>tantum</span> <span class='ocrx_word' id='word_1_532' title='bbox 616 4017 712 4080; x_wconf 89' lang='lat' dir='ltr'>veluti</span> <span class='ocrx_word' id='word_1_533' title='bbox 728 4017 791 4080; x_wconf 83' lang='lat' dir='ltr'>ulie</span> <span class='ocrx_word' id='word_1_534' title='bbox 815 4021 976 4100; x_wconf 86' lang='lat' dir='ltr'>suppellex</span> <span class='ocrx_word' id='word_1_535' title='bbox 999 4041 1124 4103; x_wconf 88' lang='lat' dir='ltr'>perma-</span> <span class='ocrx_word' id='word_1_536' title='bbox 1176 4041 1207 4104; x_wconf 85' lang='lat' dir='ltr'>p.</span> <span class='ocrx_word' id='word_1_537' title='bbox 1225 4025 1257 4100; x_wconf 88' lang='lat'>6,</span> <span class='ocrx_word' id='word_1_538' title='bbox 1268 4043 1297 4085; x_wconf 84' lang='lat' dir='ltr'>a.</span> <span class='ocrx_word' id='word_1_539' title='bbox 1307 4025 1356 4098; x_wconf 84' lang='grc'>16,</span> <span class='ocrx_word' id='word_1_540' title='bbox 1367 4018 1537 4082; x_wconf 90' lang='lat' dir='ltr'>dicendum</span> <span class='ocrx_word' id='word_1_541' title='bbox 1550 4021 1612 4078; x_wconf 90' lang='lat' dir='ltr'>cst:</span> <span class='ocrx_word' id='word_1_542' title='bbox 1632 4015 1759 4097; x_wconf 87' lang='lat' dir='ltr'>quando</span> <span class='ocrx_word' id='word_1_543' title='bbox 1775 4034 1815 4077; x_wconf 83' lang='lat' dir='ltr'>ex</span> <span class='ocrx_word' id='word_1_544' title='bbox 1825 4011 1957 4094; x_wconf 70' lang='lat' dir='ltr'>pracepit</span> 
     </span>
     <span class='ocr_line' id='line_1_40' title="bbox 328 4103 1957 4189; baseline -0.007 -19"><span class='ocrx_word' id='word_1_545' title='bbox 328 4127 406 4170; x_wconf 90' lang='lat' dir='ltr'>nens</span> <span class='ocrx_word' id='word_1_546' title='bbox 421 4123 571 4169; x_wconf 83' lang='lat' dir='ltr'>concessa</span> <span class='ocrx_word' id='word_1_547' title='bbox 594 4106 635 4168; x_wconf 86' lang='lat' dir='ltr'>ad</span> <span class='ocrx_word' id='word_1_548' title='bbox 656 4109 812 4186; x_wconf 90' lang='lat' dir='ltr'>ornatum,</span> <span class='ocrx_word' id='word_1_549' title='bbox 837 4110 888 4171; x_wconf 87' lang='lat' dir='ltr'>vel</span> <span class='ocrx_word' id='word_1_550' title='bbox 909 4111 1121 4189; x_wconf 83' lang='lat' dir='ltr'>securitatem,</span> <span class='ocrx_word' id='word_1_551' title='bbox 1179 4108 1317 4173; x_wconf 89' lang='lat' dir='ltr'>caritatis</span> <span class='ocrx_word' id='word_1_552' title='bbox 1332 4105 1454 4187; x_wconf 83' lang='lat' dir='ltr'>obligor</span> <span class='ocrx_word' id='word_1_553' title='bbox 1468 4103 1545 4166; x_wconf 90' lang='lat' dir='ltr'>dare</span> <span class='ocrx_word' id='word_1_554' title='bbox 1559 4107 1721 4180; x_wconf 88' lang='lat' dir='ltr'>mutuum,</span> <span class='ocrx_word' id='word_1_555' title='bbox 1737 4121 1792 4164; x_wconf 90' lang='lat' dir='ltr'>me</span> <span class='ocrx_word' id='word_1_556' title='bbox 1807 4120 1867 4164; x_wconf 94' lang='lat' dir='ltr'>non</span> <span class='ocrx_word' id='word_1_557' title='bbox 1885 4109 1957 4178; x_wconf 76' lang='lat' dir='ltr'>posse</span> 
     </span>
     <span class='ocr_line' id='line_1_41' title="bbox 328 4191 1957 4280; baseline -0.007 -23"><span class='ocrx_word' id='word_1_558' title='bbox 328 4194 374 4257; x_wconf 93' lang='lat' dir='ltr'>uti</span> <span class='ocrx_word' id='word_1_559' title='bbox 388 4196 477 4256; x_wconf 88' lang='lat' dir='ltr'>notat</span> <span class='ocrx_word' id='word_1_560' title='bbox 490 4191 623 4258; x_wconf 76' lang='lat' dir='ltr'>Cardia</span> <span class='ocrx_word' id='word_1_561' title='bbox 638 4195 652 4254; x_wconf 93' lang='lat' dir='ltr'>l</span> <span class='ocrx_word' id='word_1_562' title='bbox 669 4193 749 4274; x_wconf 71' lang='lat' dir='ltr'>criti,</span> <span class='ocrx_word' id='word_1_563' title='bbox 765 4191 794 4256; x_wconf 84' lang='lat' dir='ltr'>d.</span> <span class='ocrx_word' id='word_1_564' title='bbox 805 4195 856 4273; x_wconf 89' lang='grc'>63,</span> <span class='ocrx_word' id='word_1_565' title='bbox 871 4216 901 4260; x_wconf 81' lang='lat' dir='ltr'>a.</span> <span class='ocrx_word' id='word_1_566' title='bbox 921 4201 990 4276; x_wconf 89' lang='grc'>117,</span> <span class='ocrx_word' id='word_1_567' title='bbox 1015 4217 1124 4280; x_wconf 87' lang='lat' dir='ltr'>quam·</span> <span class='ocrx_word' id='word_1_568' title='bbox 1179 4198 1219 4262; x_wconf 90' lang='lat' dir='ltr'>ob</span> <span class='ocrx_word' id='word_1_569' title='bbox 1232 4199 1357 4259; x_wconf 91' lang='lat' dir='ltr'>lucrum</span> <span class='ocrx_word' id='word_1_570' title='bbox 1370 4213 1496 4258; x_wconf 86' lang='lat' dir='ltr'>cessans</span> <span class='ocrx_word' id='word_1_571' title='bbox 1511 4191 1630 4274; x_wconf 82' lang='lat' dir='ltr'>aliquid</span> <span class='ocrx_word' id='word_1_572' title='bbox 1644 4191 1792 4271; x_wconf 83' lang='lat' dir='ltr'>accipere</span> <span class='ocrx_word' id='word_1_573' title='bbox 1805 4207 1896 4270; x_wconf 81' lang='lat' dir='ltr'>snpra</span> <span class='ocrx_word' id='word_1_574' title='bbox 1906 4201 1957 4248; x_wconf 76' lang='lat' dir='ltr'>sor</span> 
     </span>
     <span class='ocr_line' id='line_1_42' title="bbox 327 4276 1955 4374; baseline -0.007 -26"><span class='ocrx_word' id='word_1_575' title='bbox 327 4283 376 4348; x_wconf 82' lang='lat' dir='ltr'>vis</span> <span class='ocrx_word' id='word_1_576' title='bbox 398 4281 502 4348; x_wconf 86' lang='lat' dir='ltr'>adhue</span> <span class='ocrx_word' id='word_1_577' title='bbox 524 4286 614 4365; x_wconf 89' lang='lat' dir='ltr'>putet</span> <span class='ocrx_word' id='word_1_578' title='bbox 636 4281 742 4345; x_wconf 76' lang='lat' dir='ltr'>Palae.</span> <span class='ocrx_word' id='word_1_579' title='bbox 767 4282 790 4347; x_wconf 88' lang='lat' dir='ltr'>l.</span> <span class='ocrx_word' id='word_1_580' title='bbox 819 4287 850 4362; x_wconf 84' lang='grc'>1,</span> <span class='ocrx_word' id='word_1_581' title='bbox 874 4304 905 4349; x_wconf 85' lang='lat' dir='ltr'>a.</span> <span class='ocrx_word' id='word_1_582' title='bbox 923 4290 993 4366; x_wconf 83' lang='grc'>111,</span> <span class='ocrx_word' id='word_1_583' title='bbox 1011 4288 1077 4350; x_wconf 83' lang='lat' dir='ltr'>lore</span> <span class='ocrx_word' id='word_1_584' title='bbox 1091 4287 1125 4349; x_wconf 92' lang='lat' dir='ltr'>in</span> <span class='ocrx_word' id='word_1_585' title='bbox 1178 4283 1336 4365; x_wconf 85' lang='lat' dir='ltr'>tem,quia</span> <span class='ocrx_word' id='word_1_586' title='bbox 1348 4282 1422 4345; x_wconf 90' lang='lat' dir='ltr'>licet</span> <span class='ocrx_word' id='word_1_587' title='bbox 1436 4279 1606 4363; x_wconf 84' lang='lat' dir='ltr'>exjustitia</span> <span class='ocrx_word' id='word_1_588' title='bbox 1621 4276 1685 4341; x_wconf 88' lang='lat' dir='ltr'>non</span> <span class='ocrx_word' id='word_1_589' title='bbox 1698 4281 1955 4374; x_wconf 61' lang='lat' dir='ltr'>tenearmutusre,</span> 
     </span>
     <span class='ocr_line' id='line_1_43' title="bbox 327 4367 1956 4458; baseline -0.006 -22"><span class='ocrx_word' id='word_1_590' title='bbox 327 4373 389 4436; x_wconf 89' lang='lat' dir='ltr'>boc</span> <span class='ocrx_word' id='word_1_591' title='bbox 417 4372 556 4456; x_wconf 87' lang='lat' dir='ltr'>aliquam</span> <span class='ocrx_word' id='word_1_592' title='bbox 578 4371 776 4454; x_wconf 87' lang='lat' dir='ltr'>injustitiam,</span> <span class='ocrx_word' id='word_1_593' title='bbox 802 4373 876 4455; x_wconf 88' lang='lat' dir='ltr'>quia</span> <span class='ocrx_word' id='word_1_594' title='bbox 900 4374 1027 4454; x_wconf 87' lang='lat' dir='ltr'>utilitas,</span> <span class='ocrx_word' id='word_1_595' title='bbox 1053 4394 1124 4458; x_wconf 84' lang='lat' dir='ltr'>quae</span> <span class='ocrx_word' id='word_1_596' title='bbox 1178 4380 1284 4438; x_wconf 90' lang='lat' dir='ltr'>tamen</span> <span class='ocrx_word' id='word_1_597' title='bbox 1299 4371 1442 4435; x_wconf 89' lang='lat' dir='ltr'>absolute</span> <span class='ocrx_word' id='word_1_598' title='bbox 1457 4367 1639 4432; x_wconf 88' lang='lat' dir='ltr'>teneorsub</span> <span class='ocrx_word' id='word_1_599' title='bbox 1653 4373 1787 4448; x_wconf 85' lang='lat' dir='ltr'>peceato</span> <span class='ocrx_word' id='word_1_600' title='bbox 1813 4387 1822 4428; x_wconf 91' lang='lat'>:</span> <span class='ocrx_word' id='word_1_601' title='bbox 1848 4379 1914 4445; x_wconf 63' lang='lat' dir='ltr'>ergo</span> <span class='ocrx_word' id='word_1_602' title='bbox 1931 4377 1956 4421; x_wconf 83' lang='lat' dir='ltr'>u</span> 
     </span>
     <span class='ocr_line' id='line_1_44' title="bbox 328 4447 1956 4542; baseline -0.009 -17"><span class='ocrx_word' id='word_1_603' title='bbox 328 4461 759 4542; x_wconf 84' lang='lat' dir='ltr'>Commodatarioprovenit,</span> <span class='ocrx_word' id='word_1_604' title='bbox 785 4468 919 4527; x_wconf 90' lang='lat' dir='ltr'>nonest</span> <span class='ocrx_word' id='word_1_605' title='bbox 945 4482 985 4526; x_wconf 84' lang='lat' dir='ltr'>ex</span> <span class='ocrx_word' id='word_1_606' title='bbox 1012 4469 1125 4527; x_wconf 86' lang='lat' dir='ltr'>natura</span> <span class='ocrx_word' id='word_1_607' title='bbox 1179 4459 1447 4526; x_wconf 87' lang='lat' dir='ltr'>conscientianon</span> <span class='ocrx_word' id='word_1_608' title='bbox 1461 4462 1572 4538; x_wconf 90' lang='lat' dir='ltr'>potero</span> <span class='ocrx_word' id='word_1_609' title='bbox 1586 4455 1836 4536; x_wconf 87' lang='lat' dir='ltr'>peterelucrum</span> <span class='ocrx_word' id='word_1_610' title='bbox 1858 4453 1894 4515; x_wconf 85' lang='lat' dir='ltr'>ab</span> <span class='ocrx_word' id='word_1_611' title='bbox 1910 4447 1956 4511; x_wconf 85' lang='lat' dir='ltr'>boo</span> 
     </span>
     <span class='ocr_line' id='line_1_45' title="bbox 328 4541 1957 4635; baseline -0.007 -21"><span class='ocrx_word' id='word_1_612' title='bbox 328 4551 480 4632; x_wconf 87' lang='lat' dir='ltr'>pecuniae,</span> <span class='ocrx_word' id='word_1_613' title='bbox 497 4550 553 4613; x_wconf 85' lang='lat' dir='ltr'>sed</span> <span class='ocrx_word' id='word_1_614' title='bbox 567 4569 606 4612; x_wconf 85' lang='lat' dir='ltr'>ex</span> <span class='ocrx_word' id='word_1_615' title='bbox 617 4550 685 4612; x_wconf 88' lang='lat' dir='ltr'>aliis</span> <span class='ocrx_word' id='word_1_616' title='bbox 700 4551 941 4616; x_wconf 89' lang='lat' dir='ltr'>circumstantiis</span> <span class='ocrx_word' id='word_1_617' title='bbox 966 4553 1125 4635; x_wconf 86' lang='lat' dir='ltr'>pertinen·</span> <span class='ocrx_word' id='word_1_618' title='bbox 1179 4546 1439 4612; x_wconf 66' lang='lat' dir='ltr'>matricuriam</span> <span class='ocrx_word' id='word_1_619' title='bbox 1454 4547 1561 4608; x_wconf 89' lang='lat' dir='ltr'>autem</span> <span class='ocrx_word' id='word_1_620' title='bbox 1576 4543 1698 4624; x_wconf 79' lang='lat' dir='ltr'>obliger</span> <span class='ocrx_word' id='word_1_621' title='bbox 1710 4544 1858 4622; x_wconf 85' lang='lat' dir='ltr'>proximo</span> <span class='ocrx_word' id='word_1_622' title='bbox 1875 4541 1957 4602; x_wconf 73' lang='lat' dir='ltr'>exuc-</span> 
     </span>
     <span class='ocr_line' id='line_1_46' title="bbox 327 4629 1957 4720; baseline -0.01 -16"><span class='ocrx_word' id='word_1_623' title='bbox 327 4639 412 4704; x_wconf 87' lang='lat' dir='ltr'>tibus</span> <span class='ocrx_word' id='word_1_624' title='bbox 424 4637 464 4702; x_wconf 85' lang='lat' dir='ltr'>ad</span> <span class='ocrx_word' id='word_1_625' title='bbox 478 4637 579 4719; x_wconf 86' lang='lat' dir='ltr'>ipsam</span> <span class='ocrx_word' id='word_1_626' title='bbox 592 4655 761 4719; x_wconf 88' lang='lat' dir='ltr'>personam</span> <span class='ocrx_word' id='word_1_627' title='bbox 770 4639 1019 4720; x_wconf 85' lang='lat' dir='ltr'>commodatarii,</span> <span class='ocrx_word' id='word_1_628' title='bbox 1033 4641 1125 4704; x_wconf 88' lang='lat' dir='ltr'>adeo·</span> <span class='ocrx_word' id='word_1_629' title='bbox 1179 4657 1230 4700; x_wconf 92' lang='lat' dir='ltr'>me</span> <span class='ocrx_word' id='word_1_630' title='bbox 1242 4633 1395 4716; x_wconf 81' lang='lat' dir='ltr'>indigenti</span> <span class='ocrx_word' id='word_1_631' title='bbox 1419 4633 1549 4711; x_wconf 90' lang='lat' dir='ltr'>donare,</span> <span class='ocrx_word' id='word_1_632' title='bbox 1577 4631 1626 4694; x_wconf 83' lang='lat' dir='ltr'>vel</span> <span class='ocrx_word' id='word_1_633' title='bbox 1650 4629 1789 4696; x_wconf 83' lang='lat' dir='ltr'>sufficiat</span> <span class='ocrx_word' id='word_1_634' title='bbox 1811 4631 1884 4694; x_wconf 85' lang='lat' dir='ltr'>dure</span> <span class='ocrx_word' id='word_1_635' title='bbox 1902 4643 1957 4688; x_wconf 90' lang='lat' dir='ltr'>mu·</span> 
     </span>
     <span class='ocr_line' id='line_1_47' title="bbox 329 4720 1957 4812; baseline -0.004 -23"><span class='ocrx_word' id='word_1_636' title='bbox 329 4745 390 4809; x_wconf 93' lang='lat' dir='ltr'>que</span> <span class='ocrx_word' id='word_1_637' title='bbox 413 4727 462 4789; x_wconf 81' lang='lat' dir='ltr'>hee</span> <span class='ocrx_word' id='word_1_638' title='bbox 485 4744 548 4789; x_wconf 94' lang='lat' dir='ltr'>non</span> <span class='ocrx_word' id='word_1_639' title='bbox 571 4732 664 4787; x_wconf 88' lang='lat' dir='ltr'>crunt</span> <span class='ocrx_word' id='word_1_640' title='bbox 685 4727 786 4806; x_wconf 88' lang='lat' dir='ltr'>pretio</span> <span class='ocrx_word' id='word_1_641' title='bbox 809 4727 983 4792; x_wconf 86' lang='lat' dir='ltr'>vendibiles</span> <span class='ocrx_word' id='word_1_642' title='bbox 1004 4747 1023 4790; x_wconf 88' lang='lat' dir='ltr'>a</span> <span class='ocrx_word' id='word_1_643' title='bbox 1042 4747 1126 4791; x_wconf 91' lang='lat' dir='ltr'>com·</span> <span class='ocrx_word' id='word_1_644' title='bbox 1179 4731 1280 4804; x_wconf 90' lang='lat' dir='ltr'>tuum,</span> <span class='ocrx_word' id='word_1_645' title='bbox 1298 4724 1480 4787; x_wconf 88' lang='lat' dir='ltr'>dictumest</span> <span class='ocrx_word' id='word_1_646' title='bbox 1495 4720 1557 4802; x_wconf 73' lang='grc'>12,</span> <span class='ocrx_word' id='word_1_647' title='bbox 1573 4740 1604 4783; x_wconf 79' lang='lat' dir='ltr'>rs.</span> <span class='ocrx_word' id='word_1_648' title='bbox 1620 4723 1690 4784; x_wconf 77' lang='lat' dir='ltr'>uon.</span> <span class='ocrx_word' id='word_1_649' title='bbox 1951 4797 1957 4812; x_wconf 34' lang='lat'><strong>¹</strong></span> 
     </span>
     <span class='ocr_line' id='line_1_48' title="bbox 328 4807 1954 4898; baseline -0.002 -22"><span class='ocrx_word' id='word_1_650' title='bbox 328 4815 495 4890; x_wconf 87' lang='lat' dir='ltr'>madante;</span> <span class='ocrx_word' id='word_1_651' title='bbox 511 4814 625 4876; x_wconf 90' lang='lat' dir='ltr'>deinde</span> <span class='ocrx_word' id='word_1_652' title='bbox 640 4814 746 4894; x_wconf 69' lang='lat' dir='ltr'>etiarm</span> <span class='ocrx_word' id='word_1_653' title='bbox 764 4815 838 4898; x_wconf 92' lang='lat' dir='ltr'>quia</span> <span class='ocrx_word' id='word_1_654' title='bbox 852 4835 910 4898; x_wconf 88' lang='lat' dir='ltr'>per</span> <span class='ocrx_word' id='word_1_655' title='bbox 923 4818 1019 4880; x_wconf 89' lang='lat' dir='ltr'>talem</span> <span class='ocrx_word' id='word_1_656' title='bbox 1033 4837 1126 4880; x_wconf 89' lang='lat' dir='ltr'>usum</span> <span class='ocrx_word' id='word_1_657' title='bbox 1222 4814 1329 4891; x_wconf 75' lang='lat' dir='ltr'>(lueet.</span> <span class='ocrx_word' id='word_1_658' title='bbox 1348 4815 1416 4875; x_wconf 87' lang='grc'>137.</span> <span class='ocrx_word' id='word_1_659' title='bbox 1430 4811 1532 4874; x_wconf 85' lang='lat' dir='ltr'>-Aa</span> <span class='ocrx_word' id='word_1_660' title='bbox 1546 4808 1710 4892; x_wconf 80' lang='lat' dir='ltr'>otc&#39;quoado</span> <span class='ocrx_word' id='word_1_661' title='bbox 1722 4807 1954 4873; x_wconf 74' lang='lat' dir='ltr'>liceat-meunt</span> 
     </span>
     <span class='ocr_line' id='line_1_49' title="bbox 329 4893 1956 4988; baseline -0.002 -26"><span class='ocrx_word' id='word_1_662' title='bbox 329 4901 407 4963; x_wconf 91' lang='lat' dir='ltr'>nibil</span> <span class='ocrx_word' id='word_1_663' title='bbox 428 4901 553 4965; x_wconf 88' lang='lat' dir='ltr'>decedit</span> <span class='ocrx_word' id='word_1_664' title='bbox 575 4901 615 4964; x_wconf 86' lang='lat' dir='ltr'>de</span> <span class='ocrx_word' id='word_1_665' title='bbox 638 4902 744 4966; x_wconf 88' lang='lat' dir='ltr'>valore</span> <span class='ocrx_word' id='word_1_666' title='bbox 774 4903 825 4966; x_wconf 87' lang='lat' dir='ltr'>vel</span> <span class='ocrx_word' id='word_1_667' title='bbox 845 4906 947 4984; x_wconf 86' lang='lat' dir='ltr'>pretio</span> <span class='ocrx_word' id='word_1_668' title='bbox 970 4907 1124 4986; x_wconf 87' lang='lat' dir='ltr'>pecuniae,</span> <span class='ocrx_word' id='word_1_669' title='bbox 1181 4905 1312 4988; x_wconf 84' lang='lat' dir='ltr'>accipere</span> <span class='ocrx_word' id='word_1_670' title='bbox 1325 4901 1443 4986; x_wconf 83' lang='lat' dir='ltr'>aliquid</span> <span class='ocrx_word' id='word_1_671' title='bbox 1450 4919 1542 4984; x_wconf 81' lang='lat' dir='ltr'>sopra</span> <span class='ocrx_word' id='word_1_672' title='bbox 1554 4899 1682 4964; x_wconf 80' lang='lat' dir='ltr'>sortem?</span> <span class='ocrx_word' id='word_1_673' title='bbox 1695 4903 1733 4962; x_wconf 81' lang='lat' dir='ltr'>ll.</span> <span class='ocrx_word' id='word_1_674' title='bbox 1756 4897 1860 4981; x_wconf 82' lang='lat' dir='ltr'>Aliqui</span> <span class='ocrx_word' id='word_1_675' title='bbox 1881 4893 1956 4958; x_wconf 78' lang='lat' dir='ltr'>abac·</span> 
     </span>
     <span class='ocr_line' id='line_1_50' title="bbox 329 4981 1955 5073; baseline -0.004 -21"><span class='ocrx_word' id='word_1_676' title='bbox 329 5009 388 5054; x_wconf 89' lang='lat' dir='ltr'>neo</span> <span class='ocrx_word' id='word_1_677' title='bbox 402 4991 606 5054; x_wconf 84' lang='lat' dir='ltr'>commodans</span> <span class='ocrx_word' id='word_1_678' title='bbox 621 4991 692 5054; x_wconf 90' lang='lat' dir='ltr'>ideo</span> <span class='ocrx_word' id='word_1_679' title='bbox 707 4991 825 5072; x_wconf 84' lang='lat' dir='ltr'>patitur</span> <span class='ocrx_word' id='word_1_680' title='bbox 839 4994 939 5056; x_wconf 92' lang='lat' dir='ltr'>ullum</span> <span class='ocrx_word' id='word_1_681' title='bbox 952 4995 1128 5058; x_wconf 90' lang='lat' dir='ltr'>incommo-</span> <span class='ocrx_word' id='word_1_682' title='bbox 1179 4993 1256 5069; x_wconf 87' lang='lat' dir='ltr'>lute,</span> <span class='ocrx_word' id='word_1_683' title='bbox 1274 5011 1313 5054; x_wconf 90' lang='lat' dir='ltr'>ne</span> <span class='ocrx_word' id='word_1_684' title='bbox 1322 4994 1400 5073; x_wconf 80' lang='lat' dir='ltr'>gant</span> <span class='ocrx_word' id='word_1_685' title='bbox 1416 5010 1423 5053; x_wconf 93' lang='lat'>:</span> <span class='ocrx_word' id='word_1_686' title='bbox 1441 4994 1470 5052; x_wconf 91' lang='grc'>1.</span> <span class='ocrx_word' id='word_1_687' title='bbox 1488 4987 1568 5064; x_wconf 86' lang='lat' dir='ltr'>Quia</span> <span class='ocrx_word' id='word_1_688' title='bbox 1581 4987 1723 5052; x_wconf 84' lang='lat' dir='ltr'>Christus</span> <span class='ocrx_word' id='word_1_689' title='bbox 1735 4989 1812 5051; x_wconf 87' lang='lat' dir='ltr'>Luc.</span> <span class='ocrx_word' id='word_1_690' title='bbox 1828 4981 1955 5065; x_wconf 71' lang='grc'>611111·</span> 
     </span>
     <span class='ocr_line' id='line_1_51' title="bbox 329 5071 1952 5168; baseline -0.004 -24"><span class='ocrx_word' id='word_1_691' title='bbox 329 5079 417 5160; x_wconf 90' lang='lat' dir='ltr'>dum,</span> <span class='ocrx_word' id='word_1_692' title='bbox 434 5080 478 5144; x_wconf 94' lang='lat' dir='ltr'>uti</span> <span class='ocrx_word' id='word_1_693' title='bbox 493 5079 692 5161; x_wconf 90' lang='lat' dir='ltr'>supponitur.</span> <span class='ocrx_word' id='word_1_694' title='bbox 1180 5081 1307 5163; x_wconf 88' lang='lat' dir='ltr'>probat.</span> <span class='ocrx_word' id='word_1_695' title='bbox 1323 5083 1353 5144; x_wconf 73' lang='lat'>2.</span> <span class='ocrx_word' id='word_1_696' title='bbox 1371 5078 1452 5154; x_wconf 82' lang='lat' dir='ltr'>Quia</span> <span class='ocrx_word' id='word_1_697' title='bbox 1469 5079 1502 5142; x_wconf 85' lang='lat' dir='ltr'>G.</span> <span class='ocrx_word' id='word_1_698' title='bbox 1528 5076 1615 5154; x_wconf 79' lang='lat' dir='ltr'>Quod</span> <span class='ocrx_word' id='word_1_699' title='bbox 1629 5083 1742 5150; x_wconf 67' lang='lat' dir='ltr'>oudam</span> <span class='ocrx_word' id='word_1_700' title='bbox 1760 5081 1792 5140; x_wconf 87' lang='lat' dir='ltr'>et</span> <span class='ocrx_word' id='word_1_701' title='bbox 1812 5091 1894 5156; x_wconf 81' lang='lat' dir='ltr'>seqq.</span> <span class='ocrx_word' id='word_1_702' title='bbox 1913 5071 1952 5168; x_wconf 34' lang='lat' dir='ltr'>ll..</span> 
     </span>
     <span class='ocr_line' id='line_1_52' title="bbox 262 5165 1954 5256; baseline -0.005 -23"><span class='ocrx_word' id='word_1_703' title='bbox 262 5205 305 5256; x_wconf 60' lang='lat' dir='ltr'>m</span> <span class='ocrx_word' id='word_1_704' title='bbox 372 5171 482 5249; x_wconf 74' lang='lat' dir='ltr'>Queat.</span> <span class='ocrx_word' id='word_1_705' title='bbox 507 5173 576 5234; x_wconf 82' lang='grc'>131.</span> <span class='ocrx_word' id='word_1_706' title='bbox 596 5203 637 5218; x_wconf 91' lang='grc'><strong>-</strong></span> <span class='ocrx_word' id='word_1_707' title='bbox 658 5170 707 5232; x_wconf 84' lang='lat' dir='ltr'>Aa</span> <span class='ocrx_word' id='word_1_708' title='bbox 724 5170 862 5236; x_wconf 68' lang='lat' dir='ltr'>rausero</span> <span class='ocrx_word' id='word_1_709' title='bbox 883 5171 969 5236; x_wconf 78' lang='lat' dir='ltr'>detur</span> <span class='ocrx_word' id='word_1_710' title='bbox 990 5173 1127 5256; x_wconf 82' lang='lat' dir='ltr'>parcitas</span> <span class='ocrx_word' id='word_1_711' title='bbox 1180 5189 1212 5252; x_wconf 87' lang='lat' dir='ltr'>q.</span> <span class='ocrx_word' id='word_1_712' title='bbox 1221 5173 1252 5250; x_wconf 92' lang='grc'>3,</span> <span class='ocrx_word' id='word_1_713' title='bbox 1263 5168 1444 5234; x_wconf 88' lang='lat' dir='ltr'>dicitur:Si</span> <span class='ocrx_word' id='word_1_714' title='bbox 1449 5167 1531 5252; x_wconf 78' lang='lat' dir='ltr'>ptus,</span> <span class='ocrx_word' id='word_1_715' title='bbox 1543 5185 1632 5249; x_wconf 80' lang='lat' dir='ltr'>paam</span> <span class='ocrx_word' id='word_1_716' title='bbox 1642 5165 1760 5244; x_wconf 80' lang='lat' dir='ltr'>dedisti,</span> <span class='ocrx_word' id='word_1_717' title='bbox 1770 5172 1954 5248; x_wconf 66' lang='lat' dir='ltr'>apertarum</span> 
     </span>
     <span class='ocr_line' id='line_1_53' title="bbox 328 5249 1954 5346; baseline -0.005 -22"><span class='ocrx_word' id='word_1_718' title='bbox 328 5257 533 5326; x_wconf 77' lang='lat' dir='ltr'>moter‘celll.</span> <span class='ocrx_word' id='word_1_719' title='bbox 544 5258 734 5325; x_wconf 86' lang='lat' dir='ltr'>Dubitarunt</span> <span class='ocrx_word' id='word_1_720' title='bbox 746 5259 842 5343; x_wconf 90' lang='lat' dir='ltr'>aliqui</span> <span class='ocrx_word' id='word_1_721' title='bbox 856 5262 941 5342; x_wconf 84' lang='lat' dir='ltr'>apud</span> <span class='ocrx_word' id='word_1_722' title='bbox 951 5262 1042 5327; x_wconf 85' lang='lat' dir='ltr'>Dian.</span> <span class='ocrx_word' id='word_1_723' title='bbox 1050 5282 1081 5346; x_wconf 84' lang='lat' dir='ltr'>p.</span> <span class='ocrx_word' id='word_1_724' title='bbox 1092 5266 1124 5342; x_wconf 82' lang='lat'>5,</span> <span class='ocrx_word' id='word_1_725' title='bbox 1178 5249 1954 5342; x_wconf 67' lang='lat' dir='ltr'>perateacrctorer.Quidquidruprcdutureeipitu</span> 
     </span>
    </p>
   </div>
   <div class='ocr_carea' id='block_1_3' title="bbox 325 5473 1991 5630">
    <p class='ocr_par' dir='ltr' id='par_1_3' title="bbox 325 5473 1991 5654">
     <span class='ocr_line' id='line_1_54' title="bbox 325 5473 1991 5570; baseline -0.011 -18"><span class='ocrx_word' id='word_1_726' title='bbox 325 5552 333 5570; x_wconf 64' lang='lat'>,</span> <span class='ocrx_word' id='word_1_727' title='bbox 358 5493 422 5552; x_wconf 69' lang='lat' dir='ltr'>{Bt</span> <span class='ocrx_word' id='word_1_728' title='bbox 434 5491 534 5559; x_wconf 65' lang='lat' dir='ltr'>lure‘P.</span> <span class='ocrx_word' id='word_1_729' title='bbox 550 5488 729 5546; x_wconf 70' lang='lat' dir='ltr'>uerutum</span> <span class='ocrx_word' id='word_1_730' title='bbox 739 5481 883 5559; x_wconf 71' lang='lat' dir='ltr'>peiurio</span> <span class='ocrx_word' id='word_1_731' title='bbox 899 5493 1000 5560; x_wconf 73' lang='lat' dir='ltr'>rfltqor</span> <span class='ocrx_word' id='word_1_732' title='bbox 1009 5493 1126 5547; x_wconf 83' lang='lat' dir='ltr'>modero-</span> <span class='ocrx_word' id='word_1_733' title='bbox 1179 5488 1252 5542; x_wconf 75' lang='lat' dir='ltr'>Adde</span> <span class='ocrx_word' id='word_1_734' title='bbox 1274 5488 1436 5542; x_wconf 71' lang='lat' dir='ltr'>benedictum</span> <span class='ocrx_word' id='word_1_735' title='bbox 1454 5484 1521 5554; x_wconf 77' lang='lat' dir='ltr'>xlv,</span> <span class='ocrx_word' id='word_1_736' title='bbox 1535 5486 1573 5540; x_wconf 77' lang='lat' dir='ltr'>de·</span> <span class='ocrx_word' id='word_1_737' title='bbox 1589 5486 1694 5552; x_wconf 64' lang='lat' dir='ltr'>Secede</span> <span class='ocrx_word' id='word_1_738' title='bbox 1710 5483 1869 5548; x_wconf 63' lang='lat' dir='ltr'>umam,</span> <span class='ocrx_word' id='word_1_739' title='bbox 1881 5473 1952 5536; x_wconf 73' lang='lat' dir='ltr'>tal.</span> <span class='ocrx_word' id='word_1_740' title='bbox 1989 5487 1991 5544; x_wconf 77' lang='lat' dir='ltr'>l</span> 
     </span>
     <span class='ocr_line' id='line_1_55' title="bbox 338 5561 1991 5630; baseline -0.001 -14"><span class='ocrx_word' id='word_1_741' title='bbox 338 5565 378 5616; x_wconf 77' lang='lat' dir='ltr'>rus</span> <span class='ocrx_word' id='word_1_742' title='bbox 400 5561 522 5617; x_wconf 68' lang='lat' dir='ltr'>acutae</span> <span class='ocrx_word' id='word_1_743' title='bbox 545 5562 686 5628; x_wconf 78' lang='lat' dir='ltr'>Pontificie</span> <span class='ocrx_word' id='word_1_744' title='bbox 708 5563 776 5614; x_wconf 71' lang='grc' dir='ltr'>εἰναι</span> <span class='ocrx_word' id='word_1_745' title='bbox 799 5562 978 5630; x_wconf 66' lang='lat' dir='ltr'>murasbr&#39;et.</span> <span class='ocrx_word' id='word_1_746' title='bbox 994 5565 1018 5627; x_wconf 90' lang='grc'>1,</span> <span class='ocrx_word' id='word_1_747' title='bbox 1034 5576 1090 5628; x_wconf 83' lang='lat' dir='ltr'>cap.</span> <span class='ocrx_word' id='word_1_748' title='bbox 1179 5577 1234 5628; x_wconf 81' lang='lat' dir='ltr'>cop.</span> <span class='ocrx_word' id='word_1_749' title='bbox 1248 5561 1288 5615; x_wconf 83' lang='grc'>17.</span> <span class='ocrx_word' id='word_1_750' title='bbox 1989 5565 1991 5630; x_wconf 83' lang='lat' dir='ltr'>l</span> 
     </span>
    </p>
   </div>
   <div class='ocr_carea' id='block_1_4' title="bbox 0 0 2011 6340">
    <p class='ocr_par' dir='ltr' id='par_1_4' title="bbox 0 0 2011 6340">
     <span class='ocr_line' id='line_1_56' title="bbox 0 0 2011 6340; baseline 0 0"><span class='ocrx_word' id='word_1_751' title='bbox 0 0 2011 6340; x_wconf 95' lang='lat' dir='ltr'> </span> 
     </span>
    </p>
   </div>
  </div>
 </body>
</html>
