4086 6348
317 643 378 712 738
967 641 1084 708 ulons
1106 640 1304 716 QUARTUS.

316 832 482 912 capturam
504 828 735 894 decernendam
758 827 901 893 sufficere
922 830 1106 906 videantur;
1164 841 1231 898 tere
1246 826 1514 912 presumpserint,
1527 825 1779 890 ernuncomnis
1792 825 1826 890 in
1840 831 1950 892 eccon

316 923 393 984 trrnc
415 919 509 983 (turia
533 918 752 982 Ecclesiastico
778 919 819 982 ed
846 918 988 1002 ejusdcm
1011 920 1111 982 delin·
1164 919 1247 981 rium
1261 917 1497 999 premissorum
1510 916 1650 997 gerenda
1663 915 1763 994 irrite,
1780 921 1813 980 et
1834 915 1950 994 iumia,

318 1009 442 1092 quentis
454 1007 678 1072 extractionem
692 1007 732 1070 ub
746 1008 898 1086 Ecclesia,
910 1008 1019 1072 aliisve
1033 1009 1111 1072 locis
1166 1008 1343 1088 nulliusque
1370 1006 1516 1084 roboris,
1546 1005 1596 1068 vel
1624 1005 1776 1069 momenti
1809 1009 1950 1084 perpetrm

318 1096 520 1174 immunibus,
543 1113 614 1177 ope,
631 1095 789 1158 comedin
805 1115 933 1160 suorum
952 1102 1111 1159 exsecuto·
1165 1095 1244 1175 iore,
1256 1093 1829 1178 ipsosqueAttententesinGcnsures,
1841 1092 1951 1156 stulu
2015 1122 2017 1128 ·

317 1200 401 1264 rum,
416 1183 581 1265 implorato
599 1183 694 1247 etiem
713 1191 868 1266 quatenus
886 1204 966 1266 opus
984 1187 1025 1249 sit
1038 1187 1112 1247 bru·
1165 1195 1276 1265 preces
1291 1185 1421 1248 eSucris
1435 1181 1625 1260 canonibus,
1641 1187 1673 1245 et
1683 1181 1951 1246 constitutionum

318 1271 381 1336 chii
394 1273 552 1338 smculcds
570 1273 686 1336 auxilio
707 1280 738 1336 ct
755 1292 828 1336 cum
845 1274 1022 1338 interventu
1036 1277 1113 1337 Per·
1166 1272 1354 1353 Apostolicis
1366 1271 1518 1334 adversus
1540 1288 1615 1349 eos,
1636 1272 1690 1353 qni
1709 1270 1951 1353 jurisdictionem

315 1379 404 1426 socae
425 1361 653 1425 Ecclesiasticae
675 1361 715 1424 ab
736 1363 889 1444 Episcopo
911 1364 1110 1445 deputande,
1166 1361 1416 1424 Ecclesiasticsm
1432 1360 1666 1442 quoquomodo
1681 1361 1812 1439 ludunt,
1835 1379 1873 1422 sc
1892 1360 1951 1421 vio·

318 1449 490 1534 procedere
517 1453 674 1529 tenentur,
704 1455 944 1532 extractumque
971 1452 1013 1513 ad
1040 1469 1113 1514 suos
1166 1451 1243 1527 lant,
1258 1449 1391 1512 inflictas
1405 1448 1565 1510 incurrere
1582 1446 1951 1526 decermimus,etdaclr-

318 1556 461 1605 carceres
483 1539 648 1620 asportari,
672 1557 709 1602 ec
731 1539 775 1601 ibi
799 1540 858 1602 sub
881 1544 950 1617 tute
971 1539 1114 1603 custodia
1166 1555 1273 1602 remus
1286 1537 1437 1614 volentes,
1450 1535 1658 1613 intondcntes,
1670 1553 1708 1597 ac
1717 1553 1864 1616 expresse
1873 1553 1952 1596 mau-

319 1625 451 1692 detiueri
469 1631 559 1690 curet
575 1631 608 1691 ct
620 1626 725 1692 leniet·
743 1627 803 1692 Ubi
817 1645 894 1690 vero
908 1647 946 1691 cx
964 1645 1112 1708 processu
1168 1629 1290 1705 dantes,
1305 1626 1389 1708 quod
1404 1625 1586 1689 omnimodo
1605 1625 1754 1706 cognitio,
1771 1629 1865 1706 atque
1875 1623 1952 1706 judi-

318 1715 516 1779 iniormetivo
543 1715 679 1796 desuper
707 1715 900 1778 conficiendo
929 1719 1051 1780 constet
1073 1714 1113 1777 de
1169 1717 1252 1779 cium
1272 1715 1312 1777 de
1334 1713 1517 1776 criminibus
1537 1714 1569 1774 iu
1592 1711 1785 1794 Gregoriana
1807 1713 1952 1776 conctu-

318 1803 449 1869 crimine
457 1807 601 1884 excepto,
613 1821 651 1866 ac
663 1803 791 1884 insuper
800 1804 951 1867 adversus
966 1804 1114 1866 eumdem
1167 1806 1253 1867 tione
1268 1802 1416 1883 exceptis,
1433 1805 1465 1864 et
1477 1821 1498 1863 a
1510 1803 1606 1864 Nobis
1624 1802 1769 1882 superius
1782 1801 1950 1884 explicetis,

320 1895 495 1958 extructum
519 1891 595 1954 talis
617 1892 768 1955 resultent
790 1891 916 1970 indicis,
943 1897 978 1956 ut
995 1893 1114 1954 crimen
1167 1897 1236 1957 tum
1259 1892 1354 1956 etiem
1372 1892 1412 1954 de
1431 1891 1511 1970 aliis,
1535 1909 1606 1972 quer
1628 1890 1662 1953 in
1683 1892 1832 1972 praessnli
1855 1895 1953 1954 ιιιιιι

319 1981 361 2044 ab
379 1998 417 2044 co
437 1979 533 2043 luisse
550 1982 711 2060 patratum
730 1981 893 2044 moraliter
911 1982 997 2044 credi
1016 1982 1115 2061 possit
1169 1980 1395 2048 Constitutione
1427 1979 1624 2062 adjicienda,
1654 1984 1686 2042 et
1712 1979 1856 2043 similiter
1880 1979 1954 2042 exci-

320 2065 404 2148 (quar
424 2067 553 2148 quidem
573 2066 690 2130 indicio
706 2067 798 2148 juxta
818 2068 943 2148 regulas
962 2069 1047 2132 iuris
1061 2088 1114 2131 vo·
1168 2069 1284 2149 pianda
1303 2068 1460 2147 duximus,
1478 2067 1765 2150 quemadmodum,
1788 2071 1824 2130 ut
1836 2067 1955 2147 prefers

320 2157 433 2221 untur
466 2154 549 2218 ultre
583 2153 762 2236 torturam)
799 2173 836 2218 eo
871 2155 1002 2218 tendem
1039 2176 1114 2219 casu
1169 2162 1230 2235 tur,
1252 2157 1435 2239 sdJecimus,
1460 2160 1492 2219 et
1513 2157 1705 2236 excepimus,
1728 2155 1771 2218 ed
1794 2155 1955 2236 Episcopos

320 2242 489 2324 prefatum
526 2247 700 2308 arbactum
738 2242 887 2308 Ministris
922 2248 954 2309 et
990 2245 1116 2308 Officia·-
1169 2251 1292 2310 tantum
1306 2246 1471 2327 privative,
1488 2246 1593 2328 quoad
1615 2263 1726 2308 omnes
1744 2245 1833 2324 alios,
1851 2264 1956 2326 perpe

249 2401 254 2416 ⁴
320 2331 402 2398 libus
425 2330 527 2396 cunc
550 2331 715 2396 Saecularis
735 2332 860 2396 beders
883 2336 914 2396 et
928 2333 1114 2413 consignare
1169 2340 1223 2399 tuo
1238 2339 1369 2418 spectet,
1390 2341 1485 2417 atque
1500 2341 1644 2416 spectare
1663 2335 1797 2411 debeat;
1813 2339 1846 2398 et
1863 2335 1955 2398 donce

319 2419 429 2500 pessit,
449 2438 486 2485 ac
505 2419 630 2498 debeat,
654 2424 765 2484 exacte
785 2425 903 2499 temen,
924 2426 1114 2502 receptaque
1169 2425 1228 2505 ipsi
1237 2425 1268 2486 in
1278 2423 1515 2487 occurrentibus
1526 2424 1653 2487 ossibus
1668 2422 1896 2487 declaraverint
1908 2423 1955 2486 de

320 2507 407 2590 prius
416 2508 457 2572 ab
467 2508 542 2588 ipsis
555 2509 745 2589 obligatione
758 2510 790 2572 in
804 2509 999 2576 formeturie
1011 2510 1116 2573 valide
1169 2514 1281 2576 lictum
1295 2533 1364 2576 esse
1379 2513 1418 2576 de
1429 2514 1577 2594 exceptis,
1595 2517 1627 2576 et
1639 2517 1744 2576 cetero
1755 2513 1863 2576 omnic
1874 2530 1893 2574 a
1905 2529 1956 2574 nc·

320 2595 504 2668 restituendi
520 2600 695 2659 exsectum
713 2597 861 2661 Ecclesiae
876 2597 935 2659 sub
953 2615 1048 2676 poene
1062 2617 1116 2660 cx·
1169 2601 1218 2663 bis
1231 2601 1375 2681 superius
1389 2601 1557 2664 constituto
1567 2599 1820 2680 adimpleverint,
1836 2599 1955 2682 inquisi·

321 2685 612 2748 communicationis
623 2685 696 2748 later
710 2685 873 2748 sententies
888 2685 990 2764 nobis,
1006 2705 1043 2748 eo
1058 2703 1114 2765 pro
1169 2695 1218 2753 tos
1232 2689 1392 2767 Ecclesiae,
1407 2690 1459 2750 vel
1473 2689 1602 2752 elten'us
1622 2689 1681 2751 loci
1697 2688 1792 2768 sacri,
1807 2687 1848 2752 ed
1867 2703 1956 2770 quem

320 2777 462 2854 tempore
471 2773 617 2836 existenti
631 2775 771 2836 Romano
782 2773 923 2836 Pontifici
933 2778 1113 2851 reservetur,
1170 2777 1399 2859 confugerunt,
1429 2775 1625 2840 immunitate
1649 2777 1790 2858 gaudere
1817 2781 1881 2840 tcto
1907 2777 1957 2838 de·

321 2867 477 2945 quotenus
489 2861 575 2924 idem
589 2864 746 2924 extructus
758 2860 875 2923 indicia
889 2865 997 2924 cenna
1012 2861 1116 2941 ipsum
1169 2866 1256 2945 bere,
1281 2883 1318 2928 ac
1332 2866 1364 2927 in
1386 2883 1425 2926 ec
1445 2863 1688 2942 conservandos,
1705 2868 1738 2927 et
1760 2869 1956 2928 manutener-

320 2947 476 3030 acquisitc
492 2948 525 3010 in
539 2949 603 3014 suis
621 2949 856 3012 defensionibus
874 2955 999 3030 purget,
1016 2969 1054 3012 ac
1068 2952 1116 3013 di·
1169 2955 1227 3018 dos
1255 2971 1323 3017 esse
1355 2954 1541 3033 statuimus,
1564 2953 1788 3035 precipimus,
1818 2960 1850 3016 et
1874 2971 1957 3017 mco·

319 3035 397 3104 luat.
420 3037 556 3111 Quodsi
578 3055 616 3100 en
635 3037 764 3100 minime
784 3039 968 3119 purgaverit
989 3044 1021 3103 et
1041 3059 1115 3102 vere
1170 3044 1294 3110 demus.

321 3124 506 3208 delinquens
520 3131 662 3206 neporus
676 3126 780 3205 fuerit,
801 3127 902 3192 Guriae
918 3127 1068 3190 Suculsri
1084 3127 1116 3188 iu
1215 3154 1230 3192 ιι
1249 3131 1419 3198 Universos
1439 3131 1578 3209 demum,
1595 3134 1627 3194 st
1639 3131 1779 3212 singulos
1798 3129 1956 3196 Venerabi-

320 3211 425 3298 lpsum
437 3215 492 3280 tali
506 3233 592 3294 orsu,
608 3220 645 3277 ut
656 3214 738 3296 juris
753 3235 823 3280 esec
836 3215 994 3280 censuerit
1007 3234 1113 3297 egere,
1170 3221 1215 3284 les
1230 3222 1355 3284 Fratres
1369 3223 1497 3284 Nostros
1512 3219 1958 3299 Pacnuchesrnmathrr·

321 3308 416 3386 atque
430 3304 601 3386 procedere
615 3303 699 3368 licet.
1171 3309 1397 3390 cbiepisccpos,
1409 3315 1442 3370 et
1453 3308 1636 3389 Episcopos,
1649 3326 1729 3390 quoe
1742 3308 1839 3390 hujus
1847 3312 1957 3372 Noslrrt

360 3413 376 3458 ιι
394 3396 552 3458 Praeterea
564 3393 797 3458 considerantes
812 3409 895 3475 serpe
909 3393 1027 3458 dictum
1043 3395 1115 3456 Gre-
1171 3397 1405 3462 constitutionis
1413 3401 1618 3460 Exsecutorer
1627 3392 1959 3477 depuumnspcvnse

320 3483 445 3566 perium
468 3482 735 3545 Proedecessorem
759 3483 791 3545 in
811 3501 870 3546 sue
889 3482 1115 3546 Constitutione
1170 3487 1258 3549 ribus
1269 3485 1392 3549 Domini
1402 3486 1505 3550 Nostri
1527 3487 1602 3551 Jesu
1622 3485 1960 3563 consciorumque

321 3571 439 3653 optimo
454 3571 581 3652 quidem
588 3569 821 3652 jureeenxisse,
835 3577 871 3636 ιιι
885 3571 941 3636 soli
956 3572 1114 3652 Episcopi,
1170 3581 1303 3656 paterna
1316 3575 1469 3639 charitats
1483 3574 1702 3652 admonemus,
1718 3579 1754 3636 ut
1771 3572 1880 3654 quenti
1898 3587 1960 3633 moe

321 3667 354 3724 et
373 3678 437 3724 non
450 3659 502 3722 ulii
516 3659 672 3740 Episcopo
695 3659 871 3740 inferiores,
897 3661 1019 3724 etiamsi
1032 3660 1117 3722 loco·
1170 3663 1268 3726 menti
1282 3664 1322 3726 sit
1341 3663 1401 3724 hoo
1420 3664 1595 3743 negotium,
1617 3661 1699 3725 sario
1724 3661 1909 3742 cogitantes,
1930 3659 1959 3720 ic

322 3765 393 3813 rnm
407 3747 564 3813 ordinarii
585 3747 649 3810 sint
668 3754 724 3810 aut
744 3748 859 3811 nullius
874 3747 1036 3826 Dioecesis,
1062 3750 1118 3811 aut
1170 3754 1202 3814 in
1222 3751 1457 3815 occurrentibus
1480 3751 1605 3813 essibus
1628 3749 1814 3831 qualitatem
1827 3751 1958 3824 testim

321 3838 561 3902 Gonservatcrss
582 3837 698 3899 aSede
718 3836 900 3917 Apostolica
920 3837 1114 3918 specialiter,
1171 3846 1203 3904 et
1216 3839 1438 3920 probationum
1460 3838 1585 3918 pondus
1599 3853 1721 3900 summo
1735 3836 1852 3915 studio,
1868 3852 1906 3899 ac
1918 3833 1961 3896 vs

321 3923 574 4006 selgenerelitcr
586 3924 728 4005 deputati
741 3942 944 4008 cognoscere,
966 3929 999 3989 et
1012 3925 1117 3987 decla·
1169 3921 1301 4003 pilentis
1314 3922 1503 3996 scrutentur,
1522 3935 1710 3998 omnemque
1730 3915 1887 3994 incudem,
1910 3914 1962 3978 do-

321 4029 393 4076 rcre
405 4012 553 4087 valeect;
573 4031 614 4074 nn
629 4011 754 4091 delicte,
770 4031 827 4093 pro
841 4012 954 4094 quibus
978 4010 1116 4093 inquisiti
1169 4009 1237 4072 lum
1250 4007 1359 4088 procul
1373 4006 1474 4069 arceri
1487 4009 1643 4086 satagant,
1660 4004 1736 4086 quin
1748 4003 1846 4067 etism
1858 4004 1961 4067 Sacer

322 4101 364 4170 etl
377 4101 447 4165 loca
463 4099 620 4164 immunia
634 4101 853 4182 confugerunt,
870 4104 902 4166 ct
916 4100 962 4162 eis
976 4119 1010 4162 se
1031 4118 1116 4162 rece.
1171 4095 1267 4160 dotali
1290 4099 1428 4175 pectore,
1444 4095 1692 4176 quotiescunque
1716 4105 1796 4173 opus
1810 4092 1914 4170 fuerit,
1927 4089 1963 4152 iis

320 4193 447 4272 pssunt,
475 4188 558 4267 sint,
582 4205 681 4252 necne
705 4189 746 4252 da
766 4207 899 4269 genere,
925 4207 963 4252 sc
985 4206 1115 4252 numero
1170 4184 1318 4249 omnibus
1345 4183 1522 4260 obsistant,
1551 4182 1605 4262 qui
1633 4180 1777 4262 ejusdem
1804 4177 1963 4262 presentis

320 4282 525 4358 exceptorum
541 4296 549 4340 :
563 4279 626 4340 Nos
639 4277 805 4359 providem
815 4277 969 4358 cJ'usmodi
985 4276 1118 4358 disposi·
1171 4271 1406 4339 constitrtionis
1420 4271 1665 4348 exsecutionem,
1681 4287 1720 4332 sc
1733 4267 1963 4332 observantiam

322 4365 441 4432 donem
454 4364 675 4446 approbantes,
700 4367 732 4428 et
748 4365 1000 4442 conllrrmcntcs,
1025 4364 1116 4447 eiquo
1172 4361 1455 4444 quomodocunque
1489 4358 1657 4422 temerario
1693 4375 1775 4422 ausu
1813 4355 1962 4438 impedire

322 4455 512 4521 inherentes
525 4453 776 4533 motu,sciantia,
791 4470 829 4516 ec
842 4453 1005 4532 potestatis
1019 4452 1117 4532 pleni·
1172 4454 1409 4544 presumerent.
1432 4449 1467 4511 In
1490 4447 1620 4542 reliquis
1638 4463 1734 4541 pomp
1757 4445 1886 4510 csdbm
1903 4449 1963 4538 tam

322 4535 431 4608 tudine
452 4533 605 4598 similibus
631 4539 739 4598 tenore
766 4532 969 4614 presentium
992 4532 1117 4614 quibus·
1172 4549 1205 4592 ιιι
1219 4530 1279 4593 bac
1294 4533 1402 4592 nostra
1423 4545 1519 4611 quem
1539 4545 1571 4590 m
1595 4529 1790 4607 Gregorrens
1812 4526 1964 4590 Gonsbte·

321 4640 449 4704 cunque
458 4621 703 4703 Megistrctibue,
714 4621 918 4699 officialibus,
931 4627 962 4684 et
970 4619 1118 4684 Ministris
1172 4618 1258 4682 donc
1271 4634 1335 4680 non
1345 4616 1483 4697 exceptis
1493 4633 1648 4678 memores
1657 4631 1755 4696 quam
1764 4614 1964 4680 acriterrsm·

323 4709 544 4788 Saecularibus,
566 4727 689 4772 necnon
711 4707 874 4790 quibusvis
894 4708 964 4771 eliis
976 4706 1118 4788 personis
1172 4725 1240 4788 per,
1254 4708 1287 4768 et
1300 4704 1498 4787 qunonimiu,
1514 4723 1553 4768 ec
1566 4723 1696 4785 prorsus
1707 4699 1963 4783 singulariorum·

323 4799 539 4882 cujuscunque
555 4797 685 4879 medus,
709 4801 742 4860 at
762 4796 949 4862 conditionis
969 4796 1116 4879 existent,
1172 4793 1354 4858 fortitudine
1379 4792 1516 4874 majores
1540 4791 1638 4855 nostri
1663 4809 1721 4872 pro
1749 4790 1964 4856 Ecclesiastics

324 4885 447 4950 etiamsi
460 4886 628 4966 imperiali,
645 4884 754 4965 Regia,
767 4884 887 4963 Duccli,
899 4889 955 4947 eut
968 4883 1031 4946 alie
1044 4901 1118 4963 qua·
1173 4882 1330 4958 libertate,
1354 4899 1393 4943 ec
1415 4881 1613 4944 immunitato
1640 4880 1866 4960 pugnaverint,
1891 4875 1963 4942 nibil

324 4975 372 5040 ‚vis
390 4973 552 5036 mundane
573 4972 737 5054 dignitate,
754 4977 809 5035 eut
829 4970 1016 5036 auctoritate
1038 4987 1120 5050 prae-
1174 4970 1213 5032 de
1225 4969 1279 5032 illa
1292 4969 1434 5032 imminui
1449 4970 1644 5049 permittunt,
1661 4985 1764 5050 neque
1778 4969 1881 5032 secde
1890 4967 1963 5051 tut

324 5063 476 5143 fulgeant,
489 5061 628 5124 districte
639 5060 865 5138 interdicimus,
877 5077 916 5122 sc
927 5059 1117 5136 inhibemus,
1174 5060 1233 5122 bus
1250 5059 1356 5122 labem
1376 5058 1472 5120 ullam
1496 5057 1629 5139 irrogari
1652 5057 1826 5138 peccetur,
1854 5057 1912 5126 sed
1930 5065 1963 5122 st

325 5169 365 5216 ne
379 5149 560 5230 hujusmodi
583 5148 697 5227 causis,
712 5148 763 5211 vel
778 5145 971 5210 conficiendo
994 5163 1120 5226 proces·
1174 5147 1242 5229 pari
1257 5165 1332 5208 sone
1353 5145 1432 5225 zelo,
1453 5149 1548 5227 etque
1562 5145 1739 5209 constantie
1761 5145 1846 5208 tueri
1860 5142 1963 5206 curent

324 5259 394 5320 sus,
409 5240 460 5304 vel
477 5238 643 5320 inquisitos
666 5236 894 5301 extrahendos
910 5235 988 5298 locis
1006 5235 1121 5295 immu·
1174 5237 1214 5300 ub
1228 5235 1313 5299 omni
1328 5239 1433 5300 tamen
1452 5235 1646 5312 tumultu,ec
1659 5233 1900 5314 perturbatione
1918 5245 1962 5294 cr-

325 5328 428 5398 nibus,
444 5327 495 5390 vel
509 5324 699 5390 declarando
713 5323 845 5387 crimine
858 5323 899 5385 ab
921 5323 965 5385 eis
984 5321 1121 5384 admisse
1146 5374 1148 5377 .
1174 5329 1294 5402 ventes,
1308 5343 1349 5386 ne
1357 5323 1517 5404 jactantiae
1531 5342 1628 5388 causa
1640 5321 1756 5404 potius,
1769 5339 1869 5403 qnam
1879 5320 1960 5384 misc·

324 5433 394 5482 esee
407 5416 448 5480 de
462 5411 849 5497 exceptieiniirsgoriens,
862 5412 961 5474 autin
975 5413 1121 5490 presenti
1175 5412 1316 5479 rationis.
1332 5417 1364 5474 et
1382 5411 1512 5494 justitiae
1534 5411 1624 5475 titulo
1639 5409 1863 5474 Ecclesiastico
1876 5405 1960 5492 privi-
2020 5413 2021 5460 ἓ

324 5509 434 5570 nomm
446 5502 683 5583 consttutione,
702 5501 766 5566 ullo
780 5504 872 5582 pecto
889 5517 956 5562 sesa
976 5499 1122 5578 ingerant
1174 5498 1258 5580 legis
1271 5515 1413 5560 asserere
1425 5498 1505 5562 velle
1518 5498 1695 5562 videantur.

324 5589 1120 5681 csttumiscemt.Qucddsecusqurcqueuotten·
1215 5590 1458 5654 »Decerneutes
1486 5585 1812 5670 succurreremus
1835 5585 1956 5664 bitem
2019 5617 2021 5718 1
