3998 6344
593 592 645 666 DF]
666 589 893 664 padulibus
915 591 1125 664 ECCLESIAE.
1625 597 1684 662 399

48 774 220 866 elargimur.
250 787 403 850 Volumus
430 791 547 866 autem,
570 790 606 852 ut
632 787 834 868 presentium
891 785 1050 866 rebusque
1066 785 1199 866 publicis
1214 788 1245 847 ct
1258 783 1389 864 privatis
1404 785 1525 846 cladem
1541 783 1684 846 exitium-

47 874 244 954 transumptis
270 875 337 936 sive
365 877 516 956 exemplis
550 877 646 940 etiem
674 877 836 956 impressis
893 893 954 954 que
969 875 1171 953 importatum
1186 891 1254 934 esse
1269 876 1401 934 constat.
1414 874 1462 934 Ab
1477 873 1537 934 hac
1548 891 1622 932 vcro
1637 871 1685 930 in-

47 979 133 1024 manu
154 963 291 1046 alicujus
312 964 431 1026 Notarii
453 965 569 1044 publici
592 966 788 1043 subscriptis,
804 969 836 1027 et
890 963 951 1023 sita
974 962 1201 1040 iuhaerentique
1225 961 1257 1022 in
1286 961 1426 1022 omnium
1448 960 1684 1023 catholicorum

48 1049 146 1128 Sigillo
160 1069 307 1130 personas
323 1052 355 1112 in
371 1052 524 1132 dignitate
535 1053 837 1122 Ecclesiasticacon·
892 1051 1055 1112 homiuum
1079 1049 1192 1110 animis
1214 1049 1253 1110 de
1274 1049 1484 1112 sacratissima
1506 1049 1685 1127 Quadraga-

47 1137 152 1200 slitotae
174 1139 307 1202 munitis
331 1140 443 1202 eadem
468 1156 596 1220 prorsus
619 1141 735 1220 ubique
758 1143 837 1202 fides
891 1140 972 1202 sima
989 1139 1120 1218 aliisque
1141 1138 1251 1199 diebus
1269 1137 1389 1218 jejunio
1411 1140 1602 1200 consecratis
1616 1155 1685 1216 per-

47 1223 238 1304 adhibeatur,
255 1245 327 1306 quse
349 1227 557 1306 presentibus
579 1227 787 1289 adhiberetur
806 1232 838 1290 et
892 1227 1038 1288 suasione
1067 1233 1098 1289 et
1124 1228 1301 1287 reverentia
1324 1245 1419 1306 quam
1444 1229 1565 1305 abens,
1590 1243 1686 1306 quam

48 1311 180 1375 adhiberi
207 1319 326 1395 posset,
352 1316 379 1377 si
406 1315 510 1378 forent
534 1315 681 1378 exhibitas
709 1315 759 1376 vel
787 1331 838 1375 os·
893 1314 1031 1392 discors,
1049 1334 1143 1395 quum
1165 1315 1285 1376 absona
1303 1315 1340 1375 sit
1364 1315 1517 1376 hodierna
1534 1316 1686 1396 Jejunan-

48 1405 146 1464 tensm
892 1402 971 1464 tium
1005 1403 1226 1480 cousuetudo,
1256 1408 1408 1484 quantum
1432 1405 1473 1466 ab
1508 1404 1576 1484 ipsa
1601 1402 1686 1484 Jeju-

81 1489 222 1550 ultatum
238 1491 462 1569 Romoe,'apud
478 1491 510 1553 S.
528 1490 659 1553 Mariam
673 1488 835 1569 Majcrem,
892 1491 1017 1552 nicrum
1036 1491 1238 1560 institutione,
1266 1497 1298 1554 et
1318 1497 1442 1555 servate
1465 1512 1599 1571 semper,
1617 1491 1686 1552 ubi-

49 1576 98 1638 sub
111 1577 237 1640 Annulo
252 1579 436 1650 Piscatoris,
451 1579 502 1643 dio
516 1583 554 1642 aa
574 1579 690 1642 iliensis
705 1576 839 1658 Augusti
894 1597 954 1658 que
969 1582 1001 1640 et
1010 1579 1050 1640 ab
1065 1580 1209 1642 omnibus
1220 1580 1384 1660 disciplina
1394 1600 1489 1660 quam
1503 1581 1684 1660 longissime

49 1669 126 1744 llll,
141 1669 349 1734 Pontificatus
365 1670 468 1734 Nostri
484 1672 575 1734 Anno
589 1667 740 1732 secundo.
757 1689 772 1726 o
893 1667 1003 1740 distet;
1021 1669 1094 1745 Vos,
1112 1669 1315 1731 Verterebiles
1330 1673 1466 1748 Fratres,
1484 1670 1537 1750 qui
1552 1670 1686 1749 populo-

893 1773 963 1819 rum
978 1774 1060 1817 curae
1072 1760 1183 1818 vestrae
1198 1758 1436 1820 commissorum
1451 1777 1555 1820 mores
1566 1765 1597 1819 et
1611 1777 1686 1824 usus

410 1883 450 1946 ΙΙ
893 1844 991 1923 probe
1011 1844 1126 1922 nostis,
1148 1864 1205 1924 pro
1229 1845 1381 1924 singulari
1404 1845 1559 1924 sapientie
1581 1850 1686 1910 vestro

457 1930 464 1947 '
893 1951 958 2012 prm
973 1934 1094 1996 certeris
1109 1934 1222 1994 clarius
1237 1933 1421 2013 intelligitis.
1438 1937 1500 1994 Nos
1515 1953 1602 2012 sana,
1619 1933 1685 2014 qui·

10 2111 11 2114 Ἴ
56 2036 288 2105 venerabilibus
308 2038 471 2104 Fratribus
495 2038 696 2118 Patriarohis,
719 2038 840 2100 Prima·
893 2021 953 2082 1¹¹¹ss
967 2021 999 2082 5¹1
1020 2021 1080 2084 ¹1³⁰
1103 2022 1227 2082 sublimi
1250 2022 1437 2101 Alltlsmli‘iffl
1458 2022 1686 2102 PF00¹1fflfi0ssiss

81 2131 175 2211 pibus,
213 2131 482 2210 metropolitanis,
517 2129 770 2209 ppohjgppgcopis
806 2132 839 2192 ep
894 2111 1223 2189 speculaeonstitutis
1251 2113 1391 2191 undique
1419 2112 1561 2192 gentium
1585 2110 1684 2173 nuntii

10 2229 11 2262 1
87 2220 251 2300 Episcoij
265 2219 420 2281 universis
442 2218 578 2298 gratiam
592 2221 623 2280 ep
642 2216 841 2280 communio.
895 2201 1077 2277 otFeruutur,
1094 2200 1242 2280 lacrymis
1257 2200 1421 2279 deplorare
1432 2219 1494 2262 non
1506 2219 1684 2280 possumne,

10 2299 11 2358 5
85 2325 151 2368 nem
169 2309 265 2373 sedis
285 2307 474 2389 pposmlicffi
488 2306 689 2370 habentibus,
736 2307 739 2312 ·
895 2289 1147 2369 augustissimam
1163 2289 1469 2369 Quaadragesimalis
1491 2289 1606 2370 Jejuuii
1630 2289 1686 2350 ob-

894 2377 1084 2440 servantiam
1098 2378 1138 2440 ob
1154 2378 1282 2440 nimiam
1297 2379 1388 2440 nullis
1410 2377 1558 2458 legitimis
1572 2396 1686 2458 urgea-

894 2469 978 2530 tibus
998 2467 1100 2528 causis
1123 2468 1239 2547 ubique
1263 2467 1537 2530 indiscriminatim
1559 2466 1684 2546 dispen-

157 2539 471 2604 BENEDIGTUS
496 2539 601 2602 ΡᾹΡᾹ
625 2539 717 2602 XIV·
895 2555 983 2618 sandi
998 2554 1180 2618 facilitatem
1198 2555 1292 2633 plane
1310 2555 1467 2616 sublatam
1491 2573 1574 2628 esse3
1592 2554 1637 2614 ita
1651 2557 1686 2616 ut

10 2677 12 2710 ;
186 2707 193 2720 ,
760 2704 766 2716 ,
894 2644 1084 2708 Ortlrodoxae
1099 2643 1228 2723 quidem
1244 2643 1412 2723 Religionis
1423 2645 1563 2706 Cultores
1573 2643 1685 2704 merito

10 2729 12 2750 ²
54 2705 247 2770 venmhsses
267 2709 420 2814 Fratres&
430 2705 565 2814 silum
580 2709 611 2770 “t
628 2704 840 2786 ΑΡΟΒιΟῙΙΜ111
894 2737 1081 2813 querentem
1098 2732 1253 2794 haeresum
1267 2750 1343 2793 vero
1358 2734 1537 2796 sectatores
1551 2732 1686 2794 illudant

307 2801 574 2866 bfflssfflssifflflflffl·
894 2827 926 2884 et
944 2822 1091 2883 exultent.
1116 2820 1304 2882 Perniciosa
1323 2821 1397 2883 huic
1412 2820 1598 2900 corruptelae
1616 2821 1687 2900 plu-

10 2983 11 2990 ,
893 2910 1045 2972 rimorum
1061 2909 1196 2988 ¹insuper
1218 2908 1379 2970 licentiam
1405 2909 1589 2989 adjunctam
1617 2926 1686 2968 esso

90 2999 186 3060 allon
212 2996 430 3077 ambigimus,
460 2997 668 3061 venerabiles
696 3000 837 3077 Fratres,
892 2999 1032 3078 graviter
1044 2998 1202 3071 dolemus;
1219 3014 1290 3078 quae
1312 3016 1413 3078 usque
1435 2998 1514 3060 adeo
1537 2995 1684 3072 insecluit,

10 3111 12 3166 g
56 3084 119 3164 quin
131 3084 288 3148 universis
302 3085 471 3148 Gatholioae
483 3086 656 3167 Religionis
667 3088 839 3150 cultoribus
894 3093 928 3149 ut
949 3089 1035 3150 nulla
1056 3085 1226 3166 Apostolici
1254 3087 1390 3149 instituti
1416 3085 1685 3164 sacratissimiquc

10 3171 12 3246 t
57 3177 151 3234 nomm
164 3173 206 3236 sit
219 3193 242 3236 a
255 3177 324 3237 totu
343 3191 402 3254 per
426 3173 636 3238 Christianum
651 3177 766 3240 Orbem
782 3179 840 3240 lic·
893 3175 1042 3255 praecepti
1057 3173 1166 3236 habita
1181 3173 1316 3252 ratione,
1333 3173 1531 3254 Jejuniorum
1545 3178 1686 3252 tempore

10 3279 12 3322 z
58 3261 137 3323 alesia
161 3262 249 3324 inter
269 3262 431 3342 praecipua
457 3262 641 3326 orthodoxae
667 3264 839 3346 disciplinae
893 3265 999 3344 palam
1018 3261 1197 3343 etlimpuue
1217 3263 1256 3324 ab
1277 3262 1390 3324 iisdem
1405 3263 1564 3342 agitentur
1578 3261 1686 3324 Convi-

58 3350 147 3429 uapita
163 3356 322 3431 perpetuo
348 3351 590 3414 adnumeratum
610 3353 737 3416 retineri
756 3357 839 3428 Oua·
893 3351 1684 3432 via,etltpulaeinterdioteepromiscuoinferantur.

10 3445 12 3526 ξ
59 3437 254 3518 dmgasiuaala
269 3438 448 3520 Jejunium;
466 3441 550 3522 quod
570 3442 644 3504 olim
660 3444 691 3504 in
710 3447 793 3525 Lege
808 3449 840 3508 et
893 3443 939 3504 Ea
952 3445 1081 3520 propter
1101 3439 1368 3520 quomadmodum
1389 3439 1502 3520 quibus
1517 3439 1611 3517 curis,
1627 3439 1686 3498 sol·

10 3561 14 3654 ἱ
59 3526 207 3606 Prophetis
228 3528 376 3608 primitus
397 3529 638 3610 adumbratum,
658 3531 757 3612 ipsius
779 3536 838 3596 lio-
893 3529 1107 3592 licitudinibus
1140 3533 1172 3591 et
1199 3527 1370 3608 angoribus
1398 3546 1583 3608 urgeamuS,
1615 3545 1687 3588 oum

10 3659 12 3678 t
60 3615 122 3675 uiui
139 3617 245 3679 Nostri
265 3619 341 3680 Jesu
365 3616 478 3680 Christi
494 3619 636 3698 exemplo
658 3620 752 3682 veluti
769 3639 837 3684 oon·
894 3617 1152 3682 Fraternitatibus
1182 3616 1301 3680 Vestris
1331 3617 1619 3690 communicamus3
1644 3616 1688 3677 ita

10 3681 13 3807 fl
59 3709 211 3783 sacratum,
230 3705 272 3767 ab
287 3705 444 3785 Apostolis
458 3706 620 3784 traditum,
632 3727 652 3769 a
663 3709 766 3772 Sacris
781 3712 839 3772 Ca·
894 3708 995 3770 iacere
1010 3725 1073 3767 non
1087 3723 1264 3786 possumus,
1276 3705 1353 3784 quin
1368 3723 1424 3784 pro
1435 3704 1574 3784 injuncto
1591 3702 1687 3764 Nobis

10 3807 13 3860 l
61 3791 178 3854 uocibus
190 3794 313 3874 ubique
327 3793 557 3874 praescriptum,
570 3800 601 3858 et
614 3797 655 3858 ab
669 3799 837 3861 universali
893 3813 1038 3875 supremo
1054 3793 1243 3856 sacrosancti
1257 3795 1458 3873 Apostolatus
1473 3793 1575 3854 officio
1591 3796 1622 3854 et
1636 3810 1688 3852 ar-

10 3867 12 3904 ¹
61 3879 184 3945 boulena
205 3883 249 3945 ab
273 3884 341 3963 ipso
364 3883 412 3944 sui
435 3881 606 3961 primordio
628 3888 784 3948 retentum
807 3889 839 3948 et
893 3883 1109 3946 dentissimum
1125 3880 1368 3944 Fraternitatum
1380 3882 1565 3944 vestrarum
1583 3880 1685 3940 zelum

10 3905 15 4098 ι
63 3967 250 4032 observatum
263 3975 322 4033 est.
339 3972 406 4032 Hoc
421 3969 580 4048 nimirum,
597 3976 632 4034 ut
645 3977 838 4037 reterestra·
894 3974 934 4035 ad
955 3977 1166 4052 opportunum
1187 3971 1378 4032 hiscemalis
1401 3969 1614 4032 adhibendum
1637 3987 1688 4030 ro-

10 4099 13 4128 ,
62 4053 156 4120 didere
182 4061 315 4136 Patres,
345 4059 436 4121 uobis
463 4057 602 4139 quotidie
636 4062 839 4139 peccantibus
893 4063 1033 4125 medium
1047 4062 1234 4138 excitemus,
1252 4065 1283 4124 et
1297 4061 1337 4122 ad
1349 4065 1557 4140 congruentes
1579 4057 1688 4137 hujus-

64 4147 220 4209 oommunis
234 4145 426 4228 poenitautiae
437 4146 605 4210 consituto
619 4150 771 4228 remedio,
782 4170 839 4230 per
893 4151 979 4214 modi
994 4150 1144 4213 abusibus
1157 4150 1282 4229 penitus
1297 4149 1490 4229 extirpandis
1506 4149 1592 4227 leges
1609 4163 1686 4224 pras-

10 4235 12 4304 ξ
64 4235 240 4298 consortium
255 4235 364 4300 crucis
373 4235 487 4298 Christi
502 4253 559 4298 uos
574 4236 797 4320 etiamaliquid
807 4240 839 4302 in
894 4239 1075 4304 scribendas
1088 4237 1287 4300 meditemur.

10 4315 12 4392 ξ
65 4333 110 4397 0⁰,
131 4323 213 4410 quod
230 4323 297 4404 ipse
317 4329 520 4404 propternos
534 4326 697 4404 prestitit,
717 4329 840 4409 agimus
934 4351 949 4388 r>
967 4329 1099 4404 Interea,
1117 4325 1318 4389 venerabiles
1333 4327 1474 4403 Fratres,
1490 4323 1641 4405 gaudium
1657 4325 1688 4384 ct

10 4425 12 4484 ς
64 4407 258 4491 umulqmad
273 4413 840 4495 recolendasacratioraliedemptio·
895 4433 1012 4479 corona
1026 4418 1149 4491 nostra,
1173 4413 1337 4475 nobiscum
1351 4413 1586 4475 considerantes
1609 4412 1687 4474 nihil

10 4497 12 4568 t
65 4495 225 4562 macene
239 4503 402 4582 mysteria,
420 4519 491 4582 qua
509 4503 749 4582 perliominieae
768 4508 840 4568 Pas·
895 4509 959 4569 Deo
974 4504 1148 4584 acceptius,
1164 4504 1241 4564 nihil
1256 4503 1404 4582 pastorali
1425 4502 1598 4564 ministerio
1615 4521 1688 4563 uos-

10 4651 12 4680 ,
66 4582 195 4650 nouisse
214 4589 463 4652 Resurrecliouis
480 4591 681 4670 Memoriam,
699 4592 842 4665 Quadra·
896 4599 943 4657 tro
959 4591 1096 4674 dignius,
1113 4591 1191 4652 uihil
1206 4592 1357 4671 gregibus
1372 4609 1455 4652 curas
1471 4588 1586 4652 nostrae
1601 4609 1687 4652 corn-

10 4681 12 4746 ξ
67 4673 190 4750 gesimali
205 4679 403 4758 potissimum
417 4684 559 4759 tempore
573 4682 744 4744 solemnius
759 4682 842 4744 eele-
894 4682 997 4745 missis
1012 4681 1117 4743 utilius
1132 4699 1228 4761 quam
1242 4687 1277 4743 ut
1292 4680 1388 4742 verbo
1404 4684 1436 4741 et
1450 4682 1593 4758 exemplo
1609 4699 1686 4758 prar-

10 4755 12 4834 }
68 4759 190 4842 bruatur,
205 4766 379 4844 purificatis
391 4767 518 4848 Jejuuio
529 4769 713 4848 corporibus
729 4775 761 4833 et
773 4771 840 4830 eui·
895 4775 1015 4849 euntes,
1032 4771 1256 4834 christifideles
1266 4770 1306 4832 ad
1321 4776 1386 4830 tam
1401 4770 1570 4831 salutarem
1585 4769 1687 4829 Chris-

10 4921 12 4942 ᾗ
67 4848 420 4936 misdiguiusparsmur.
438 4857 736 4920 lloevslutinostrae
750 4860 840 4920 meli·
893 4863 987 4926 tianae
1010 4859 1201 4940 poenitentias
1225 4865 1256 4922 et
1282 4858 1406 4938 pietatis
1433 4857 1687 4920 exercitationem

10 4961 11 4966 ¹
69 4937 232 5005 tiatsssera
249 4943 290 5005 ab
305 4943 438 5006 inimicis
453 4945 688 5009 Crucistlbristi
704 4948 839 5010 secerni-
896 4950 1031 5014 alacrius
1055 4948 1303 5028 suscipiendam,
1333 4947 1584 5012 constantissime
1613 4947 1688 5008 reti-

10 5079 11 5106 ,
69 5041 139 5105 nur,
157 5031 280 5113 flagella
303 5031 418 5094 divinae
438 5033 566 5096 ultionis
591 5036 779 5114 oredimus,
808 5041 839 5100 ct
894 5039 1047 5114 nondam,
1064 5043 1095 5098 ct
1118 5055 1171 5114 ee,
1188 5055 1252 5116 qua
1272 5035 1413 5099 instituta
1434 5034 1505 5111 luit,
1524 5034 1688 5113 disciplina

10 5173 11 5192 ,
72 5115 171 5179 caleti
192 5121 340 5199 praesidio
361 5121 393 5182 in
415 5121 482 5185 dies
506 5124 656 5186 adversus
679 5126 839 5205 Principes
893 5127 1109 5208 peragendam
1122 5126 1340 5188 vehementius
1350 5125 1591 5197 inflammemus
1602 5121 1686 5184 omni

10 5221 12 5298 p
72 5203 251 5270 tenebramur
265 5207 435 5272 munimur.
461 5213 527 5272 lloo
551 5211 710 5292 despectui
732 5213 839 5277 habito
894 5233 991 5295 opera
1005 5219 1099 5295 atque
1114 5214 1268 5276 industrie
1278 5214 1460 5276 studeamus
1472 5212 1623 5274 utsnlelcs
1634 5230 1687 5289 po-

10 5299 12 5390 l
75 5305 125 5352 nou
143 5297 399 5359 mutemueudum
418 5297 532 5362 divinoe
546 5300 654 5379 gloriae
672 5301 840 5363 detrimen·
893 5303 959 5383 puli
980 5303 1012 5363 in
1033 5309 1203 5382 conspectu
1223 5301 1279 5363 Dei
1301 5320 1358 5381 per
1380 5301 1587 5363 austeriorem
1607 5299 1687 5378 jeju-

10 5391 12 5518 ᾗ
73 5379 144 5456 tum,
161 5397 219 5444 non
244 5385 316 5446 leve
341 5385 503 5448 catholicae
531 5387 683 5466 Religioni
703 5389 840 5453 dedecus
894 5391 1260 5453 nicrumobservautiam
1275 5389 1687 5469 talespcrmancautquales

10 5519 12 5548 ,
76 5477 124 5526 neo
134 5468 256 5533 dubium
270 5471 434 5535 animabus
448 5473 705 5537 christifidelium
719 5477 841 5556 pericu·
895 5481 927 5541 iu
941 5480 1008 5560 ipso
1023 5479 1166 5541 Paschali
1178 5479 1257 5541 festo
1271 5479 1403 5558 dignum
1412 5483 1460 5541 est
1469 5477 1614 5540 inveniri.
1627 5479 1688 5537 De·

10 5551 12 5650 ξ
76 5547 130 5618 lum
138 5558 352 5642 ebusitanam
362 5563 622 5645 diundepopulis
630 5565 838 5648 calamitates,
894 5568 995 5632 bitum
1008 5567 1104 5646 igitur
1123 5571 1261 5647 pateruae
1280 5567 1525 5649 uuiuscujusque
1544 5570 1685 5629 vestrum

10 5675 12 5746 l
