4086 6348
260 468 319 526 444

259 653 428 731 55553554,
444 655 479 711 54
498 653 667 732 utramque
689 656 811 730 partem
835 669 924 733 aeque
948 651 1058 714 4454544-

261 739 341 802 dat:
368 739 455 819 Sylv.
483 739 600 802 Sanoh.
628 739 658 800 d.
684 743 714 800 4.
738 741 772 800 45
797 739 964 802 4445545454
951 745 1057 802 454555

261 829 373 906 555545,
390 829 511 891 secluso
526 828 685 906 seandalo
702 847 765 890 uon
783 833 948 910 repugnat.
971 833 1000 892 5.
1020 833 1040 892 S

261 919 293 978 in
309 917 421 978 5544545
435 935 542 995 55555,
559 916 591 977 45
609 935 670 996 555
685 923 732 978 est
746 918 858 994 ludex,
875 918 924 978 vel
946 920 1038 980 Asses

262 1024 324 1084 sor,
340 1014 412 1086 5354
427 1006 636 1084 Advocatum,
653 1006 729 1086 quia
742 1005 803 1068 duo
815 1006 918 1067 5444545
932 1011 1056 1068 eontra-

261 1093 310 1154 ria
336 1093 368 1154 in
396 1092 541 1154 eamdem
568 1111 695 1153 eausam
719 1111 864 1154 exercere
889 1093 1055 1170 nonlicet,

263 1183 349 1262 Sylv.
366 1183 404 1246 V.
421 1181 582 1264 Advoo.q.
600 1184 629 1242 4.
646 1185 676 1242 6.
695 1181 727 1243 84
747 1181 882 1261 (45455454
905 1181 1056 1243 4454554454

264 1287 392 1332 5555554
401 1269 531 1348 justam)
547 1271 702 1349 producat
715 1270 897 1350 scripturas,
926 1271 975 1331 vel
995 1275 1059 1333 tes-

264 1362 312 1421 tes
324 1359 430 1436 454555,
447 1358 718 1420 autinstrumenta
730 1379 737 1419 :
748 1376 810 1418 non
821 1363 1055 1437 tamenpeeeat,

264 1447 289 1508 54
304 1447 336 1507 45
351 1465 446 1508 55555
459 1446 623 1508 manifeste
634 1446 720 1527 justa
734 1447 951 1508 adversarium
971 1446 1056 1508 deci·
1138 1477 1141 1482 v

263 1535 340 1616 5454,
358 1534 530 1596 dummodo
545 1537 630 1597 nulla
645 1538 750 1597 utatur
763 1535 908 1613 falsitate,
921 1555 951 1597 v.
964 1555 995 1614 g.
1013 1535 1058 1596 al·

263 1623 397 1704 legando
412 1623 500 1700 falsa,
518 1627 577 1684 545.
595 1624 628 1685 S.
644 1623 756 1686 444545.
774 1627 804 1701 4,
821 1627 850 1701 4,
867 1642 895 1704 q.
920 1627 973 1701 44,
990 1625 1057 1697 53;

267 1714 354 1793 Sylv.
373 1712 489 1775 Sanch.
510 1711 540 1773 d.
553 1715 590 1785 8;
611 1713 708 1773 44544.
735 1711 757 1772 l.
786 1731 811 1773 5.
828 1717 857 1774 4.
875 1712 908 1774 84
923 1713 1060 1774 adducat

263 1803 348 1881 45355
363 1801 466 1878 454555,
483 1801 533 1861 554
549 1801 729 1879 abrogatas,
746 1800 796 1861 vel
812 1800 989 1862 doctrinam
1008 1818 1059 1861 re-

264 1890 440 1970 probatam,
470 1887 629 1968 55445355
653 1889 753 1949 445555
777 1887 926 1949 45454555
950 1907 1058 1949 555555

264 1977 366 2040 554555
380 1976 520 2056 54544555
535 1977 731 2057 detorqueat.
748 1979 778 2038 8.
796 1976 828 2037 Si
842 1977 872 2036 in
888 1996 1059 2057 gravamen

265 2065 393 2127 alterius
408 2065 505 2145 partis
521 2070 642 2144 quaerat
656 2064 821 2126 dilationes
840 2064 881 2125 ad
905 2084 973 2125 rem
996 2085 1058 2127 non

265 2153 425 2229 facientes,
449 2172 480 2214 v.
507 2153 575 2214 Fill.
601 2152 697 2214 Trull.
724 2151 746 2214 l.
771 2171 795 2214 5.
819 2155 848 2214 9.
879 2153 910 2215 84
927 2153 1060 2234 55545454

265 2241 444 2304 mercedem
471 2240 631 2322 injustam.
659 2241 790 2313 Quando
819 2245 963 2302 autema
989 2242 1058 2320 lege

265 2330 401 2410 pretium
422 2329 542 2389 nullum
563 2331 704 2391 taxatum
728 2331 785 2406 est,
810 2335 955 2390 censetur
982 2329 1059 2391 illud

262 2419 393 2501 justum,
411 2419 494 2498 quod
509 2418 712 2480 habeturtale
723 2417 843 2500 judicio
854 2419 1059 2498 prudentium

266 2510 385 2570 attenta
409 2506 556 2587 qualitate
581 2506 708 2584 negotii,
726 2505 888 2585 dignitate,
912 2507 1057 2583 seientia,

266 2595 379 2676 peritia
401 2594 565 2671 Advocati,
590 2599 620 2656 54
642 2595 761 2671 labore,
779 2613 873 2677 quem
894 2595 1057 2675 impendit,

268 2703 306 2746 ao
321 2683 449 2744 demum
463 2682 688 2745 consuetudine
703 2683 887 2763 approbata.
905 2686 942 2747 V.
960 2685 1056 2746 45544.

268 2774 290 2836 l.
305 2792 331 2834 5.
348 2770 376 2834 d.
388 2775 419 2834 5.
434 2774 483 2833 40.
497 2771 529 2833 84
544 2774 740 2833 contractum
753 2772 931 2832 usurarium
945 2773 995 2834 vel
1006 2773 1059 2834 ali-

266 2865 316 2923 455
328 2859 470 2941 45455545
483 2859 624 2935 55544554,
641 2864 695 2922 554
709 2859 831 2938 5454454.
851 2864 900 2922 44.
918 2861 950 2923 84
960 2861 1057 2940 45355,

267 2953 396 3026 5454545,
409 2952 441 3010 54
450 2948 692 3011 5555554554555
703 2948 813 3027 patriae
823 2947 956 3027 ignoret,
966 2949 1060 3028 (unde

268 3039 293 3100 54
321 3055 418 3118 35555
446 3037 597 3098 damnum
626 3036 729 3098 clienti
757 3037 914 3114 obveniat,
938 3042 1061 3099 tenetur

270 3125 483 3207 compensare)
499 3125 548 3186 vel
563 3124 736 3204 intelligere
752 3144 815 3186 non
830 3125 963 3185 studeat.

281 3211 283 3214 ’
307 3238 322 3274 a
348 3216 385 3277 X.
402 3207 515 3276 Pecoat
528 3213 708 3274 Advocatus
728 3218 843 3276 contra
853 3212 1018 3294 justitiam,
1035 3214 1060 3274 si

268 3304 416 3380 rationes,
433 3305 463 3362 ct
483 3299 688 3362 fundamenta
713 3301 847 3379 clientis,
872 3319 967 3382 quem
977 3301 1061 3382 juste

269 3391 421 3466 defendit,
437 3389 488 3451 vel
510 3395 631 3451 5555545
653 3407 756 3450 causae
771 3389 899 3469 detegat
913 3389 1062 3450 adversa-

270 3481 329 3558 rio,
354 3483 388 3540 ut
411 3497 449 3539 544
475 3477 546 3539 54445
566 3476 680 3556 5454454
703 3481 779 3558 453.
806 3478 838 3538 45
860 3497 891 3559 5.
917 3481 947 3557 8,
967 3498 992 3541 5.
1009 3483 1060 3555 44,

269 3591 299 3631 5.
316 3569 373 3641 43;
390 3587 421 3628 v.
441 3565 537 3628 544554
549 3567 638 3646 Lugo
653 3585 682 3629 5.
699 3570 729 3644 6,
747 3569 931 3647 teneturque
946 3566 986 3628 ad
999 3587 1064 3628 res-

269 3656 458 3731 titutionem,
475 3654 501 3714 si
516 3672 586 3714 eam
601 3654 641 3715 ob
663 3671 791 3716 causam
812 3654 910 3715 eliens
934 3673 1062 3716 eausam

234 3767 237 3773 ·
269 3743 417 3827 perdidit,
434 3741 574 3803 victurus
590 3742 678 3818 alias,
698 3741 774 3822 quia
796 3742 879 3817 45544Ι
896 3747 1006 3805 555455
1020 3744 1062 3804 54-

270 3831 393 3904 4454545;
409 3849 467 3891 555
489 3829 634 3892 adhibuit
651 3830 848 3910 diligentiam
872 3831 913 3892 ad
934 3850 1063 3894 oausam

271 3918 473 3984 obtinendam
495 3917 528 3977 in
551 3918 691 3979 favorem
706 3918 848 3991 clientis;
876 3923 968 3981 Azor.
992 3920 1060 3981 Fill.

270 4021 322 4072 etc.
340 4007 376 4068 lt.
393 4025 433 4068 cc.
447 4004 595 4067 Limitant
608 4009 717 4068 tamen
732 4006 839 4087 aliqui,
857 4007 916 4068 nisi
939 4009 1065 4087 pericu-

270 4098 336 4157 lum
350 4095 399 4172 sit,
409 4112 447 4155 ne
458 4112 533 4174 pars
542 4095 676 4156 adversa
686 4113 783 4173 grave
795 4094 946 4156 damnum
957 4096 1063 4177 inique

275 4183 375 4264 554454
376 4202 432 4255 55;
450 4183 534 4263 5545,
551 4183 639 4243 54554
642 4182 797 4262 ,quilibet
810 4187 926 4262 554554
926 4184 992 4246 5455
1007 4205 1063 4247 555

272 4274 387 4334 damno
402 4289 498 4350 34555
514 4271 663 4332 damnum
678 4272 722 4331 alt
710 4270 805 4331 455455
820 4272 1005 4350 prohibere;
1023 4275 1061 4336 V.

203 4351 359 4468 5344555.
377 4359 443 4436 4.4,
459 4358 489 4420 44.
499 4361 563 4432 3;4
580 4353 636 4420 Α5.
659 4361 736 4437 4453.
764 4358 831 4419 Fill.
858 4361 968 4438 Laym.
993 4361 1015 4421 l.
1034 4364 1062 4435 l,

233 4457 295 4512 ’4.
302 4451 341 4518 ·’,4
359 4467 385 4508 5
397 4451 427 4524 5
439 4466 468 4509 5.
481 4449 527 4509 48.
540 4406 657 4509 Verum
672 4446 753 4507 hane
767 4447 985 4510 44454454455545
994 4468 1065 4510 5545

274 4541 306 4602 S.
323 4536 381 4597 rh.
399 4495 451 4596 5444
466 4554 529 4596 555
544 4534 713 4597 admittt
645 4539 723 4612 4554,
746 4534 804 4595 5454
824 4535 903 4597 45545
927 4557 1000 4598 5555
1014 4557 1067 4598 55-

272 4627 318 4708 544
319 4645 336 4686 5
350 4623 533 4704 plectendus
544 4627 680 4700 esset,t
650 4641 666 4682 5
668 4623 875 4685 4555555454
868 4623 950 4704 rnjns
952 4629 981 4684 te
996 4643 1066 4704 pro·

273 4713 409 4789 cederet,
424 4715 499 4772 tunc
514 4711 608 4789 enim,
624 4710 722 4788 aiunt,
739 4711 920 4773 Advocatus
934 4731 1066 4774 accusa-

272 4800 348 4864 toris
363 4799 457 4861 debet
469 4799 637 4861 falsitatem
649 4799 804 4878 prodere;
823 4799 848 4860 si
865 4804 972 4861 tamen
996 4820 1068 4881 5555

274 4891 356 4949 55554
379 4887 590 4966 profuturum,
617 4891 800 4948 accusatore
824 4888 910 4967 prius
934 4889 1065 4967 monito,

277 4981 310 5039 ut
326 4975 465 5052 desistat,
482 4976 520 5039 V.
537 4976 624 5056 Lugo
641 4977 662 5038 l.
674 4995 699 5036 5.

313 5088 328 5124 u
349 5065 401 5125 Xl.
422 5067 580 5126 Avocatus
603 5065 627 5124 54
650 5082 817 5126 causarum
842 5065 1065 5145 expeditiones,

274 5171 346 5214 eum
359 5151 542 5234 prejudicio
558 5153 719 5231 clientum,
737 5154 861 5215 differat
849 5159 1065 5234 ,54555555

274 5242 322 5302 554
335 5241 439 5320 545555
450 5245 592 5321 55555454
605 5260 700 5321 55545
713 5242 861 5322 expedire
873 5243 981 5394 555544,
998 5262 1067 5323 555-

275 5334 336 5407 554,
353 5347 389 5391 55
410 5334 535 5392 tenetur
558 5331 599 5392 ad
619 5331 750 5394 restitut
729 5337 902 5406 tronem;u
905 5333 927 5394 44
950 5337 981 5394 54
1002 5351 1068 5393 om-

275 5416 362 5482 nium
380 5417 585 5496 damnorum,
608 5439 676 5506 555
700 5439 804 5501 perp
777 5439 844 5482 eus
863 5421 1062 5502 imperitiam,

920 466 1036 529 claua
1058 465 1254 540 QUARTUS.

1112 652 1276 731 4554444554,
1293 653 1343 716 vel
1364 654 1533 742 negligent
1526 673 1600 734 4554,
1617 657 1725 736 544555,
1748 663 1803 721 554
1825 664 1918 720 actor

1112 742 1259 817 incurrit;
1277 761 1339 804 non
1350 733 1455 806 tamen
1466 745 1614 808 tenetur'
1606 765 1637 806 45
1651 746 1798 808 omnibus
1810 747 1917 808 causis

1110 831 1262 892 adhibere
1285 833 1429 893 eamdem
1445 834 1653 913 4444435544545,
1679 836 1736 897 5544
1758 837 1916 918 majorem

1110 920 1331 999 seminarem,
1342 941 1398 1003 pro
1410 941 1512 984 causa
1521 924 1682 1005 qualitate.
1693 927 1730 988 V.
1745 926 1814 987 Fill.
1827 927 1906 988 Bon.

1112 1015 1133 1068 t.
1149 1010 1178 1084 4,
1195 1009 1224 1068 tn
1234 1026 1328 1090 proec.
1349 1013 1379 1088 8,
1396 1009 1426 1074 d.
1441 1015 1489 1089 40,
1504 1015 1689 1094 5.3;Ι4555.
1711 1013 1733 1075 l.
1759 1018 1795 1092 4,
1817 1034 1843 1077 c.
1861 1017 1912 1090 39,

1111 1094 1320 1176 d.9;Laym.
1338 1097 1360 1160 l.
1379 1101 1407 1178 4,
1424 1107 1446 1160 4.
1465 1103 1493 1178 4,
1508 1119 1533 1162 5.
1551 1104 1581 1162 5.

1367 1399 1645 1462 ADDENDA.

1154 1619 1260 1694 054554.
1276 1623 1345 1684 440.
1362 1655 1402 1666 -
1414 1622 1496 1697 Quid
1507 1623 1586 1686 circo
1595 1624 1779 1686 Advocatum
1788 1625 1828 1686 544
1835 1643 1915 1706 555
1943 1642 1995 1686 ism

1112 1716 1188 1769 terea
1200 1707 1388 1770 notandum?
1403 1713 1496 1790 Resp.
1515 1731 1602 1793 seqq.

1152 1797 1171 1875 3
1196 1800 1224 1857 4.
1251 1801 1345 1859 Posse
1367 1800 1564 1863 Advocatum
1587 1803 1778 1883 patrocinari
1807 1821 1914 1866 causae

1112 1885 1217 1947 minus
1232 1887 1397 1966 probabili,
1414 1893 1530 1967 praeter
1543 1890 1653 1953 citatos
1669 1892 1849 1953 5445554544.
1866 1899 1915 1953 45-

1113 1981 1188 2035 5554
1212 1978 1270 2036 Ν5.
1300 1979 1355 2037 Aa.
1381 1979 1496 2040 Sancb.
1522 1981 1609 2040 Less.
1636 1982 1776 2059 Praepos.
1799 1984 1911 2059 Laym.

1113 2065 1211 2124 Castr.
1227 2064 1341 2128 Mando
1356 2065 1386 2127 d.
1413 2069 1461 2144 44,
1478 2086 1539 2128 aa.
1558 2071 1631 2141 449;
1649 2067 1714 2130 llls.
1737 2076 1761 2129 4.
1781 2072 1810 2145 4,
1831 2067 1862 2130 44.
1882 2073 1912 2144 4,

1112 2172 1143 2212 5.
1161 2155 1210 2226 853
1227 2154 1319 2229 Leur,
1335 2163 1356 2214 t.
1374 2158 1403 2232 4,
1421 2164 1442 2216 4.
1460 2153 1536 2232 Aa.
1558 2159 1588 2231 4,
1611 2176 1642 2217 5.
1663 2158 1733 2219 343.
1756 2157 1781 2217 ll
1802 2161 1917 2218 555445

1113 2258 1176 2300 555
1193 2258 1284 2319 55555
1301 2241 1410 2303 dieunt
1426 2241 1502 2304 Silv.
1518 2243 1587 2305 Val.
1611 2246 1668 2304 Ar.
1695 2251 1717 2307 4.
1743 2247 1780 2312 3,
1801 2243 1833 2305 d.
1853 2248 1912 2322 44,

1112 2349 1136 2390 4.
1152 2332 1182 2405 5,
1196 2347 1226 2390 a.
1243 2333 1297 2403 44;
1315 2330 1390 2390 Elin.
1408 2329 1430 2391 4.
1446 2336 1476 2408 4,
1493 2351 1522 2412 5.
1540 2332 1771 2412 6,§3;Burg.
1786 2340 1862 2394 5554.
1880 2336 1913 2410 3,

1113 2436 1171 2480 cus.
1194 2420 1250 2494 65,
1273 2418 1383 2480 5544554
1404 2419 1429 2479 54
1453 2423 1557 2481 554455
1578 2421 1618 2481 544
1642 2422 1821 2500 oppositum
1845 2439 1916 2482 5555

1114 2506 1316 2587 probabilius
1334 2513 1366 2569 54
1384 2509 1492 2570 5454454
1506 2528 1540 2570 55
1563 2509 1751 2588 evicturum,
1769 2512 1844 2592 quia
1865 2512 1916 2572 di-

1114 2601 1198 2658 recte
1208 2596 1395 2672 intenderet,
1411 2597 1556 2659 utludex
1567 2599 1728 2661 decideret
1740 2600 1811 2677 hoc,
1824 2601 1914 2680 quod

1114 2687 1160 2744 ast
1174 2681 1277 2742 minus
1291 2681 1465 2761 probabile,
1482 2681 1556 2743 item
1575 2689 1611 2745 ut
1631 2703 1708 2746 suus
1729 2685 1916 2766 Principalis

1114 2789 1242 2832 causam
1257 2771 1413 2834 obtineret
1427 2789 1499 2832 eum
1518 2772 1639 2833 minore
1650 2772 1736 2853 jure,
1754 2792 1824 2854 qum
1841 2780 1918 2838 5554

1115 2859 1231 2921 illicita.
1253 2859 1343 2920 Prior
1357 2857 1513 2920 sententia
1527 2862 1574 2920 est
1594 2861 1802 2938 communior,
1820 2867 1853 2924 et
1867 2863 1916 2923 vi-

1114 2947 1206 3007 detur
1221 2965 1289 3008 csse
1310 2950 1395 3023 tuta,
1419 2944 1494 3026 quia
1515 2951 1638 3009 tantum
1652 2951 1802 3027 proponit
1819 2967 1916 3030 argu·

1114 3038 1221 3096 menta
1243 3035 1351 3114 partis,
1374 3038 1406 3096 54
1425 3039 1531 3097 554545
1553 3036 1703 3117 relinquit
1719 3036 1837 3115 ludici,
1860 3037 1915 3118 qui

1114 3123 1194 3184 ferte
1209 3122 1395 3201 prudentius
1416 3141 1452 3184 544
1469 3124 1538 3185 54445
1557 3125 1653 3186 544554
1666 3126 1792 3188 45544545
1807 3145 1915 3190 cense-

1114 3211 1161 3272 bit
1172 3211 1255 3272 hane
1271 3215 1393 3290 partem
1408 3231 1476 3274 esse
1487 3212 1742 3292 probabiliorem.

1155 3300 1223 3379 94.
1252 3303 1296 3360 Da
1318 3300 1487 3363 Advocatis
1509 3301 1585 3364 dicit
1599 3302 1674 3364 44445.
1699 3301 1722 3364 l.
1750 3307 1780 3380 6,
1806 3324 1837 3386 q.
1862 3308 1914 3380 44,
1943 3317 1998 3360 4545

1121 3411 1135 3447 44
1149 3392 1288 3461 Quorum
1298 3394 1394 3466 carte,
1407 3389 1431 3449 si
1448 3392 1533 3470 quod
1547 3391 1632 3452 aliud
1646 3393 1679 3452 in
1693 3394 1813 3470 4455,...
1831 3393 1916 3472 peri·

1115 3501 1129 3536 u
1149 3477 1226 3538 culis
1240 3476 1423 3557 laqueisque
1438 3477 1567 3557 plenum
1591 3498 1706 3542 munus
1721 3481 1913 3544 arbitror...

1115 3588 1129 3625 5
1149 3565 1290 3644 plerique
1302 3565 1442 3644 ipsorum
1456 3567 1566 3628 utrivis
1580 3567 1718 3645 partium
1733 3568 1846 3630 adesse
1860 3588 1917 3648 pa·

1116 3679 1130 3714 u
1150 3655 1220 3732 rati,
1246 3655 1331 3715 aliud
1359 3655 1409 3715 vix
1432 3660 1543 3734 534454,
1566 3674 1660 3735 quam
1680 3655 1756 3736 jura
1783 3659 1919 3719 confun-

1116 3763 1130 3800 u
1150 3741 1236 3819 dere,
1253 3748 1283 3805 54
1296 3743 1381 3824 quod
1395 3762 1488 3805 nemo
1503 3743 1629 3820 habeat,
1647 3745 1733 3824 quod
1747 3766 1840 3808 suum
1855 3753 1915 3826 est,

1116 3852 1130 3887 5
1150 3834 1205 3891 554
1218 3849 1288 3893 5545
1300 3832 1427 3910 habeat,
1444 3839 1475 3894 et
1489 3832 1586 3894 habet
1600 3834 1688 3912 quasi
1705 3841 1860 3914 emptum,
1877 3855 1916 3898 ac

1117 3941 1131 3977 5
1150 3923 1221 3996 5554
1236 3919 1454 3982 tribulationes
1463 3922 1624 4000 plurimas.
1634 3946 1648 3982 5
1665 3923 1691 3984 C
1691 3943 1766 3985 5555
1780 3924 1803 3985 l.
1816 3929 1865 4001 40,
1875 3925 1917 3986 445

1116 4007 1227 4070 455455.
1239 4012 1269 4086 9,
1280 4009 1340 4070 uit:
1357 4010 1752 4074 «Gumlitesinundatione
1763 4031 1820 4074 sua
1830 4015 1916 4075 orbis

1123 4116 1137 4152 44
1146 4095 1311 4158 Christiani
1321 4100 1400 4160 44555
1413 4101 1618 4178 pervaserint,
1632 4101 1828 4179 miscuerint,
1842 4121 1915 4164 555-

1117 4184 1303 4262 5454454454,
1334 4192 1534 4250 5555555554
1560 4207 1614 4250 eos
1640 4189 1762 4251 4455555
1790 4209 1914 4252 5554455

1118 4294 1132 4331 u
1152 4291 1172 4332 5
1173 4273 1307 4351 44454554
1319 4273 1497 4355 jurgiorum
1511 4278 1801 4357 componendorum
1809 4278 1917 4340 dicuu-

1119 4383 1133 4418 5
1152 4365 1203 4421 455
1216 4379 1283 4421 5555
1297 4363 1407 4440 periti;
1425 4369 1615 4444 componant
1629 4383 1740 4444 necue,
1757 4367 1816 4445 ipsi
1830 4367 1918 4429 vide·

1119 4472 1134 4508 5
1153 4448 1225 4525 4454,
1243 4449 1302 4510 4455
1324 4469 1381 4511 555
1396 4457 1480 4514 55545
1495 4454 1649 4529 videmus,
1667 4454 1772 4515 minus
1791 4455 1832 4515 ibi
1849 4473 1917 4516 5555

1119 4560 1134 4596 u
1152 4537 1273 4598 44544554
1287 4538 1340 4599 ubi
1356 4541 1459 4602 minus
1483 4545 1531 4603 est
1550 4541 1645 4622 hujus
1659 4543 1787 4622 generis
1801 4544 1918 4606 littera·
1985 4576 1989 4585 =

1120 4647 1134 4683 5
1153 4629 1266 4686 455554.
1280 4647 1294 4683 o
1309 4625 1421 4689 Daniel
1427 4628 1567 4692 Eremita
1581 4631 1621 4690 de
1635 4630 1700 4692 vita
1712 4632 1776 4692 aul.
1790 4637 1822 4694 et
1830 4632 1914 4693 civil.

1120 4715 1141 4775 l.
1159 4717 1187 4792 4,
1204 4733 1231 4776 5.
1253 4718 1301 4792 43,
1317 4717 1379 4777 uit:
1401 4739 1415 4776 4
1438 4721 1501 4779 Ν55
1517 4720 1647 4780 serenda
1661 4718 1719 4780 lori
1742 4721 1797 4781 illa
1811 4721 1914 4798 tabes,

1121 4825 1134 4860 5
1155 4807 1186 4864 54
1198 4803 1423 4866 advocatorum
1435 4808 1541 4886 pestis,
1557 4825 1627 4888 555
1641 4808 1785 4870 45445555
1800 4811 1918 4872 5454554

1122 4915 1135 4950 u
1155 4892 1284 4969 arrodit,
1310 4893 1418 4955 544455
1442 4895 1518 4974 agit,
1536 4901 1570 4956 ut
1593 4895 1668 4956 mali
1687 4897 1759 4974 plus
1780 4895 1919 4958 5455444-

1121 5001 1136 5038 o
1156 4981 1245 5058 eina,
1276 5000 1371 5060 quam
1399 5002 1418 5044 a
1440 4984 1550 5046 morbo
1576 4986 1625 5047 544.
1650 4984 1802 5046 »Plinius
1833 4988 1854 5047 l.
1882 4991 1915 5060 2,

1122 5070 1219 5148 Epist.
1234 5073 1263 5146 3,
1275 5071 1405 5150 soletur:
1426 5094 1440 5130 44
1454 5075 1516 5134 Ν55
1532 5074 1630 5152 quiin
1645 5073 1711 5136 4545
1725 5075 1830 5136 litibus
1845 5093 1917 5135 oon-

1121 5180 1135 5216 5
1154 5156 1283 5218 terimus
1299 5163 1433 5236 atatem
1459 5162 1593 5222 multum
1608 5161 1682 5221 mali
1685 5162 1748 5239 t,isa
1772 5164 1916 5242 quamvis

1122 5269 1135 5304 u
1155 5246 1300 5324 nolimus,
1324 5247 1414 5309 addis
1400 5249 1525 5311 scimus.
1547 5273 1561 5308 u
1588 5249 1691 5310 Videri
1709 5259 1804 5331 potest
1829 5253 1916 5312 etrum

1122 5335 1158 5396 S.
1175 5335 1300 5417 4455554.
1322 5336 1412 5415 epist.
1440 5341 1489 5414 54,
1510 5337 1563 5399 544Ι
1580 5338 1631 5399 sud
1650 5339 1756 5442 fircera
1755 5340 1917 5402 Adsecutus

1122 5423 1273 5504 alloquens
1284 5425 1342 5487 ait:
1361 5447 1376 5488 5
1389 5427 1495 5488 Redde
1509 5427 1593 5508 quod
1609 5429 1748 5508 accepist
1749 5429 1769 5507 4,
1787 5429 1927 5554 quando.
