4056 6344
573 561 624 628 DE
645 563 861 629 BENEFlcllS
884 559 1206 630 Ecctcslnsuldls.
1657 568 1716 630 cet

54 751 176 821 SedisN
194 753 309 830 untios,
321 751 569 834 praedictamque
580 753 863 834 congregationem
920 751 1124 832 Septembris,
1137 751 1339 814 pontificatus
1358 751 1460 813 Nostri
1467 754 1558 815 Ansno
1569 753 1712 832 septimo.

76 861 165 922 super
187 840 368 904 desidentia
390 841 584 921 deputatam,
602 845 633 904 et
659 861 863 925 quoscunque
957 843 1018 921 §t
1031 841 1190 904 Tridsess.
1202 843 1252 916 ild,
1264 859 1290 902 c.
1307 843 1334 917 l,
1347 839 1383 902 de
1394 839 1459 922 Res.
1468 841 1612 922 indulget
1623 843 1711 922 Epis·
1742 885 1783 932 3⁶,

77 931 148 992 elios
162 930 274 1012 quavis
295 931 481 994 auctoritate
496 935 527 993 at
550 935 703 1010 potestate
729 932 864 1011 iungas·
918 928 1004 1008 copis
1012 947 1050 990 aa
1066 927 1152 1011 justa
1160 947 1255 990 causa
1269 930 1378 990 abesse
1391 947 1448 1008 per
1457 929 1624 1008 trimestre,
1649 931 1714 993 sive

75 1023 118 1080 tes
132 1037 225 1096 nunc,
243 1024 274 1082 et
295 1037 352 1098 pro
367 1023 509 1098 tempore
533 1019 711 1097 existentes,
740 1022 864 1082 sublata
918 1015 1075 1094 continue,
1087 1017 1593 1096 siveintarruptmmonettamen,
1607 1023 1643 1082 ut
1658 1019 1716 1080 ad-

76 1105 116 1167 eis
129 1109 160 1168 et
173 1125 284 1169 eorum
300 1105 428 1168 cuilibet
451 1106 562 1186 quavis
576 1105 667 1170 aliter
685 1105 861 1187 judicandi,
916 1105 980 1165 siut
993 1105 1187 1182 iuddventu,
1197 1104 1296 1166 Natali
1306 1105 1708 1187 Domini,0uadragesima,

76 1195 267 1274 declarandi,
283 1195 509 1276 interpretandi
526 1199 558 1256 et
582 1194 750 1258 definiendi
766 1196 862 1258 iacul—
918 1194 1082 1271 Paschate,
1092 1197 1288 1272 Pentecoste,
1299 1193 1574 1273 corporiscbristi.
1585 1195 1714 1270 Quodsi

76 1288 147 1362 tate,
161 1283 299 1364 judicari
324 1288 356 1347 et
376 1283 497 1344 definiri
520 1283 647 1360 debere,
664 1291 692 1345 ct
709 1285 862 1365 quidquid
918 1281 1034 1344 diutius
1049 1283 1158 1345 abesse
1172 1283 1280 1359 velint,
1306 1283 1449 1362 indigent
1462 1284 1586 1347 licentia
1606 1287 1711 1364 Papae,

76 1392 158 1434 secus
172 1391 270 1453 super
282 1372 331 1434 bis
345 1391 364 1434 a
378 1389 537 1453 quoquam
552 1373 663 1452 quavis
676 1371 862 1435 auctoritate
917 1371 966 1432 vel
981 1371 1224 1451 Metropolitum,
1241 1371 1290 1432 vel
1305 1371 1436 1434 senioris
1451 1373 1658 1452 suffraganei,
1674 1380 1709 1436 ut

74 1461 204 1524 scienter
228 1461 278 1523 vel
298 1461 480 1542 ignoranter
502 1460 692 1542 contingerit
700 1460 860 1540 attentari,
918 1458 1013 1522 habet
1026 1459 1113 1524 Trid.
1130 1466 1161 1523 et
1175 1459 1273 1522 videri
1290 1462 1494 1539 potostbeur.
1502 1481 1535 1543 p.
1551 1465 1580 1538 l,
1592 1481 1622 1546 q.
1639 1463 1710 1526 373.

76 1551 193 1612 initum
208 1554 241 1614 et
254 1551 348 1613 inane
362 1549 570 1612 decernimus.
745 1561 752 1572 ‘
917 1549 998 1614 Vide
1008 1547 1196 1612 etiamdicta
1210 1567 1242 1610 n.
1252 1553 1322 1610 ΓΠ.
1345 1549 1501 1627 cuarrdiu,
1514 1549 1713 1631 etquomado

109 1661 123 1698 n
142 1639 212 1701 lton
227 1637 423 1702 obstantibus
437 1637 715 1702 constitutionibus
731 1641 864 1703 etcrdi·
918 1638 1027 1700 abesse
1048 1637 1169 1716 possint
1183 1635 1326 1714 Paroshi,
1343 1636 1462 1699 dictum
1476 1643 1524 1698 est
1537 1637 1558 1699 t.
1575 1640 1605 1714 3,
1617 1655 1652 1718 p.
1675 1639 1709 1714 l,

76 1727 455 1808 nationibusdpostolicis,
469 1727 860 1806 etiaminUnivarsalibus,
917 1729 1065 1788 amiati.
1091 1727 1249 1786 Praeterea
1271 1724 1429 1804 quomodo
1451 1725 1637 1804 Episcopus,
1662 1723 1713 1786 vel

75 1815 286 1893 Generalibue,
328 1815 575 1878 provincialibus
598 1819 630 1878 et
653 1814 862 1895 synodalibus
916 1813 1090 1877 Cardinulis
1109 1813 1222 1875 abesse
1237 1812 1335 1891 possit
1360 1811 1658 1892 oboooupationem
1680 1813 1712 1873 in

77 1904 215 1968 conciliis
230 1905 322 1967 aditis
333 1905 381 1966 vel
396 1903 537 1982 edendis,
549 1922 682 1982 necnon,
708 1907 863 1984 quatenus
917 1902 1043 1965 servitio
1058 1905 1162 1984 Papae,
1179 1907 1236 1964 aut
1250 1901 1340 1964 Sedis
1350 1903 1549 1981 Apostolicoe,
1562 1903 1638 1965 item
1650 1903 1710 1962 Pa·

75 2013 150 2073 opus
163 1993 214 2070 sit,
231 1993 272 2054 de
300 2011 362 2054 non
377 1992 514 2055 tollendo
532 1991 604 2073 jure
619 1991 762 2072 quasito,
778 1991 863 2054 aliis·
917 1989 1032 2056 rochus
1047 1989 1079 2052 in
1089 1988 1216 2052 servitio
1224 1988 1381 2070 Episcopi,
1391 1988 1491 2052 videri
1501 1993 1607 2070 potest
1615 1991 1707 2052 baur.

76 2085 130 2162 q'ue
144 2082 345 2146 cancellariae
369 2081 556 2162 Apostolicae
576 2081 714 2161 Regalis,
732 2082 862 2144 statutis
915 2097 946 2162 q.
963 2081 1033 2141 386.
1587 2105 1594 2114 ·

75 2191 204 2254 quoque,
235 2171 331 2234 etiam
354 2169 479 2252 juratis,
508 2177 540 2232 et
567 2170 859 2250 consuetudinibus,
956 2168 1019 2246 §a
1036 2169 1187 2248 Spectata
1205 2165 1501 2250 dispositiouejuris
1523 2169 1709 2246 communis,
1739 2215 1780 2260 8,,

75 2262 163 2324 stiam
173 2258 862 2337 diuturnisstimmemorabilibus,dictarum
917 2273 1009 2319 omno
1042 2255 1231 2318 beneficium
1262 2255 1358 2318 etiam
1392 2256 1535 2336 simplex,
1572 2257 1710 2338 exceptis

74 2349 240 2430 respective
273 2347 513 2426 Eooclesiarum,
555 2365 677 2410 necnon
715 2347 859 2426 licentiis,
916 2342 1146 2424 praestimoniis,
1163 2342 1297 2424 requirit
1311 2343 1475 2422 praecisam
1494 2343 1708 2422 residentiam,
1821 2373 1827 2382 ·

74 2437 251 2518 privilegiis,
264 2436 429 2499 etindultis
439 2435 729 2516 etamApostoliois,
741 2436 862 2500 eisdem
916 2433 970 2494 sed
989 2432 1144 2512 generalis
1170 2429 1365 2494 consuetudo
1389 2449 1461 2492 eam
1484 2432 1710 2514 obligationem

74 2527 225 2605 Ecclesiis,
238 2525 611 2607 earumquePraesulibus
626 2525 862 2606 quomodolibet
916 2521 1050 2594 sustulit,
1073 2521 1103 2582 ni
1127 2519 1230 2582 obstet
1251 2519 1314 2583 elia
1334 2520 1479 2599 specialis
1503 2521 1709 2599 consuetudo,

74 2615 219 2678 hactenus
244 2614 411 2690 concessis,
443 2614 651 2694 omnibusque
679 2617 710 2674 et
726 2613 861 2693 singulis
915 2613 1077 2686 statutum,
1093 2612 1150 2672 out
1171 2607 1330 2683 fundatio;
1349 2611 1454 2687 Gara,
1478 2610 1575 2687 butt,
1600 2610 1708 2687 Leuc,

75 2703 147 2780 aliis,
164 2723 234 2785 quae
245 2703 413 2784 praedictus
428 2702 574 2766 Urbanus
589 2719 717 2763 suarum
732 2701 862 2764 Littera·
909 2719 944 2781 p.
958 2703 987 2762 3.
1004 2717 1031 2780 q.
1051 2701 1101 2760 ot.
1123 2700 1162 2761 Et
1175 2697 1250 2760 licat
1261 2697 1405 2761 fundatio
1419 2697 1562 2779 requirat
1581 2699 1710 2779 aliquod

74 2791 858 2868 rumfirmitatietexsecutionivoluitnonobstara,
915 2787 1707 2867 servitiumparsoualeincertatum,calcitani,ug.

75 2881 241 2962 celerisque
258 2879 422 2942 contrariis
439 2880 688 2962 quibuscunque.
914 2878 1052 2952 Missam,
1089 2880 1145 2938 aut
1171 2875 1267 2938 etiam
1300 2875 1510 2938 assistentiam
1542 2875 1574 2937 iu
1601 2875 1708 2952 abero,

109 2972 176 3032 nUt
188 2975 298 3032 autem
312 2968 432 3031 eaedem
444 2972 626 3049 praesentes,
643 2972 676 3030 et
689 2968 721 3029 iu
732 2967 776 3030 eis
787 2986 859 3030 con·
914 2983 977 3028 non
991 2965 1062 3027 ideo
1073 2981 1201 3044 semper
1209 2962 1329 3026 censeri
1341 2962 1435 3025 debut
1444 2961 1632 3025 bonellcium
1641 2981 1709 3025 essa

74 3063 378 3140 tantaquaeeunquo,
394 3057 433 3118 ad
450 3055 860 3119 omniumnotitiomdedu-
914 3053 1124 3129 residentiale,
1154 3053 1230 3133 quia
1260 3051 1399 3114 officium
1426 3054 1530 3131 potest
1556 3051 1624 3113 lieri
1652 3071 1709 3132 per

74 3151 188 3224 cantur,
200 3151 233 3209 et
248 3164 287 3207 ne
300 3144 412 3228 aliquis
426 3145 550 3206 illorum
560 3144 768 3224 ignorantiam
778 3162 860 3224 prae-
914 3140 1160 3219 alium,autsine
1175 3140 1354 3218 residentia,
1367 3145 1422 3204 aut
1433 3140 1619 3203 saltemtalis
1633 3140 1711 3202 resi-

74 3235 195 3298 tendere
217 3233 335 3315 possit3
356 3233 512 3310 volumus,
538 3233 622 3314 quod
637 3234 756 3295 eaedem
780 3252 859 3314 prce·
914 3231 1021 3293 dentis
1038 3248 1121 3310 serpe
1145 3233 1266 3292 tantum
1292 3233 1340 3292 ast
1355 3229 1525 3306 causativa,
1552 3231 1656 3306 cam,
1675 3249 1706 3304 p.

74 3326 169 3384 sentes
182 3342 242 3404 per
255 3322 403 3402 aliquam,
420 3341 474 3383 seu
490 3321 611 3403 aliquos
626 3323 858 3386 excursoribus
912 3325 943 3398 l,
963 3338 988 3381 c.
1006 3323 1035 3396 l,
1051 3339 1082 3379 u.
1097 3320 1147 3395 89,
1162 3321 1212 3394 Ἠ,
1229 3322 1260 3379 at
1274 3317 1305 3378 in
1325 3317 1433 3393 dubio,
1456 3335 1519 3379 non
1547 3317 1710 3396 praesumit

75 3408 186 3472 Nostris
201 3411 244 3472 ad
255 3411 361 3472 valvas
375 3410 516 3472 Basilicas
532 3409 683 3489 Principis
693 3413 859 3490 Apostolo-
914 3427 981 3471 esse
995 3407 1127 3488 praecisa
1140 3425 1148 3480 ;
1167 3405 1257 3470 Gouz.
1273 3403 1398 3486 oddag.
1424 3410 1454 3474 8,
1471 3406 1631 3481 ot.15‚n.
1655 3410 1705 3468 22.

74 3513 149 3575 ram,
168 3517 205 3560 ac
228 3499 429 3561 cancellarie
453 3498 651 3578 apostolice,
677 3503 709 3562 et
730 3499 761 3560 in
783 3501 858 3562 Acie
913 3493 1129 3576 buudebeaef.
1139 3493 1227 3571 (1.58,
1236 3492 1706 3556 nam.t.lmolicetiundatiodi-

74 3586 174 3666 Campi
189 3589 291 3650 Elorae
307 3587 347 3649 de
367 3588 452 3650 Urbe
471 3586 679 3666 publicentur,
697 3591 728 3649 et
749 3607 859 3650 earum
913 3589 973 3664 cat,
990 3590 1025 3646 ut
1038 3582 1245 3663 perseipsum
1259 3580 1581 3661 proestetservitium,
1594 3584 1701 3643 tamma

74 3674 164 3752 copiae
176 3674 296 3737 ibidem
309 3673 490 3754 alligantur,
517 3679 548 3736 et
561 3673 662 3736 aitlxae
677 3674 859 3756 relinquen·
913 3679 1000 3738 notat
1013 3674 1094 3735 Lott.
1109 3669 1131 3732 l.
1147 3671 1178 3747 ³,
1189 3689 1219 3752 q.
1230 3672 1281 3747 2²1,
1297 3690 1327 3731 u.
1345 3671 1394 3748 rt,
1411 3671 1524 3732 Rotam
1534 3687 1597 3730 non
1611 3687 1703 3748 repu-

73 3765 129 3839 tur,
144 3782 213 3845 quoe
229 3763 274 3826 sic
286 3763 452 3843 publicatae
469 3766 502 3824 et
514 3762 616 3825 affixae
631 3780 739 3825 omnes
754 3768 785 3827 et
796 3764 858 3826 sin·
912 3779 1037 3844 gnosso,
1056 3762 1090 3822 ut
1109 3758 1278 3838 paralium
1293 3760 1507 3836 prestaretur.
1529 3755 1705 3818 Nacoliam

73 3849 166 3929 gulos,
183 3869 265 3934 quos
279 3855 482 3930 concernunt,
499 3854 622 3913 arctant
638 3856 670 3912 et
693 3850 855 3928 afficiant;
912 3853 1018 3929 refert,
1035 3847 1120 3931 quod
1134 3847 1215 3911 iorte
1239 3847 1362 3910 dicatur
1384 3845 1604 3922 canonicatus,
1626 3843 1706 3926 ‚quia

74 3951 131 3998 nou
144 3955 234 4002 secus
248 3957 286 4001 ac
305 3939 332 4002 si
346 3957 455 4002 eorum
470 3938 638 4020 unicuique
652 3941 859 4019 personaliter
911 3942 1011 4002 multa
1021 3935 1175 4001 beneficia
1189 3934 1336 3997 dicuntur
1350 3933 1571 4012 canonicatus,
1589 3933 1643 4013 qui
1657 3937 1706 3996 ta·

74 4023 857 4116 iutimataeetnotilloataefuissent‚quodqueearum·
911 4046 983 4090 men
1000 4045 1062 4089 non
1074 4029 1158 4102 sunt,
1173 4025 1268 4102 Luca,
1284 4022 1315 4086 d.
1331 4026 1370 4087 59
1383 4031 1412 4084 et
1425 4025 1475 4098 63,
1492 4025 1569 4096 n.3;
1586 4022 1707 4084 benail·

75 4112 141 4178 dem
152 4116 353 4198 praesentium
363 4117 568 4198 transumptis
579 4116 674 4180 etiam
684 4117 855 4198 impressis,
911 4117 961 4179 eia
973 4121 1079 4178 maren
1104 4114 1136 4176 in
1151 4111 1290 4175 Ecclesia
1302 4110 1431 4191 propria
1444 4109 1617 4190 collegiata
1629 4113 1706 4172 sunt

73 4219 162 4268 mauu
176 4205 309 4288 alicujus
323 4206 442 4268 Notarii
467 4205 585 4286 publici
609 4205 804 4287 subscriptis,
827 4211 858 4271 et
911 4200 1133 4278 residentialia,
1149 4201 1244 4277 Luca,
1260 4197 1326 4261 dist.
1336 4199 1466 4262 ticlloo
1480 4215 1545 4259 non
1559 4197 1705 4260 obstante

74 4290 167 4370 sigillo
180 4293 855 4374 PersonaeiudignitataEcclesiasticaoons·
911 4292 988 4356 dicit
1000 4294 1085 4355 hess.
1109 4291 1141 4352 iu
1154 4298 1232 4352 auct.
1257 4307 1286 4351 v.
1309 4287 1572 4371 Beneficiumcas.
1596 4289 1645 4363 18,
1668 4285 1702 4346 in

73 4377 165 4444 tituta
174 4382 313 4460 munitis,
325 4381 436 4443 eadem
446 4401 573 4462 prorsus
583 4382 661 4444 tides
669 4382 858 4445 adhibeatur
911 4378 1017 4460 Belgio
1032 4395 1124 4460 possa
1138 4376 1276 4458 aliquam
1291 4393 1363 4438 cum
1385 4374 1479 4438 venia
1492 4374 1540 4438 sui
1567 4373 1703 4456 capituli

73 4466 229 4550 injudicio
244 4477 275 4533 et
288 4475 376 4533 extra
390 4471 465 4533 illud
481 4471 597 4552 ubique
610 4472 764 4550 locorum,
786 4489 856 4554 quae
911 4468 1031 4548 aliquot
1044 4466 1134 4528 annis
1149 4468 1258 4528 nome
1272 4481 1340 4528 essa
1355 4482 1412 4544 pro
1427 4462 1579 4526 discenda
1601 4463 1702 4543 praxi,

74 4555 270 4624 adhiberetur
283 4559 358 4640 ipsis
371 4561 590 4641 praesentibus,
605 4560 631 4621 si
654 4559 757 4622 iurent
771 4560 857 4622 exhi·
911 4557 1067 4637 simulque
1082 4573 1177 4634 agera
1197 4571 1326 4615 oausam
1345 4553 1478 4634 alicujus
1492 4551 1646 4631 Principis
1669 4551 1704 4614 in

73 4644 140 4710 bita
153 4651 202 4712 vel
214 4653 359 4713 ostensae.
911 4645 1005 4708 curia
1021 4665 1027 4706 :
1045 4645 1100 4706 sad
1123 4643 1322 4724 capellaniae,
1338 4641 1378 4703 da
1392 4641 1506 4722 quibus
1520 4641 1553 4702 iu
1562 4640 1707 4702 absentia

109 4757 122 4794 u
141 4737 220 4800 Nulli
244 4755 319 4818 ergo
335 4737 461 4800 omniuo
476 4737 639 4801 hominum
660 4737 754 4800 Eceat
771 4737 856 4818 pagi-
911 4729 1707 4813 nihilpercipipotast,videnturrequirerepersonu-

74 4827 235 4890 nambunc
250 4827 435 4890 Nostrarum
462 4825 711 4906 ordinationum,
739 4828 856 4890 confir·
910 4820 1195 4885 lemresidentiam.

73 4915 249 4994 motionum,
261 4917 517 4998 Derogationum,
529 4918 774 4996 Praeceptorum,
786 4917 856 4978 Sta·
950 4912 1012 4993 57.
1034 4908 1184 4984 Quamvis
1204 4909 1375 4972 residentia
1392 4906 1425 4969 iu
1442 4905 1606 4970 Beneficiis
1628 4921 1706 4986 pure
1733 4973 1759 5016 ε,

74 5002 215 5084 tutorum,
231 5011 263 5068 et
276 5008 479 5069 Decretorum
489 5004 671 5086 infringere,
683 5023 738 5066 seu
753 5002 857 5065 eidem
911 4999 1153 5081 simplicibussit
1163 4997 1376 5080 juristantum
1386 4994 1526 5072 humani,
1538 4999 1644 5056 tamen
1658 5010 1707 5054 so·
1751 4976 1774 5018 ¹⁰

56 5165 60 5172 Ι
75 5105 146 5152 ausu
159 5094 338 5156 terminario
354 5094 520 5157 contraire.
545 5093 576 5156 Si
592 5096 662 5174 quis
676 5097 782 5156 autem
796 5092 856 5154 hoo
910 5090 959 5152 lus
972 5093 1068 5169 Papa,
1081 5093 1113 5153 et
1126 5106 1188 5150 non
1200 5086 1346 5167 Episcopi
1357 5087 1388 5146 in
1399 5085 1453 5148 tali
1463 5081 1632 5144 residentia
1645 5081 1706 5143 dis-

74 5181 218 5246 attenture
232 5183 477 5264 praesumpserit,
490 5179 737 5263 indignationem
752 5181 856 5244 Omni·
910 5197 1043 5260 pausare
1057 5181 1190 5258 possunt
1205 5175 1236 5238 in
1251 5178 1448 5256 perpetuum,
1464 5171 1520 5234 scd
1542 5171 1644 5233 solum
1664 5170 1706 5231 ad

73 5269 199 5346 petentis
212 5273 278 5350 Dei,
290 5291 328 5334 ac
338 5274 506 5334 Beatorum
517 5271 599 5333 Petri
611 5275 642 5334 et
654 5269 742 5333 Pauli
757 5273 855 5350 Apos-
910 5273 1034 5347 tempus
1048 5285 1086 5330 ex
1096 5265 1189 5347 justis
1203 5265 1316 5327 causis.
1334 5263 1422 5337 Quod
1438 5261 1463 5323 si
1486 5256 1627 5321 fundatio
1649 5256 1707 5320 ali·

75 5355 200 5424 talorum
214 5363 293 5445 ejus,
309 5381 342 5424 se
356 5361 698 5425 noveritincursurum.
911 5373 975 5436 qua
987 5355 1126 5437 requirat
1140 5351 1341 5415 residentiam
1355 5349 1564 5430 personalem,
1580 5351 1613 5409 et
1624 5344 1705 5407 fruo-

111 5449 251 5513 suatum
266 5454 374 5514 Romae
388 5450 472 5531 apud
488 5453 520 5514 S.
546 5449 679 5513 Mariam
703 5447 856 5529 Majorem
910 5449 961 5506 tus
975 5443 1020 5507 ita
1032 5440 1188 5506 imminuti
1210 5441 1283 5517 sint,
1305 5443 1341 5503 ut
1354 5455 1416 5501 uon
1429 5434 1642 5515 respondeant
1654 5432 1704 5496 isti

75 5535 158 5600 Anao
170 5541 393 5605 incarnationis
406 5540 576 5606 Dominicae
604 5541 692 5620 ltro,
709 5541 728 5603 3
751 5539 856 5602 Nonas
912 5531 1010 5611 oneri,
1029 5533 1133 5612 potest
1149 5528 1322 5612 Episcopus
1339 5527 1372 5600 iu
1387 5521 1558 5588 residentia
1581 5521 1704 5602 discen·

186 5649 221 5712 Τ.
236 5649 274 5714 ΙΙ.
1022 5699 1027 5707 ,
1546 5635 1585 5698 40
