4056 6344
285 507 343 568 633

283 689 398 770 aerae,
418 691 514 769 44444,
536 689 675 767 neura,
696 691 802 752 ostar.
823 691 948 766 heym,
973 689 1076 766 Gara,

283 780 384 858 Pub„
398 783 505 858 Leon,
520 799 553 861 p.
570 783 600 857 3,
615 799 646 861 q.
661 783 731 855 454,
746 787 848 840 contra
862 779 962 840 Gastr.

214 897 255 944 m
321 869 409 947 §aa
431 868 560 932 vacatio
581 867 817 944 beneficiorum,
842 872 873 928 et
891 866 1078 945 pensionum

282 957 428 1039 Episcopi
442 957 642 1038 praerequirit
655 956 937 1032 confirmationem,
955 971 1078 1034 posses-

281 1047 417 1126 sionem,
440 1052 472 1110 et
493 1047 774 1123 consecrationem,
797 1049 852 1108 aut
872 1048 1078 1106 concurrente

256 1136 474 1217 ,negligentia
495 1137 619 1216 lapsum
641 1135 816 1210 trimestris,
842 1133 900 1195 nisi
925 1132 969 1194 uti
996 1150 1078 1192 nunc

281 1230 330 1288 cst
349 1227 449 1304 stylus
469 1226 582 1303 Curiae,
606 1228 694 1306 Papa
712 1224 868 1304 exprimat
889 1241 1002 1284 vacare
1022 1237 1079 1300 per

281 1314 562 1390 confirmationem,
584 1316 688 1391 Gara,
709 1315 823 1389 Casta,
844 1310 945 1386 Pirb.,
960 1309 1079 1372 beneti-

281 1401 330 1464 dia
345 1406 451 1464 lamen
471 1401 525 1462 illa
544 1401 835 1481 promovendorum
854 1399 895 1462 ad
908 1399 1079 1478 Episcopa-

281 1495 359 1568 tum,
391 1489 441 1550 vel
468 1489 672 1551 Praelaturam
698 1491 902 1550 reservantur
933 1489 1027 1565 Papae
1058 1503 1080 1546 a

280 1585 398 1658 puncto
408 1575 580 1654 electionis,
594 1595 651 1656 per
663 1576 735 1658 eq.
752 1574 887 1638 Caeseti.
900 1581 928 1636 et
942 1573 1076 1636 Extrav.

279 1664 331 1728 Aa
341 1665 490 1746 Repainea,
506 1664 542 1728 de
552 1665 644 1746 prat.
661 1669 699 1728 V.
717 1668 824 1741 Lean,
845 1684 875 1746 q.
894 1667 950 1726 lae
965 1671 992 1725 et
1007 1666 1075 1724 456.

166 1819 172 1830 ,
281 1755 370 1828 Quod
383 1754 408 1816 si
421 1771 478 1833 per
497 1753 765 1834 dispensationem
778 1753 984 1832 prolongetur
998 1755 1079 1814 tem-

279 1858 338 1920 pus
369 1843 531 1904 sumendae
563 1841 827 1915 consecrationis;
852 1842 947 1918 Abb,
973 1843 1074 1917 Buta,

280 1930 392 2009 Falin,
416 1933 520 2008 Gara,
544 1931 674 2008 Sanan,
705 1930 814 1992 dicunt
834 1930 930 1992 etiam
951 1929 1078 2008 prolon-

279 2020 347 2098 gari
367 2023 490 2099 tempus
506 2020 693 2082 inchoandae
710 2019 902 2092 vacationis3
923 2019 1007 2098 quod
1021 2017 1077 2079 ad-

279 2107 408 2170 mittunt
425 2109 483 2170 Ja:
499 2108 595 2170 Andr.
617 2113 649 2172 et
666 2108 731 2186 alii,
752 2107 777 2170 si
798 2107 988 2187 dispensatio
1004 2107 1078 2168 data

279 2196 320 2258 sit
339 2199 427 2258 motu
450 2196 578 2276 propria
601 2199 708 2275 Papae,
737 2195 792 2258 sed
814 2196 1007 2275 probabilius
1030 2198 1078 2257 est

280 2301 352 2350 cum
364 2282 487 2364 Laym,
501 2292 532 2348 et
543 2289 649 2362 Leon,
665 2305 695 2367 q.
714 2285 1076 2362 157,Benesrciavacare

279 2373 394 2453 elapsis
406 2373 506 2436 tribus
520 2374 692 2453 mensibus,
712 2373 786 2454 quia
803 2373 870 2434 baec
887 2375 1013 2437 suntad
1028 2374 1078 2434 in-

277 2462 380 2526 vicem
398 2461 655 2541 independentia,
678 2481 737 2524 nec
756 2461 948 2541 dispensatio
966 2463 999 2524 in
1013 2479 1076 2522 uno

278 2552 417 2632 postulat
430 2550 698 2629 dispensationem
710 2550 742 2612 in
756 2550 866 2613 altero.

210 2674 253 2724 92,
317 2639 393 2718 §33
408 2638 440 2700 Si
452 2637 636 2718 Episcopus,
648 2637 699 2700 vel
709 2639 860 2700 Praelatus
871 2638 1077 2700 transferatur

277 2727 436 2792 adoliam
464 2726 649 2804 Ecclesiam,
674 2731 766 2790 vacat
788 2727 876 2806 prior
904 2727 971 2807 ipso
989 2727 1072 2808 jura,

277 2837 342 2899 cap.
362 2818 396 2878 io
410 2815 534 2898 Apibus,
551 2821 582 2892 ’4,
596 2834 627 2896 q.
646 2819 659 2876 4
691 2833 757 2894 cap.
775 2814 900 2889 Quanto,
916 2814 951 2876 de
964 2815 1072 2876 transl.

226 2951 228 2956 ⁷
277 2905 380 2987 Epire.
397 2907 436 2966 Et
446 2923 484 2966 ea
493 2903 615 2965 vacatio
626 2902 786 2964 inducitur
796 2921 832 2964 eo
844 2907 996 2981 tempore,
1012 2921 1073 2983 quo

277 2994 310 3056 in
331 2993 520 3058 Consistorio
549 2991 722 3054 absolvitur
747 3009 767 3052 a
793 2990 896 3070 priora
921 2991 1071 3071 Ecclesia,

278 3084 373 3146 etiam
385 3087 457 3146 ante
468 3080 700 3160 expeditionem
711 3080 897 3158 litterarum,
910 3085 941 3143 ct
953 3099 1074 3160 posses-

277 3173 409 3250 sionem,
426 3190 465 3232 ne
479 3171 519 3232 sit
532 3189 665 3250 sponsus
678 3169 825 3247 duarum,
842 3174 874 3231 et
887 3171 973 3231 velut
985 3169 1073 3249 spiri-

276 3261 369 3325 tualis
384 3261 517 3337 adulter,
536 3259 645 3337 Bnrb,
665 3259 774 3339 Engel.
793 3259 883 3332 Quod
899 3259 924 3319 si
938 3259 1074 3321 auctori-

276 3353 340 3412 tate
353 3367 411 3410 sua
425 3367 458 3410 se
470 3347 639 3410 transierat
652 3347 692 3408 ad
706 3348 801 3408 aliam
816 3347 998 3425 Ecclesiam,
1011 3347 1072 3427 pri-

247 3517 254 3524 ·
276 3442 369 3502 vatur
385 3441 519 3518 utraque
538 3435 719 3515 saltempar
736 3435 942 3510 sententiam
962 3439 1070 3512 Lean,

208 3661 250 3707 m
275 3547 296 3609 q
315 3616 397 3695 534.
420 3615 451 3677 si
468 3616 642 3694 promotus,
661 3612 711 3673 vel
730 3611 899 3674 translatos
917 3611 958 3672 ad
977 3611 1071 3672 aliam

262 3707 264 3712 ’
276 3702 448 3766 Ecclesiam
460 3701 648 3782 impediatur
660 3699 691 3760 in
705 3699 860 3779 capienda
874 3700 1070 3779 possessione

275 3809 341 3854 suae
351 3809 441 3852 novar
453 3789 612 3866 Ecclesia,
626 3791 729 3868 potest
739 3787 805 3848 sine
816 3806 897 3850 nova
907 3787 1071 3850 collatione

276 3879 379 3942 redire
394 3879 435 3941 ad
449 3879 597 3959 priorem,
613 3875 688 3957 quia
699 3879 786 3956 Papa
798 3876 924 3938 volebat
936 3878 1070 3938 vacatio-

276 3987 349 4031 nem
371 3967 430 4030 sub
455 3966 633 4029 conditione
658 3966 812 4028 habendae
836 3966 974 4042 alterius,
1001 3985 1067 4048 444.

275 4075 341 4142 cap.
362 4055 399 4118 Si
417 4053 556 4138 beneficia
569 4055 604 4116 de
615 4053 710 4136 praed.
729 4053 760 4116 in
774 4057 810 4129 ὃς
827 4057 941 4134 (44444,
964 4058 1067 4134 Gara,

275 4146 427 4228 Leur..,q
445 4149 513 4212 455,
530 4163 561 4206 a
578 4147 608 4221 3,
624 4147 768 4212 4446444
772 4147 826 4206 ..4

206 4275 249 4322 9„
317 4236 425 4311 Qaoest.
444 4237 564 4296 l33.-
579 4232 658 4308 Quid
669 4232 829 4294 notandam
843 4233 879 4293 ait
892 4233 972 4296 eirea
984 4253 1070 4296 rara·

275 4324 384 4386 tionem
400 4341 457 4404 per
470 4321 731 4383 Matrimonium
694 4340 877 4403 ‚inpressum
898 4322 1068 4404 lteliqi'anaa,

273 4409 428 4488 mi'litram,
451 4410 658 4492 captivitatem,
681 4409 865 4472 absentiam?
888 4413 980 4491 Resp.
1007 4413 1066 4490 §b

274 4503 335 4564 Por
356 4498 591 4562 matrimonium
614 4497 653 4558 de
678 4499 795 4576 futuro,
822 4497 888 4560 sive
911 4499 1070 4579 sponsalia

274 4605 337 4649 nan
365 4587 518 4649 amittitur
542 4585 741 4662 beneficium,
770 4587 922 4665 Sanchcz,
954 4589 1066 4666 Casta,

274 4679 369 4754 Lott.,
389 4679 481 4738 Lour.
487 4678 704 4756 4,.3444
721 4673 817 4736 talem
834 4679 939 4737 tamen
956 4678 1068 4738 meritc

276 4763 464 4844 privandum
476 4783 543 4826 esse
556 4763 631 4824 dicit
642 4765 742 4841 4444,
756 4764 811 4824 sod
823 4763 934 4825 melius
947 4767 1068 4825 centra·

276 4851 491 4930 (4444444444,
455 4855 545 4914 444
565 4855 667 4952 Gara,
684 4871 717 4932 p
734 4809 764 4928 l,
785 4855 895 4933 cap.‚8
918 4873 999 4914 num.
1017 4853 1065 4930 49,

274 4941 348 5021 quic
361 4940 492 5002 nullibi
484 4940 656 5020 imponitur
672 4943 873 5018 aspernati
891 4959 989 5002 con
952 4947 1068 5020 traper

272 5029 505 5092 Matrimonium
515 5029 554 5090 de
566 5047 685 5107 prason
687 5029 928 5132 tiiaeentipso
916 5049 987 5109 pure
998 5031 1067 5091 abs·

273 5135 333 5198 que
349 5122 417 5179 sent
419 5121 471 5178 ent
468 5117 512 5194 ia,
459 5118 573 5178 tvel
589 5117 736 5180 declarat'
714 5123 798 5180 tione
814 5119 920 5179 omnia
933 5119 1067 5181 benficia

273 5205 304 5268 in
318 5206 457 5268 Ecclesia
468 5207 574 5283 latina,
593 5226 660 5288 rap.
677 5211 691 5270 4
709 5205 928 5285 eradatur.
945 5209 1063 5288 eonjaq.

272 5304 300 5356 et
319 5315 385 5377 cap.
411 5315 460 5358 aa.
484 5294 581 5357 codem
605 5297 651 5358 tit.
677 5297 761 5368 ta6;
787 5300 893 5373 Azan,
911 5297 1063 5376 Sanchcz,

272 5385 379 5462 Barb,
395 5387 501 5462 Lean,
523 5407 551 5468 q.
564 5389 613 5465 36,
636 5393 736 5446 contra
753 5387 872 5463 (laren,
889 5389 920 5448 et
935 5385 1062 5466 liodriq.

273 5469 423 5534 Similiter
444 5489 517 5535 eum
536 5473 734 5537 Matrimonia
755 5473 881 5554 penitus
901 5473 1062 5553 emoritur,

940 501 1056 564 LIBER
1078 499 1276 574 9444444498,

1132 705 1193 750 nac
1204 687 1306 750 soluto
1324 685 1522 751 marmania
1536 683 1695 750 reviviscit
1710 685 1821 768 jasad
1838 685 1923 749 bene

1132 777 1249 855 ficium,
1274 777 1481 857 expectativa,
1504 795 1659 854 4444444444,
1684 795 1848 857 regressus
1868 782 1921 838 ete.

1133 866 1262 944 Sanan,
1279 869 1381 944 Gara,
1403 867 1511 943 Barb,
1526 865 1638 944 Paris,
1660 867 1819 946 Gastrop.‚
1834 867 1922 943 Lott.,

1131 958 1237 1034 Leuc,
1260 977 1290 1038 q.
1315 960 1365 1020 38.
1392 957 1481 1029 Quod
1502 961 1597 1034 tenet,
1621 955 1743 1018 etiamsi
1767 975 1848 1018 uxor
1867 975 1922 1017 non

1132 1051 1348 1108 consummato
1379 1045 1577 1114 Matrimonia
1606 1046 1829 1126 ingrederetur
1851 1046 1922 1106 lleli·

1130 1135 1269 1214 gionem,
1286 1141 1341 1197 cut
1352 1140 1539 1208 moreretor;
1553 1135 1682 1211 Sanch„
1701 1138 1807 1209 Gara,
1821 1135 1921 1212 barb,

1131 1226 1244 1300 Casta,
1258 1227 1353 1302 Lott.,
1372 1227 1479 1303 Leon,
1499 1244 1529 1306 q.
1550 1227 1601 1286 44.
1622 1225 1710 1286 idern
1723 1225 1868 1305 perditur
1877 1224 1923 1304 jus

1130 1312 1172 1372 ad
1197 1313 1364 1391 pensiones
1392 1313 1635 1376 Ecclesiasticas.
1664 1313 1796 1392 4444444,
1820 1313 1921 1391 Barb,

1132 1401 1244 1477 Paris,
1261 1403 1359 1464 Gastr.
1374 1405 1445 1463 Lott
1460 1448 1468 1477 ‚
1483 1404 1589 1479 Leon,
1603 1421 1633 1483 q.
1648 1405 1697 1466 88.
1713 1404 1825 1482 Neque
1838 1403 1868 1462 in
1879 1401 1923 1464 lris

1132 1489 1313 1569 dispensare
1327 1495 1431 1569 potest
1444 1489 1627 1569 Episcopus,
1641 1489 1855 1568 Abb.‚110st.‚
1870 1493 1920 1552 44,

1131 1582 1244 1656 Casta,
1269 1581 1363 1656 Lott.,
1386 1582 1494 1656 Leon,
1524 1598 1554 1658 q.
1579 1581 1629 1654 44,
1655 1581 1705 1640 38.
1729 1577 1920 1657 Dispensalio

1131 1672 1237 1730 tamen
1258 1667 1425 1729 habilitans
1446 1665 1633 1728 beneficium
1653 1685 1717 1726 non
1736 1664 1859 1728 tollitur
1872 1683 1922 1744 pcr

1130 1755 1375 1818 Matrimonium.
1393 1755 1522 1832 Sanch„
1540 1757 1643 1832 Garn,
1659 1756 1768 1828 Leon,
1786 1775 1817 1835 q.
1832 1757 1879 1816 39.

1170 1845 1230 1922 §E
1256 1845 1287 1906 Si
1306 1845 1540 1908 Matrimonium
1559 1844 1599 1904 sit
1621 1844 1761 1904 invalide
1785 1849 1920 1904 444444444-
1940 1865 1968 1910 ar

1131 1935 1198 1992 tum
1231 1933 1355 1993 delectu
1384 1950 1554 1993 consensus
1582 1931 1612 1992 in
1641 1930 1848 1998 beneficiato,
1877 1929 1920 1990 444

1131 2021 1318 2102 quiaearuit
1335 2020 1489 2094 liber-tata,
1507 2020 1556 2080 vel
1580 2019 1654 2098 quia
1680 2017 1709 2080 vi
1733 2023 1792 2080 aut
1813 2017 1919 2098 injusto

1130 2115 1215 2172 meto
1231 2114 1278 2171 ost
1292 2113 1428 2182 coactus,
1446 2126 1507 2168 non
1524 2107 1683 2170 inducitur
1697 2107 1834 2182 vacatio,
1854 2106 1918 2186 quia

1130 2217 1188 2260 nec
1203 2197 1381 2275 assumpsit,
1392 2215 1449 2256 neo
1464 2195 1628 2258 attentavit
1641 2213 1806 2256 assumere
1821 2193 1920 2256 Matri·

1129 2285 1285 2358 monium;
1303 2284 1432 2359 Sanun,
1456 2287 1559 2360 Gara,
1575 2285 1688 2360 castr,
1714 2286 1828 2359 Luca,
1844 2285 1917 2346 Lotl.

1131 2375 1163 2436 Si
1177 2380 1282 2435 tamen
1298 2373 1405 2434 dolose
1424 2371 1513 2432 finxit
1533 2389 1733 2448 consensum,
1750 2377 1809 2434 aut
1830 2371 1920 2430 scien-

1129 2469 1177 2524 ter
1201 2463 1356 2524 contraxit
1379 2479 1451 2521 cum
1480 2459 1704 2539 impedimento
1735 2459 1917 2537 dirimente,

1129 2552 1233 2612 adhuc
1256 2553 1368 2629 putant
1390 2549 1519 2624 Sanan,
1540 2550 1639 2625 Lesa,
1659 2550 1788 2626 Laym„
1812 2552 1916 2622 ease,

1129 2639 1229 2715 airh„
1251 2638 1366 2717 aliique
1389 2636 1540 2715 Theologi
1560 2637 1627 2714 ipso
1647 2635 1720 2716 jure
1737 2656 1802 2698 non
1818 2637 1916 2698 induci

1128 2729 1335 2802 vacationem,
1353 2725 1425 2805 quia
1440 2727 1581 2786 Canones
1605 2727 1728 2785 tantum
1752 2726 1918 2806 loquuntur

1128 2818 1168 2878 de
1189 2816 1329 2894 legitimo
1353 2813 1550 2877 Matrimonia
1580 2819 1612 2873 et
1634 2813 1739 2892 reipsa
1762 2814 1836 2876 talis
1862 2833 1916 2876 non

1128 2906 1283 2968 contraxit
1302 2907 1418 2966 statum
1440 2903 1741 2982 incompossibilem,
1770 2922 1829 2964 nec
1852 2921 1917 2964 aen-

1127 2996 1188 3057 seri
1215 2998 1318 3074 potest
1351 2993 1487 3056 voluisse
1521 2991 1679 3052 dimittere
1711 2993 1915 3066 beneficium

1127 3083 1282 3147 consentit
1309 3085 1398 3144 Garz.
1425 3083 1450 3144 44
1475 3082 1658 3161 ignoranter
1683 3081 1729 3143 ita
1754 3081 1914 3156 contrarii,

1126 3173 1181 3234 scd
1205 3173 1293 3248 (4044,
1320 3173 1429 3247 Goon,
1454 3170 1562 3246 Barb,
1578 3169 1678 3230 Tond.
1699 3177 1731 3230 et
1745 3170 1915 3232 Canonistae

1126 3261 1334 3322 communiter
1362 3259 1476 3319 docent
1499 3257 1571 3338 jure
1599 3258 1667 3335 ipso
1697 3276 1830 3334 vacare,
1857 3258 1915 3318 sive

1125 3351 1317 3429 ignoranter,
1346 3347 1411 3408 sive
1440 3347 1575 3408 scienter
1601 3344 1641 3406 sit
1668 3349 1867 3406 conbactum
1888 3347 1916 3405 et

1124 3442 1205 3500 Lott.
1223 3437 1298 3499 dicit
1312 3436 1488 3516 oppositam
1506 3431 1695 3495 sententiam
1714 3453 1785 3494 esse
1811 3451 1915 3495 caren-

1125 3528 1197 3587 dam
1215 3545 1251 3586 aa
1276 3543 1451 3600 erroneam,
1468 3523 1543 3602 quia
1557 3522 1684 3602 quando
1708 3523 1759 3583 lex
1776 3522 1856 3602 ipsa,
1871 3521 1916 3584 vel

1125 3614 1284 3692 dispositio
1310 3611 1518 3674 consideravit
1544 3611 1649 3690 potius
1672 3610 1777 3689 ipsum
1804 3613 1915 3673 factum

1125 3721 1220 3781 quam
1243 3703 1398 3778 ellectum,
1422 3719 1516 3780 poena
1538 3699 1708 3760 incurritur
1733 3717 1793 3778 per
1818 3702 1915 3780 ipsum

1124 3794 1251 3865 l'actnm,
1269 3791 1355 3851 Bart.
1376 3789 1406 3848 in
1425 3790 1446 3849 t.
1469 3785 1548 3862 Ouid
1563 3806 1643 3868 erqo,
1659 3808 1690 3848 a.
1712 3791 1741 3864 4,
1757 3787 1794 3866 ff.
1811 3787 1911 3863 dedis,

1123 3880 1177 3960 qai
1189 3887 1328 3938 notaretur
1341 3878 1371 3937 ia
1385 3878 1459 3958 sam.
1477 3876 1556 3937 ilinc
1576 3876 1607 3935 in
1624 3875 1734 3936 ordine
1749 3875 1791 3936 ad
1819 3876 1914 3938 incur·

1123 3967 1255 4028 rendam
1269 3965 1349 4026 lianc
1365 3983 1491 4044 pinnam
1502 3963 1686 4042 privationis
1698 3964 1766 4042 ipso
1779 3963 1852 4043 jore
1864 3983 1913 4043 po·

1123 4061 1191 4118 tant
1204 4074 1265 4116 non
1281 4073 1348 4115 esse
1363 4053 1590 4132 inspiciendam
1612 4051 1685 4113 laeti
1709 4053 1911 4125 validitatem,

1123 4144 1178 4204 scd
1199 4142 1343 4204 lactum
1337 4159 1450 4220 ipsum,
1467 4138 1738 4218 ideoquelranc
1718 4141 1912 4202 vacationem

1123 4233 1246 4294 causari
1260 4249 1279 4292 a
1293 4231 1359 4292 sola
1373 4229 1577 4291 attentatione
1591 4233 1691 4290 status
1705 4229 1912 4310 imperiectio-

1122 4321 1164 4382 ris
1186 4327 1216 4382 et
1238 4319 1378 4400 ejusdem
1402 4318 1608 4397 productione
1632 4317 1672 4378 ad
1697 4318 1827 4398 aliquod
1850 4336 1912 4379 esse

1123 4409 1269 4484 delacio,
1286 4408 1436 4472 licctsrat
1456 4408 1575 4487 absque
1590 4406 1708 4467 valore.
1727 4408 1807 4468 vide
1822 4410 1909 4468 Leur.

1121 4519 1151 4582 q.
1167 4501 1218 4573 43,
1233 4501 1284 4572 te,
1299 4501 1350 4558 44.
2012 4497 2013 4500 ’

1161 4589 1224 4666 53.
1247 4587 1278 4648 Si
1302 4587 1504 4647 beneficiatus
1531 4586 1630 4665 pubes
1654 4585 1822 4648 contrabat
1844 4603 1910 4646 cum
1930 4615 1960 4663 ,ῃ

1122 4675 1284 4755 impubere
1294 4674 1539 4749 Matrimonium
1554 4691 1614 4733 non
1627 4672 1713 4734 videt
1700 4677 1753 4734 tor
1765 4672 1832 4753 ipso
1843 4671 1909 4754 jore
2011 4657 2013 4738 l

1121 4763 1237 4843 privari
1258 4761 1421 4838 beneficio,
1439 4763 1513 4842 quia
1532 4721 1603 4823 lulis
1626 4765 1732 4822 eontra
1728 4767 1805 4822 ,ctus
1819 4761 1910 4823 intar-
2012 4799 2013 4830 2

1121 4851 1326 4931 prela'tiono
1315 4850 1396 4931 Juris
1417 4855 1489 4911 cstt
1478 4854 1599 4911 tantum
1620 4850 1831 4928 sponsalitias,
1847 4869 1906 4930 rap.

1120 4961 1197 5002 reare.
1215 4941 1243 5002 I
1244 4959 1369 5022 asperas
1394 4939 1507 5020 sffmpab
1525 4939 1691 5000 inciter
1713 4937 1908 5020 edantqued
2010 4915 2013 5012 l

1120 5031 1144 5092 si
1149 5029 1336 5092 tattentatio
1352 5027 1562 5090 Matrimonii:
1579 5045 1650 5109 qveso
1665 5028 1732 5089 baec
1748 5045 1809 5088 non
1823 5025 1908 5086 indu
2010 5031 2012 5108 t

1120 5119 1162 5179 cit
1177 5119 1409 5196 obligationem,
1427 5117 1549 5177 vacatio
1569 5121 1674 5178 autern
1699 5135 1761 5177 non
1785 5132 1907 5193 respon·

1120 5205 1904 5284 datattentationinullaminducentiobligationcm,

1120 5299 1232 5372 Casta,
1249 5298 1340 5357 Lour.
1358 5315 1387 5376 q.
1402 5299 1452 5358 45.

1158 5386 1220 5464 fil.
1233 5385 1380 5458 Quamvis
1390 5383 1561 5462 probanda
1573 5385 1761 5444 (inconcesse
1771 5381 1905 5444 444444444-
1923 5417 1953 5464 3„

1119 5475 1223 5536 ficiam
1245 5473 1418 5536 secundom
1444 5473 1529 5534 dieta
1550 5491 1581 5536 a.
1603 5473 1673 5550 430,
1691 5475 1796 5534 mmor
1818 5469 1904 5530 vacat
