3998 6344
279 515 339 579 378

279 717 375 782 quam
402 700 541 763 habeant
559 699 700 782 judicia,
728 700 871 780 quamvis
894 719 927 762 se
956 699 1072 762 hahere

278 793 400 870 putent,
423 790 476 852 sed
502 793 574 852 sunt
596 806 692 851 merae
718 790 983 872 apprehensiones
1006 790 1074 853 vio-

277 879 370 941 lentae
386 883 416 942 et
428 877 647 958 impressiones
660 879 847 958 phantasiae,
860 881 904 942 ita
918 881 1025 957 fortes,
1041 881 1076 942 ut

278 966 445 1030 videantur
465 985 533 1028 esse
552 985 716 1044 assensus,
742 983 815 1028 cunr
838 972 943 1030 tamen
968 965 1076 1048 nequi-

278 1054 351 1117 dem
365 1055 427 1117 sint
440 1053 632 1136 suspiciones
646 1054 846 1118 voluntaria.

543 1358 732 1424 DUBIUM
755 1359 803 1422 11.

319 1553 400 1634 Quid
409 1555 448 1618 stt
461 1564 489 1618 et
500 1572 590 1639 paam
604 1563 857 1638 praeoperantem
872 1553 1042 1617 Detracta?

199 1752 252 1800 troo
324 1755 446 1833 oltesp.
462 1751 620 1815 Detractio
642 1755 688 1814 est
701 1752 818 1814 alienae
842 1752 934 1814 lamae
957 1752 1075 1835 injusta

277 1841 405 1906 violatio
426 1843 477 1903 vel
495 1841 682 1922 denigratio.
707 1841 855 1904 Differta
878 1840 1075 1904 Contumelia

267 1949 349 2024 ¹(puae
363 1936 410 1994 est
422 1931 538 2012 injusta
551 1929 679 1993 honoris
694 1929 870 1993 diminutio.
886 1933 914 1992 l.
927 1929 1070 2012 Objecto;

279 2021 354 2102 quia
377 2019 567 2082 contumelia
594 2019 715 2098 honor,
745 2019 938 2082 detractione
966 2024 1072 2081 autem

278 2108 365 2170 lama
378 2107 520 2186 laeditur,
535 2125 605 2189 quae
620 2111 667 2169 est
679 2107 799 2188 opinio,
815 2125 871 2169 seu
886 2105 1072 2170 existimatio

278 2197 317 2258 de
331 2197 460 2260 alterius
473 2197 657 2259 excellentia
679 2215 686 2258 ε
711 2197 814 2259 honor
833 2197 938 2258 autem
953 2201 1000 2257 est
1013 2199 1072 2258 tes·

277 2285 407 2350 tillcatio
427 2285 537 2346 alienae
560 2285 750 2348 excellentia
769 2285 874 2347 animo
898 2288 1069 2365 conceptae.

278 2373 544 2451 antummodo,
560 2373 634 2453 quia
646 2373 835 2435 contumelia
845 2375 943 2435 instar
952 2373 1071 2452 rapinae

277 2465 313 2526 stt
340 2469 447 2542 aperte
471 2464 580 2524 contra
602 2465 791 2541 presentem
815 2482 821 2524 :
847 2460 1011 2538 detracti0,
1037 2464 1073 2523 ut

277 2551 447 2633 plurimum
462 2549 559 2611 instar
573 2549 646 2611 furti
662 2550 781 2611 occulta
794 2553 826 2611 et
835 2553 945 2612 contra
959 2549 1073 2609 obsen-

180 2665 183 2670 ’
277 2644 352 2702 tem.
369 2637 460 2703 Unde
484 2637 557 2699 licet
580 2637 770 2699 contumelia
786 2637 980 2699 detractione
1000 2655 1073 2716 gra·

277 2725 348 2789 rior
360 2725 410 2803 sit,
421 2727 582 2787 esttamen
597 2724 748 2786 detractio
765 2729 928 2806 peccatum
939 2725 1072 2788 mortale

279 2829 446 2893 exgenere
460 2831 516 2874 suo
529 2833 536 2886 ;
556 2812 612 2875 etsi
626 2831 663 2873 ex
678 2813 832 2893 parvitate
847 2814 998 2891 materie,
1019 2815 1074 2874 aut

277 2899 537 2962 indeliberatione
555 2901 623 2960 fleri
639 2901 744 2986 possit
757 2900 889 2963 veniale.
908 2901 998 2962 Ratio
1013 2905 1069 2978 ast,

278 2989 354 3072 quia
366 2993 413 3052 est
426 2989 554 3070 gravius
569 2990 663 3068 furto,
681 2990 766 3071 quod
781 2995 827 3053 est
840 2992 982 3066 mortale,
1000 3007 1072 3051 cum

277 3078 373 3141 laedat
385 3076 521 3158 proximi
537 3078 664 3158 lamam,
681 3095 751 3160 quae
770 3082 818 3141 est
837 3079 939 3159 majus
953 3079 1071 3140 bonum

278 3183 375 3250 quam
390 3183 477 3246 opes.

317 3277 332 3316 n
350 3255 508 3319 Detractio
522 3254 584 3316 alia
598 3259 645 3318 est
659 3255 778 3318 directa
793 3254 984 3334 etformalis,
1002 3273 1072 3336 quae

276 3345 313 3410 srt
333 3363 371 3407 cx
392 3345 565 3408 intentione
586 3345 703 3408 lamam
721 3345 886 3407 laedendi:
911 3344 972 3406 alia
992 3342 1071 3405 indi-

277 3436 364 3494 recta
377 3436 409 3493 et
428 3433 601 3495 materialis
615 3437 738 3496 tantum
755 3451 826 3513 quae
841 3434 875 3496 nt
888 3453 925 3494 ex
944 3433 1070 3495 levitate

277 3523 309 3583 et
321 3520 510 3604 loquacitate
525 3523 640 3602 aliqua.
658 3521 712 3584 Ea
725 3523 813 3584 dictis
825 3521 944 3584 resolues
960 3540 969 3581 :

317 3612 374 3672 nl.
392 3610 590 3690 Regulariter
612 3628 674 3671 nou
695 3614 742 3673 est
763 3611 895 3672 mortale
918 3609 994 3690 (etsi
1014 3627 1072 3690 per

278 3695 435 3773 accidens,
462 3698 582 3759 ratione
604 3697 711 3758 damni
726 3697 895 3777 sequentis,
916 3698 977 3760 tale
1002 3715 1070 3758 esse

277 3785 386 3867 possit)
409 3786 549 3847 revelare
566 3786 686 3847 natales
707 3786 846 3846 delectus
869 3785 984 3864 animi,
1004 3803 1070 3848 cor-

277 3873 373 3954 poris,
398 3871 447 3934 vel
467 3873 627 3950 natalium,
644 3873 719 3953 quia
731 3873 809 3934 tales
825 3891 887 3935 non
902 3878 975 3936 sunt
988 3891 1067 3935 mon

277 3962 374 4036 tales;
390 3979 448 4022 nec
462 3961 593 4022 infamia
607 3961 691 4040 apud
706 3962 874 4039 prudentes
890 3967 1067 4042 reputatur,

278 4051 362 4132 quod
377 4052 458 4130 quis,
473 4069 504 4114 v.
521 4067 552 4130 g.
565 4050 768 4131 sitstupidus,
786 4051 923 4131 spurius,
941 4052 1066 4114 luscus:

276 4143 355 4203 Bon.
380 4149 401 4202 t.
426 4143 457 4218 2,
479 4140 515 4202 de
536 4141 614 4204 Hert.
640 4141 672 4201 in
681 4141 880 4223 particulari,
897 4141 928 4204 d.
944 4145 974 4221 2,
990 4163 1020 4226 q.
1037 4145 1067 4221 l,

274 4241 307 4312 p:
325 4232 356 4305 2,
371 4247 402 4290 n.
419 4233 448 4294 8.
918 4229 921 4236 ’

317 4339 332 4378 n
349 4319 388 4381 ll.
411 4319 598 4400 Plerumque
622 4318 717 4381 eham
739 4319 817 4382 levis
841 4320 992 4382 detractio
1015 4319 1070 4383 ha·

276 4406 385 4483 betur,
408 4406 433 4466 si
455 4407 550 4468 alium
573 4407 706 4468 infames
720 4409 920 4489 generalibus
934 4411 1068 4472 nomini·

277 4495 336 4558 hus
349 4499 552 4575 peecatorum
561 4496 752 4574 mortalium,
766 4515 796 4559 r.
810 4517 842 4577 g.
860 4498 1071 4559 essairacum·

278 4585 364 4661 dum,
381 4585 562 4663 superbum,
589 4588 649 4645 etc.
675 4584 752 4664 (etsi
768 4585 936 4666 aliquando
960 4586 1065 4665 gravis

277 4689 345 4734 esse
359 4672 476 4753 possit)
496 4673 569 4753 quia
593 4672 756 4736 audientes
771 4674 955 4756 plerumque
971 4674 1070 4737 inter-

277 4765 451 4842 pretantur,
469 4759 509 4822 de
523 4761 659 4823 naturali
669 4763 889 4842 propensione,
902 4767 933 4826 et
947 4762 1070 4826 defectu

276 4849 485 4912 involuntario
504 4869 510 4910 :
527 4865 585 4912 nec
608 4850 708 4911 oritur
729 4871 826 4931 grave
850 4852 1002 4914 damnum
1026 4853 1071 4914 sa-

277 4949 348 5016 mse,
366 4939 399 5000 S.
415 4939 530 5000 Antan.
539 4955 572 5018 p.
590 4941 618 5015 l,
636 4945 658 5000 t.
675 4939 705 5016 8,
721 4957 746 5000 e.
760 4943 789 5014 l;
808 4939 883 5003 Silv.
900 4943 985 5002 hess.
1003 4940 1026 5002 l.
1038 4945 1069 5019 2,

276 5045 303 5090 c.
321 5029 371 5103 ll,
387 5043 468 5087 num.
486 5027 534 5100 l8;
552 5029 661 5106 haym.
679 5027 700 5088 l.
717 5029 747 5104 3,
758 5047 791 5108 p.
809 5031 838 5105 Ε),
856 5045 883 5090 e.
898 5030 929 5105 9,
944 5047 976 5089 a.
994 5031 1023 5090 3.

317 5135 332 5174 n
350 5115 402 5177 lll.
425 5113 575 5178 Similiter
593 5130 655 5176 non
671 5115 731 5177 erit
745 5117 878 5178 anomale
896 5116 1071 5178 communi·

277 5201 336 5278 ter,
353 5201 470 5262 referre
485 5205 615 5281 peccata
637 5203 792 5280 mortalia,
817 5221 887 5284 quas
901 5204 942 5266 ob
965 5205 1071 5266 condi·

849 515 966 580 claua
986 513 1167 592 TERTIUS,
1190 512 1292 577 Paas
1314 511 1353 576 ΙΙ.

1131 699 1362 763 adolescentem
1383 716 1451 760 asse
1473 697 1651 780 prodigum,
1675 696 1813 760 deditum
1830 715 1902 761 amn
1986 697 1987 734 r

1131 790 1228 867 ribuS,
1245 793 1303 852 etc.
1321 791 1431 868 haym.
1449 786 1484 850 a.
1500 805 1542 851 ce.
1984 790 1986 793 ’

1171 901 1185 938 n
1203 879 1256 942 lv.
1280 877 1359 940 Fieri
1383 881 1488 940 tamen
1509 878 1675 957 potestat
1698 878 1847 941 camundo
1860 877 1902 940 da·

1131 967 1229 1029 lectus
1256 966 1351 1029 etiam
1383 966 1557 1044 naturales,
1580 969 1723 1045 spectata
1746 965 1903 1028 condliona
1986 969 1987 974 ’

1130 1061 1162 1118 et
1176 1059 1258 1118 statu
1273 1055 1365 1133 illius,
1381 1055 1520 1136 graviter
1534 1071 1660 1132 noceas,
1677 1057 1709 1116 et
1726 1053 1771 1116 sio
1784 1055 1905 1134 gratita

1130 1163 1252 1224 pecces,
1268 1148 1303 1207 ut
1317 1145 1342 1205 si
1357 1163 1498 1225 parem,
1525 1147 1556 1207 et
1570 1142 1681 1224 optimi
1694 1145 1826 1206 nominis
1839 1145 1907 1207 Pre-
1982 1143 1987 1180 ²

1130 1234 1239 1310 latum,
1264 1237 1319 1295 aut
1341 1231 1543 1312 Religiosum,
1568 1230 1743 1293 mendaciis
1766 1235 1907 1294 maetam
1978 1238 1983 1263 ²

1130 1339 1198 1383 essu
1222 1321 1327 1395 dicas;
1351 1321 1456 1382 virum
1477 1335 1627 1400 gravem,
1651 1337 1689 1382 ac
1713 1319 1904 1397 consularem,

1129 1409 1289 1489 illegitime
1304 1413 1423 1486 natum,
1448 1408 1605 1485 Judaeum,
1631 1411 1691 1471 eto.
1708 1408 1797 1471 ldem
1814 1413 1866 1487 est,
1883 1413 1908 1472 et
1982 1461 1984 1465 .

1129 1497 1155 1560 si
1170 1499 1209 1559 de
1223 1499 1320 1560 altero
1334 1497 1411 1559 nihil
1426 1495 1457 1557 in
1472 1495 1665 1577 particulari,
1681 1495 1739 1557 sed
1753 1500 1869 1560 tantum
1880 1497 1905 1559 in
1982 1501 1987 1524 ⁴

1128 1605 1243 1668 genere
1254 1585 1350 1663 dicas,
1362 1605 1393 1649 v.
1404 1606 1435 1667 g.
1445 1589 1475 1649 te
1490 1585 1570 1647 scire
1580 1585 1700 1666 aliquid
1714 1586 1756 1647 de
1767 1585 1828 1662 illo,
1838 1586 1908 1667 quod
1982 1593 1987 1630 ῑ

1128 1676 1153 1737 si
1170 1674 1267 1754 dicas,
1282 1691 1398 1754 magno
1412 1674 1500 1736 illum
1523 1675 1639 1736 rubore
1661 1674 1703 1738 sit
1725 1675 1906 1750 affectumm
1985 1697 1987 1714 ³

1127 1767 1226 1844 Lugo,
1243 1761 1273 1826 d.
1291 1767 1340 1840 tn,
1356 1783 1436 1826 anm.
1453 1765 1492 1826 ta
1506 1767 1538 1826 et
1549 1765 1599 1826 50.
1982 1783 1986 1790 ’

1167 1875 1182 1912 ιι
1201 1855 1240 1915 V.
1256 1851 1393 1929 Crimen,
1410 1855 1466 1914 aut
1488 1851 1646 1914 defectum
1659 1849 1805 1933 alicujus,
1827 1852 1908 1914 modo
1985 1891 1986 1894 =

1128 1939 1908 2021 silvarum,sepeliretprodereobjustascausas:

1126 2050 1158 2092 r.
1174 2048 1205 2109 g.
1222 2033 1252 2106 l,
1264 2047 1337 2092 cum
1352 2027 1478 2108 expedit
1487 2027 1689 2108 Superiorem
1705 2027 1909 2091 scirceoorum
1981 2033 1987 2075 :

1127 2118 1277 2195 deiectus,
1293 2121 1328 2179 ut
1342 2114 1563 2190 emendentur3
1590 2113 1630 2177 de
1645 2133 1707 2196 quo
1721 2115 1786 2178 oid.
1801 2135 1860 2198 unp.
1881 2113 1911 2177 de
1984 2125 1987 2134 '

1129 2205 1262 2287 Corrept.
1278 2204 1384 2290 frater.
1410 2207 1440 2264 et
1453 2203 1497 2265 sic
1521 2219 1586 2280 eos,
1603 2202 1657 2286 qui
1680 2203 1802 2266 crimen
1823 2202 1910 2266 occul·

1125 2296 1193 2356 tum
1206 2293 1341 2356 filiorum
1357 2291 1553 2370 Parentibus,
1567 2289 1908 2370 vellamulorumheris,
1949 2315 1951 2320 ·
1982 2303 1987 2340 ³

1127 2383 1157 2444 in
1186 2382 1298 2445 ordine
1320 2380 1360 2444 ad
1384 2381 1611 2443 correctionem
1627 2381 1785 2462 (cavendo
1805 2387 1908 2459 nmen,
1985 2390 1987 2418 ³

1126 2491 1165 2534 ne
1189 2491 1228 2534 ex
1251 2470 1442 2533 revelatione
1456 2469 1559 2552 maJus
1574 2469 1727 2532 damnum
1746 2469 1906 2554 sequatur),
1986 2501 1987 2512 r

1126 2559 1313 2642 significant,
1330 2558 1539 2620 communiter
1560 2557 1702 2619 excusari
1717 2557 1814 2622 docet
1825 2555 1908 2620 trull.

1126 2658 1149 2712 t.
1166 2651 1195 2726 Ξ,
1213 2646 1235 2708 Ι.
1251 2651 1282 2726 l,
1298 2667 1324 2710 c.
1342 2644 1430 2724 l0,d.
1448 2649 1496 2724 ll,
1513 2665 1551 2708 ex
1565 2644 1643 2709 Bon.
1660 2653 1716 2709 ete.
1731 2647 1792 2724 uti,
1809 2649 1912 2708 etuxo-

1125 2756 1193 2801 rem
1214 2738 1396 2818 loquentem
1420 2753 1492 2797 cum
1515 2734 1628 2798 marito
1653 2735 1715 2816 (vel
1738 2735 1858 2816 contra)
1880 2733 1911 2795 de

1126 2825 1308 2890 criminibus
1345 2822 1474 2888 occultis
1514 2823 1674 2902 illiorum,
1710 2823 1766 2885 vel
1793 2822 1912 2886 famulo·

1126 2933 1207 2976 rum.
1228 2917 1258 2975 i.
1286 2913 1387 2974 Causa
1414 2909 1546 2988 consilii,
1567 2911 1617 2971 rel
1641 2909 1751 2974 auxilii
1770 2909 1909 2991 capiendi.
1984 2925 1987 2938 ·

1126 3006 1161 3069 ln
1189 3021 1251 3083 quo
1279 3005 1385 3064 tamen
1412 2999 1605 3078 videndum,
1632 3003 1668 3063 ut
1695 3019 1772 3063 cum
1798 2999 1912 3061 minino

1126 3092 1241 3153 damno
1265 3087 1349 3152 tertii
1370 3089 1435 3150 fiat.
1465 3091 1495 3150 3.
1518 3089 1619 3151 Causa
1642 3089 1779 3151 cavendi
1800 3087 1913 3150 aterius
1986 3081 1987 3108 ³

1126 3178 1233 3241 damni
1258 3197 1265 3240 :
1296 3181 1331 3240 ut
1358 3175 1383 3238 si
1408 3175 1539 3258 alicujus
1559 3177 1726 3242 aestimatio
1751 3177 1829 3240 falso
1850 3193 1914 3238 cnu-
1983 3196 1985 3201 ⁴

1125 3271 1217 3348 cepta
1235 3264 1274 3328 da
1304 3265 1372 3346 ejus
1400 3257 1553 3344 doctrina,
1584 3266 1756 3345 probitate,
1782 3264 1849 3327 abis
1873 3269 1913 3326 est
1985 3281 1987 3292 ’

1125 3355 1326 3436 perniciosa;
1353 3351 1436 3415 unde
1460 3371 1532 3416 eum
1546 3355 1651 3434 agitur
1673 3351 1715 3415 de
1736 3350 1912 3416 conferendo

1125 3445 1237 3522 oltlcio,
1255 3444 1294 3505 de
1308 3443 1522 3505 contrahendo
1538 3443 1760 3520 Matrimonia,
1792 3442 1831 3504 de
1855 3456 1911 3502 sus

1124 3531 1271 3612 cipienda
1299 3530 1478 3610 Religione,
1508 3529 1548 3592 de
1571 3531 1764 3592 assumendo
1784 3525 1906 3602 medico,

1124 3624 1328 3700 praeceptore,
1347 3617 1481 3695 famulo,
1503 3615 1630 3694 famula,
1643 3622 1705 3680 etc.
1718 3617 1796 3680 licet
1806 3612 1913 3678 manis·

1124 3708 1238 3772 lestare
1260 3707 1334 3789 (imo
1356 3705 1524 3788 aliquando
1552 3705 1694 3786 oportet)
1715 3703 1913 3768 occultaalte·

1124 3797 1190 3859 rius
1221 3795 1464 3876 impedimenta,
1489 3793 1740 3872 inhabilitatem,
1773 3791 1909 3866 cumina,

1125 3881 1484 3964 undenotnhilealiquod
1494 3882 1733 3944 incommodum
1742 3882 1910 3944 timerdm:

1125 3964 1296 4027 dummodo
1308 3963 1462 4025 nullaalia
1475 3962 1516 4025 sit
1525 3964 1604 4024 ratio
1615 3963 1817 4026 commodior
1824 3962 1909 4041 impe

1124 4052 1242 4129 diendi,
1257 4051 1458 4129 aldamum,
1472 4051 1557 4131 quod
1571 4050 1716 4130 proximo
1726 4051 1864 4127 timetur,
1877 4047 1912 4109 sit

1124 4142 1237 4224 majus,
1255 4145 1311 4203 aut
1325 4141 1436 4202 saltem
1451 4139 1572 4221 aequale
1587 4139 1716 4218 damno,
1734 4139 1821 4221 quod
1834 4153 1871 4199 ex
1882 4151 1913 4196 ea

1124 4228 1375 4292 manifestatione
1392 4227 1544 4306 delemus,
1568 4227 1782 4290 auteriminis
1795 4223 1910 4289 alterins

1125 4319 1154 4381 ei
1169 4317 1346 4390 obveniret;
1363 4317 1450 4380 Less.
1467 4315 1497 4377 d.
1516 4318 1564 4378 la.

1164 4429 1179 4465 n
1199 4407 1250 4468 Vl.
1268 4405 1347 4466 llino
1362 4421 1499 4485 quoque,
1524 4405 1550 4465 si
1567 4404 1637 4485 quis
1651 4403 1770 4486 injuste
1783 4400 1914 4467 ltedlth

1124 4493 1914 4573 mamtuam,necponeseamtueri,necrecupercn

1125 4584 1187 4646 alia
1209 4585 1271 4662 ria,
1302 4601 1397 4664 quam
1421 4581 1636 4644 imminuendo
1658 4599 1790 4663 quoque
1811 4581 1913 4642 famam

1125 4673 1218 4752 illius,
1244 4673 1277 4734 id
1301 4672 1384 4751 licet,
1401 4669 1573 4732 dummodo
1587 4671 1667 4732 falsa
1690 4687 1756 4732 non
1773 4669 1868 4744 mass,
1888 4662 1913 4724 iu

1124 4763 1257 4838 tantum,
1274 4762 1428 4840 quantum
1443 4758 1484 4820 ad
1498 4762 1585 4820 tuam
1605 4759 1725 4820 famam
1741 4767 1915 4821 munerante

1125 4849 1198 4911 dam
1217 4863 1345 4910 necesse
1365 4849 1427 4920 est;
1454 4863 1514 4908 nec
1526 4847 1627 4926 magis
1645 4845 1745 4908 ladas
1768 4841 1915 4928 quanta

1125 4937 1220 5014 daris,
1244 4936 1358 4998 collato
1375 4940 1443 5014 tua,
1459 4939 1491 4998 et
1504 4935 1636 4999 altarirm
1649 4953 1810 5017 pessouap
1824 4937 1911 5012 bugu,

1125 5027 1155 5091 d.
1173 5029 1333 5105 15,n.50.

1164 5135 1179 5174 n
1207 5115 1272 5177 vll.
1295 5114 1327 5176 Si
1342 5113 1412 5194 quis
1426 5113 1530 5176 solatii
1542 5117 1667 5177 tantum
1683 5131 1793 5192 cansa,
1808 5117 1839 5176 st
1860 5125 1912 5172 nen

1125 5203 1297 5266 intentione
1316 5201 1515 5280 detrahendi,
1531 5201 1625 5264 alicui
1640 5201 1743 5265 amico
1758 5203 1862 5264 narrat
1872 5197 1914 5259 iu-

277 5289 395 5352 tionem
417 5307 559 5371 persona
587 5307 650 5353 non
675 5291 853 5354 notabiliter
873 5291 990 5353 famam
1017 5294 1072 5356 la·
1122 5289 1240 5374 juriam
1262 5290 1302 5353 ab
1323 5290 1383 5352 alio
1407 5290 1465 5352 sibi
1489 5290 1617 5368 famam,
1634 5291 1838 5354 abundatur
1854 5294 1912 5348 erae

277 5376 365 5455 dont,
381 5393 412 5438 r.
428 5396 460 5457 g.
478 5377 503 5438 si
524 5377 623 5456 dieas,
639 5377 769 5440 militum
794 5379 911 5440 habere
926 5380 1073 5442 concubi·
1128 5379 1272 5456 mortale,
1293 5383 1326 5442 et
1343 5380 1369 5441 si
1390 5378 1465 5441 iude
1485 5378 1593 5460 aliqua
1610 5378 1742 5442 infamia
1762 5373 1912 5462 proueniat

280 5480 365 5552 pana
381 5480 538 5562 pugnasse
547 5467 579 5530 in
597 5466 713 5552 duello,
730 5467 868 5548 cogitare
880 5468 1070 5544 vindictam

1130 5468 1267 5546 auctorit
1289 5487 1328 5531 ea
1349 5469 1433 5532 enim
1447 5469 1506 5556 ipsi
1521 5469 1710 5554 imputanda
1722 5475 1782 5535 est.
1806 5469 1911 5534 Caten-
