4032 6340
314 519 352 584 3-7
812 515 865 580 DE
892 503 1156 578 ossttoarlonlt
1185 503 1467 576 PAROCHORUM.

315 710 396 767 trem
410 703 497 784 prius
507 701 618 778 teneri,
631 701 705 781 quie
720 699 772 780 qui
783 700 893 779 genuit
904 699 1002 760 filium
1016 697 1110 758 etiam
1168 694 1240 773 lem,
1257 697 1290 758 id
1307 703 1363 775 est,
1381 719 1444 762 000
1460 700 1575 764 0077007
1588 701 1721 780 proferri
1736 721 1774 763 ex
1790 699 1957 765 intentione

313 791 385 874 jure
400 795 526 855 tenetur
548 808 620 851 eum
644 790 746 862 elere;
778 788 831 848 sed
857 788 1053 848 communior
1068 787 1115 844 est
1167 785 1388 864 inhonorandi,
1405 789 1548 868 quamvis
1568 789 1599 848 70
1623 807 1656 850 00
1678 791 1863 852 contineant
1876 789 1958 850 iube

316 880 560 942 sententiosum
583 879 615 940 S.
632 877 691 938 Th.
709 875 741 937 in
765 879 906 937 extreme
929 873 1113 935 necessitate
1168 874 1374 951 nerationem,
1386 877 1431 936 uti
1446 881 1531 938 reete
1542 879 1574 939 S.
1592 877 1703 956 Chrys.
1718 880 1750 941 S.
1762 879 1879 940 777007.
1896 877 1957 938 701.

316 967 404 1049 prius
417 967 516 1030 teneri
532 966 631 1026 filium
642 982 824 1026 succurrere
840 963 921 1042 patri
937 979 1004 1023 suo.
1023 960 1113 1021 Retio
1170 961 1281 1038 Regin.
1299 965 1331 1023 et
1348 963 1411 1023 alii.
1438 966 1516 1024 item
1532 983 1594 1026 000
1610 965 1726 1028 0017007
1740 966 1904 1027 continere
1918 965 1961 1025 in-

318 1059 375 1134 est,
393 1055 467 1135 quie
481 1072 570 1134 eaque
585 1052 690 1114 770700
713 1056 761 1113 007
784 1051 938 1113 connexio
963 1047 1114 1110 naturalis
1168 1049 1307 1126 famiam,
1325 1049 1399 1129 quia
1413 1068 1492 1113 uxor
1506 1069 1568 1113 non
1583 1053 1677 1114 cessit
1686 1053 1751 1133 juri
1767 1054 1808 1114 ad
1826 1054 1958 1122 lamam

317 1142 373 1204 0777
387 1142 429 1202 00
441 1144 565 1220 patrem
579 1155 789 1218 suum,quem
803 1137 901 1217 petris
916 1137 956 1197 ad
971 1154 1063 1198 suum
1079 1135 1114 1194 77-
1169 1137 1200 1196 S.
1235 1136 1292 1198 Th.
1320 1139 1397 1199 Nar.
1424 1140 1535 1200 Covar.
1561 1143 1646 1202 Less.
1673 1142 1745 1202 Mol.
1779 1140 1852 1202 Fill.
1878 1139 1960 1202 Unde

317 1230 419 1307 lium,
444 1231 526 1290 tilius
555 1233 661 1291 autem
685 1228 755 1306 plus
779 1226 876 1288 hebet
900 1229 1031 1304 epatre
1056 1240 1113 1282 suo
1169 1223 1378 1284 communiter
1404 1230 1538 1303 peceant
1564 1228 1740 1289 mortaliter
1767 1227 1889 1304 mariti,
1914 1225 1961 1306 qui

320 1321 554 1399 quampatere
574 1316 658 1390 tilio3
689 1332 765 1394 ergo
781 1317 828 1375 est
848 1312 951 1392 070707
965 1310 1114 1390 obligatio
1169 1328 1281 1371 uxores
1304 1310 1394 1372 valde
1418 1312 1557 1374 honestae
1573 1315 1699 1376 familiae
1718 1319 1841 1378 temere
1856 1317 1963 1376 700007

320 1405 472 1468 naturalis
487 1402 540 1464 lilii
564 1421 641 1483 erga
663 1407 797 1482 patrem,
816 1419 912 1480 quam
926 1399 1025 1478 petris
1040 1417 1116 1476 erge
1170 1415 1272 1475 sagas,
1290 1399 1483 1477 meretriceo,
1500 1401 1681 1474 adulteras;
1699 1403 1785 1464 07700
1802 1407 1852 1463 007
1866 1401 1892 1462 si
1907 1401 1963 1478 ple-

319 1493 439 1566 tllium3
465 1491 550 1572 quod
574 1491 599 1551 si
622 1493 755 1570 uterque
779 1489 875 1550 701707
897 1487 1064 1567 persistere
1084 1486 1115 1544 in
1170 1485 1268 1561 boias,
1286 1485 1334 1546 hae
1350 1488 1433 1547 enim
1448 1491 1657 1552 communiter
1669 1492 1746 1552 talia
1760 1509 1827 1552 non
1846 1491 1961 1564 curant,

320 1599 378 1643 sue
392 1579 537 1659 opinione
552 1578 708 1658 probabili
722 1577 781 1639 sibi
797 1578 932 1652 favente,
950 1579 1029 1637 etse
1044 1574 1116 1634 deo-

319 1669 459 1749 bligente
474 1686 493 1728 a
507 1667 719 1729 succurrendo
734 1665 832 1745 prius,
850 1683 929 1725 onus
944 1664 976 1723 in
995 1667 1117 1726 utrum-

321 1775 382 1838 que
402 1760 483 1818 esset
506 1754 722 1830 dividendum,
738 1753 785 1815 uti
809 1753 901 1814 docet
915 1751 1027 1812 Temb.
1044 1751 1062 1812 l.
1083 1754 1113 1826 ὅ,

321 1865 347 1907 0.
364 1847 393 1922 3,
409 1845 470 1924 07,
486 1864 516 1906 e.
535 1846 584 1921 77,
601 1847 655 1903 007
668 1859 725 1920 per
738 1841 884 1903 ludicem
899 1840 1051 1901 alteruter
1066 1857 1115 1900 00-

322 1933 444 2014 gendus
459 1937 551 2008 esset,
568 1935 662 2010 prout
681 1948 718 1989 ex
740 1927 982 1989 circumstantiis
997 1927 1118 1987 videre-

322 2027 373 2085 tur
388 2020 519 2100 sequius.
536 2017 597 2080 Nee
610 2017 727 2078 obstent
741 2017 825 2077 dieta
838 2035 869 2076 0.
886 2017 956 2091 707,
973 2034 1041 2074 nem
1055 2032 1118 2074 nou

241 2105 247 2119 ⁴
324 2107 524 2170 7700707770
548 2123 616 2166 esse
631 2122 690 2182 par
709 2103 809 2176 rati03
835 2119 907 2162 cunr
931 2101 1117 2162 incertitudo

256 2255 262 2262 .
324 2213 387 2257 000
402 2197 547 2256 causetur
561 2211 618 2270 per
633 2189 793 2264 delictum,
810 2187 865 2248 sed
881 2206 918 2247 ex
933 2193 1045 2248 nature
1061 2185 1115 2247 rei.

256 2307 298 2354 707
364 2284 425 2362 57.
443 2285 477 2343 70
501 2285 641 2342 extrema
660 2277 857 2352 necessitate,
875 2275 899 2336 si
921 2275 1003 2336 desit
1025 2276 1116 2352 tilius,

325 2376 415 2452 pater
438 2373 563 2432 tenetur
584 2368 673 2448 prius
696 2365 884 2432 subvenire,
910 2381 1004 2442 quam
1029 2382 1117 2440 uxor,

326 2460 401 2541 quia
424 2457 603 2539 conjunctio
625 2454 787 2530 naturalis,
805 2471 874 2533 quae
898 2457 945 2512 est
966 2452 1046 2512 inter
1067 2469 1121 2530 pe-

326 2555 406 2612 trem
421 2547 578 2622 etlilium,
594 2543 695 2622 megia
715 2547 762 2605 est
780 2541 969 2614 intrinseca;
985 2541 1119 2619 ideoque

326 2639 422 2700 etiam
435 2637 507 2714 post
516 2651 549 2694 se
560 2631 660 2692 trahit
672 2629 827 2709 majorem
842 2626 1065 2706 obligationem
1080 2626 1120 2686 00

327 2719 580 2785 0000077000070
606 2735 662 2778 esse
688 2716 743 2776 lilii
772 2713 856 2794 qued
882 2719 972 2792 peter
999 2713 1117 2793 genuit,

328 2827 423 2892 quam
437 2808 537 2870 civilis
551 2809 675 2867 tantum
697 2807 728 2865 et
742 2803 918 2864 0777700000
942 2802 1119 2882 conjunctio

328 2898 444 2974 uxoris,
461 2914 531 2976 quas
546 2894 623 2956 illud
636 2911 693 2954 esse
705 2891 808 2952 meriti
824 2909 887 2951 000
901 2892 1028 2970 geuuit;
1043 2907 1119 2970 ergo

328 3005 386 3049 nec
400 2985 445 3048 ite
464 2987 550 3046 arcte
572 2981 729 3059 obligetur
748 2978 909 3038 vindicare
924 2979 964 3041 ab
980 2978 1117 3039 interitu.

261 3105 302 3154 733
368 3075 433 3154 53.
449 3072 489 3134 ln‘
506 3069 663 3132 communi
688 3065 872 3128 necessitate
895 3071 1020 3126 tenetur
1041 3083 1121 3126 uxor

328 3162 416 3243 prius
430 3158 596 3220 subvenire
610 3155 735 3231 marito,
753 3171 847 3234 quam
858 3158 948 3231 pater
964 3153 1117 3231 solidiue,

330 3250 405 3331 quie
418 3247 450 3306 in
465 3244 623 3307 communi
638 3243 703 3304 vita
716 3243 765 3302 777
785 3245 817 3303 07
830 3259 909 3302 0707
922 3247 995 3304 0007
1010 3260 1118 3319 00070,

330 3344 362 3399 07
376 3338 519 3398 70070007
532 3332 676 3394 intereos
691 3329 880 3410 conjunctio,
893 3334 928 3391 ut
938 3330 1073 3391 debeant
1086 3347 1119 3388 se

329 3440 454 3503 semper
468 3418 609 3483 comitari
625 3424 656 3479 et
669 3417 796 3490 edesse;
821 3435 895 3495 ergo
912 3417 1005 3477 etiem
1020 3418 1060 3477 ed
1075 3417 1119 3496 ip·

329 3531 380 3575 sos
394 3509 495 3592 primo
515 3509 636 3586 spectet
656 3505 698 3566 ad
717 3503 852 3564 invicem
867 3504 971 3564 107070
987 3503 1120 3565 difficul-

328 3603 409 3662 tates
423 3613 605 3660 communes
620 3593 651 3653 in
667 3590 856 3672 quotidianis
872 3591 995 3652 casibus
1010 3609 1120 3652 oecur-

329 3690 444 3750 rentes.

261 3799 302 3848 m
371 3774 480 3850 07077.
496 3776 608 3837 760-
617 3764 764 3844 Oeornodo
780 3767 864 3828 110007
877 3765 1119 3829 marianarum

326 3867 499 3948 percutere?
513 3865 549 3922 R.
568 3860 645 3921 Gob.
662 3859 692 3917 in
707 3855 791 3938 Eep.
809 3863 849 3917 tr.
867 3859 915 3933 10,
932 3877 962 3917 e.
979 3861 1049 3934 773,
1067 3857 1120 3918 ha·

329 3955 385 4016 bet
397 3949 560 4031 sequentia
577 3969 584 4010 :
603 3946 726 4007 Observa
740 3964 797 4006 000
812 3943 909 4006 videri
920 3945 1121 4026 odjurpotione

329 4039 434 4122 dr'qnos
446 4036 579 4110 meritos,
598 4031 785 4113 qeipledeios
800 4031 915 4110 (etenim
931 4032 1075 4092 7777071700
1093 4042 1121 4094 07

330 4126 440 4190 nobiles
461 4124 542 4205 [0010
565 4121 722 4181 discrimen
744 4139 808 4179 curn
832 4120 991 4199 Castrop.)
1016 4141 1122 4182 070707

255 4257 257 4263 2
331 4215 466 4290 ebriosos,
492 4216 545 4272 oet
567 4215 702 4269 sectantes
724 4207 867 4266 0077007770
889 4215 1036 4286 suspecto,
1059 4216 1122 4288 post

331 4319 451 4384 procem
467 4295 688 4376 70070770ίί00οπ
711 4293 755 4354 770
778 4301 856 4354 terre
877 4293 993 4372 frustra
1010 4293 1122 4373 saetam

331 4391 374 4450 770
388 4387 532 4467 0007790777
550 4383 636 4463 feste,
652 4380 699 4442 001
710 4380 828 4461 007070,
844 4389 876 4442 777
898 4399 993 4442 sarnus
1013 4382 1124 4443 71010777

333 4473 503 4538 0107070017
517 4470 596 4532 cedd
618 4467 700 4536 dies,·
721 4487 737 4528 0
753 4473 862 4530 000770
877 4470 986 4549 Steph.
1003 4480 1025 4532 7.
1042 4475 1072 4548 7,
1089 4471 1120 4533 d.

333 4567 363 4640 6,
379 4582 409 4621 0.
427 4566 456 4638 7,
474 4559 550 4620 07077
563 4557 710 4617 maritum
733 4573 804 4616 rere
819 4555 863 4617 uti
884 4555 998 4618 debere
1013 4559 1125 4619 verbe-

334 4650 431 4724 ribus,
444 4651 476 4708 et
490 4646 520 4706 in
535 4663 609 4705 casu
625 4641 819 4704 necessitatis
833 4643 933 4721 magis
947 4644 1120 4719 moderate

334 4732 528 4815 quodetiam
549 4730 645 4790 habet
658 4729 804 4790 Busemb.
822 4731 937 4792 relatus
956 4752 1035 4793 nem.
1052 4736 1121 4810 708,

334 4826 366 4884 07
388 4822 520 4898 ipsemet
541 4818 618 4880 Gob.
635 4819 666 4877 70
682 4816 780 4891 Quint.
798 4824 820 4877 t.
837 4821 867 4894 5,
883 4836 909 4878 0.
933 4823 984 4896 70,
1008 4828 1073 4880 sect.
1093 4825 1120 4896 7,

333 4910 429 4973 077070
452 4906 575 4967 mollius
596 4904 742 4984 loquitur,
770 4923 842 4964 nam
866 4905 958 4968 00007
979 4907 1011 4967 70
1040 4908 1123 4969 77000

219 4989 221 4994 ’
334 5012 472 5070 0000007,
489 4992 597 5069 707170,
614 4991 726 5070 quibus
741 5009 869 5052 uxorem
889 4993 1018 5071 corripit
1031 4995 1124 5054 meri-

334 5091 396 5161 tus,
420 5084 550 5161 possunt
570 5079 759 5158 quandoque
778 5079 937 5141 continere
953 5081 1122 5142 convitium

335 5177 367 5235 et
380 5167 602 5232 contumeliam
622 5166 826 5244 materialem,
844 5168 887 5229 uti
903 5168 998 5230 habet
1013 5171 1044 5230 S.
1062 5171 1119 5232 Th.

334 5259 365 5333 7,
381 5260 411 5332 7,
427 5274 457 5336 q.
472 5257 523 5331 77,
540 5263 598 5316 ert.
609 5254 638 5330 3,
651 5253 700 5313 ad.
713 5257 747 5326 7;
764 5253 809 5314 070
823 5255 906 5314 00707
918 5256 1056 5317 Christus
1071 5275 1122 5318 vo-

336 5343 419 5404 cavit
438 5341 612 5420 Discipulos
626 5339 738 5417 stultos,
756 5343 922 5420 Apostolus
937 5342 1061 5404 Galatas
1076 5347 1123 5404 in-

334 5437 476 5508 70770700
498 5445 560 5491 000
575 5428 692 5491 debent
706 5432 810 5492 tamen
834 5429 992 5494 continere
1007 5432 1123 5494 forma-

1170 1573 1228 1633 nisi
1245 1575 1348 1652 reipsa
1369 1581 1517 1655 putarent
1530 1578 1612 1638 serio
1628 1578 1701 1656 diei,
1718 1582 1786 1641 tum
1802 1579 1889 1639 enirn
1903 1595 1963 1636 rne-

1171 1661 1229 1722 rito
1253 1663 1391 1740 graviter
1414 1666 1698 1743 apprehenderent.
1728 1668 1845 1729 Merito
1876 1665 1962 1727 etiarn

1170 1752 1321 1828 competit
1340 1752 1391 1830 jus
1416 1772 1545 1814 uxorem
1570 1755 1770 1832 verberandi,
1788 1754 1836 1818 uti
1858 1755 1964 1815 docent

1171 1839 1288 1916 passim
1316 1840 1505 1918 Cenenistae,
1537 1861 1616 1922 quos
1644 1845 1740 1904 refert
1767 1849 1801 1906 et
1830 1841 1965 1922 sequitur

1173 1927 1288 1988 Sanch.
1307 1927 1341 1989 de
1355 1927 1448 1990 Matr.
1466 1930 1517 1992 lib.
1535 1935 1583 2008 70,
1600 1931 1630 1993 d.
1648 1936 1697 2009 78,
1714 1952 1745 1993 n.
1763 1935 1814 2001 10,
1833 1933 1963 2009 itemque

1171 2015 1334 2095 Theologi,
1347 2017 1421 2098 quia
1435 2019 1483 2080 777
1497 2030 1544 2080 007
1558 2021 1702 2100 superior
1715 2021 1862 2082 mulieris
1881 2025 1912 2078 07
1925 2017 1963 2078 la·

1172 2103 1283 2176 miliae3
1307 2105 1347 2166 00
1363 2106 1449 2167 777070
1474 2113 1579 2169 007070
1604 2113 1725 2188 spectat
1746 2110 1847 2170 etiam
1870 2105 1962 2186 poeuis

1174 2191 1297 2282 erigere
1313 2194 1472 2285 debitum3
1490 2214 1551 2257 nou
1568 2201 1615 2258 est
1629 2201 1735 2257 tamen
1749 2195 1963 2274 licitapereus·

1174 2290 1219 2330 070
1235 2289 1318 2332 soeve
1337 2292 1401 2333 0770
1416 2275 1532 2352 gravis,
1550 2281 1581 2335 et
1595 2275 1772 2337 verberatio
1789 2276 1846 2336 7770
1864 2274 1963 2335 mode·

1174 2359 1345 2421 retadebet
1359 2379 1426 2420 esse
1442 2363 1536 2423 etiam
1551 2381 1641 2436 rere;
1655 2363 1728 2423 binc
1743 2367 1813 2424 tum
1828 2367 1963 2424 censetur

1174 2447 1304 2506 maritus
1319 2448 1468 2526 graviter,
1485 2450 1627 2530 adeoque
1638 2450 1744 2510 illicite
1754 2468 1890 2510 uxorem
1903 2466 1963 2508 707

1174 2533 1296 2609 7707070,
1309 2537 1435 2615 quando
1447 2555 1516 2598 0070
1528 2539 1620 2600 caedit
1633 2538 1775 2617 gravius,
1789 2555 1887 2617 quem
1901 2553 1963 2596 eou-

1175 2622 1306 2682 suetudo
1322 2622 1380 2683 loci
1396 2625 1575 2702 permittat;
1592 2643 1651 2685 nec
1665 2625 1812 2701 referret,
1825 2625 1851 2685 si
1864 2623 1960 2698 biduo,

1173 2707 1340 2788 triduoque
1356 2710 1486 2772 duraret
1501 2713 1669 2775 verberum
1684 2711 1801 2790 aliquis
1817 2729 1933 2773 sensus.

1215 2795 1295 2867 0070
1309 2796 1408 2874 possit
1428 2799 1559 2861 meritus
1580 2799 1666 2860 eirca
1685 2800 1771 2860 boue
1786 2797 1904 2874 uxoris,
1919 2794 1960 2856 vel

1175 2902 1253 3032 777777
1273 2885 1357 2946 07700
1377 2885 1461 2947 77000
1483 2907 1551 2967 000,
1574 2888 1697 2950 0700707
1719 2893 1834 2968 postea
1852 2905 1870 2947 0
1889 2903 1960 2944 nam.

1422 3264 1622 3327 DUBlUlll
1659 3265 1720 3328 Vl.

1255 3459 1328 3534 (lere
1340 3457 1482 3539 oblipetio
1496 3458 1698 3522 Poroedoram
1713 3479 1786 3541 erqo
1800 3465 1896 3523 suos?

1219 3700 1233 3736 o
1249 3679 1341 3758 llesp.
1364 3682 1507 3757 Curetas,
1525 3679 1590 3742 0770
1605 3681 1766 3743 Perochus
1777 3682 1853 3763 jure
1867 3680 1961 3743 077700
1982 3695 2006 3740 777

1174 3770 1334 3830 70007077.
1353 3768 1499 3830 80070070
1520 3769 1552 3828 70
1575 3787 1632 3830 000
1650 3769 1820 3848 Perocbie,
1845 3770 1925 3831 Trid.
1938 3785 1959 3831 a.

1174 3859 1223 3932 73,
1240 3875 1265 3915 0.
1284 3859 1311 3932 7,
1328 3855 1364 3916 de
1377 3855 1456 3916 11070.
1475 3857 1570 3918 Βο777.
1587 3856 1622 3917 010
1638 3856 1730 3939 Osfie.
1747 3857 1878 3920 Paroelr.
1896 3876 1919 3918 0.
1933 3859 1958 3931 8,

1174 3964 1204 4005 n.
1223 3947 1250 4019 7,
1268 3943 1382 4023 alioqui
1398 3944 1428 4003 in
1453 3944 1645 4006 conscientia
1667 3945 1790 4006 tructus
1814 3965 1877 4007 non
1897 3941 1961 4004 lecit

1176 4049 1248 4091 suos
1263 4034 1447 4110 teneturque
1467 4050 1524 4110 pro
1548 4036 1618 4094 reta
1640 4033 1793 4094 absentias
1809 4034 1960 4095 restituere

1176 4117 1302 4178 labricee
1316 4118 1473 4197 Ecclesiae,
1485 4119 1534 4180 707
1545 4137 1648 4180 causae
1659 4119 1731 4198 pise.
1744 4123 1960 4183 Potesttamen

1177 4223 1215 4265 ex
1225 4204 1316 4284 juxta
1330 4224 1435 4282 causa,
1453 4212 1484 4267 et
1506 4207 1634 4270 lieentia
1649 4209 1796 4288 Episcopi
1819 4209 1860 4270 ed
1876 4207 1960 4268 breve

1176 4296 1300 4372 tempus
1315 4293 1440 4368 abesse3
1457 4296 1495 4357 V.
1507 4297 1585 4356 Nev.
1604 4314 1629 4356 0.
1642 4299 1693 4369 aa
1706 4300 1801 4376 7707,
1815 4309 1839 4361 t.
1854 4301 1883 4373 7,
1900 4295 1920 4355 l.
1934 4297 1958 4368 7,
2003 4371 2004 4376 ¹

1176 4403 1203 4445 e.
1228 4387 1264 4457 7;
1290 4385 1415 4444 Pessev.
1441 4384 1536 4446 Berb.
1561 4383 1659 4445 Trull.
1686 4384 1738 4447 177.
1755 4389 1787 4464 d,
1805 4406 1831 4448 7.
1848 4389 1877 4463 7,
1892 4383 1920 4445 d.
1934 4383 1958 4458 8,
2002 4377 2004 4478 j

1176 4491 1207 4533 0.
1224 4474 1253 4532 9.
2003 4493 2004 4500 “

1222 4579 1236 4616 e
1270 4559 1308 4618 71.
1338 4559 1475 4618 Tenetur
1506 4557 1726 4620 administrare
1753 4559 1957 4629 8007000070,

1178 4643 1298 4725 quoties
1314 4647 1345 4704 et
1366 4648 1482 4721 quanto
1503 4661 1575 4704 eum
1595 4644 1748 4722 periculo,
1766 4647 1806 4708 V.
1833 4644 1919 4718 infre,
1934 4643 1959 4699 et

1177 4735 1293 4795 Bonae.
1310 4729 1351 4791 ecl
1369 4729 1468 4792 Decet.
1486 4731 1516 4794 d.
1534 4734 1564 4810 6,
1577 4751 1612 4813 p.
1629 4736 1668 4807 8;
1692 4736 1822 4798 Ρο0007.
1839 4729 1956 4795 Barbas.

1178 4821 1214 4882 11.
1231 4839 1271 4880 ee.

1222 4911 1292 4970 0777.
1304 4911 1400 4970 07070
1420 4925 1476 4988 pro
1490 4909 1619 4988 populo,
1636 4911 1668 4971 07
1680 4909 1853 4987 0070177070,
1869 4911 1957 4984 utpo·

1176 4995 1267 5073 pulus
1282 4995 1389 5056 audiat
1402 4996 1544 5070 Missem;
1562 5014 1658 5075 quem
1672 4995 1769 5059 077007
1786 4997 1882 5060 700077
1896 5007 1956 5054 eum

1177 5081 1279 5142 eidem
1302 5083 1460 5161 applicare
1483 5084 1594 5144 diebus
1618 5086 1731 5145 saltem
1753 5085 1841 5148 festis
1865 5088 1894 5146 et
1909 5079 1958 5142 oli-

1177 5173 1253 5247 quot
1267 5169 1346 5246 aliis,
1364 5169 1456 5232 docet
1479 5171 1545 5232 Tol.
1563 5169 1614 5232 117.
1632 5173 1661 5248 3,
1679 5190 1704 5232 0.
1722 5175 1752 5233 5.
1771 5173 1834 5234 Sed
1855 5169 1956 5249 negant

1177 5257 1268 5316 Suar.
1285 5259 1364 5317 Kon.
1382 5257 1455 5338 inp.
1472 5259 1502 5335 3,
1527 5279 1557 5340 q.
1574 5261 1624 5336 83,
1650 5267 1710 5320 ert.
1727 5263 1757 5338 7,
1774 5261 1805 5323 d.
1832 5263 1877 5336 77,
1895 5269 1955 5318 curn

1177 5345 1261 5405 nullo
1282 5343 1353 5423 jure
1376 5344 1409 5404 id
1431 5348 1560 5407 cautum
1583 5346 1634 5423 077,
1658 5347 1696 5410 V.
1727 5349 1844 5411 Bonae.
1868 5366 1896 5410 7.
1917 5343 1953 5418 lt

1178 5433 1271 5494 barb.
1290 5431 1343 5494 loc.
1361 5437 1411 5496 cit.
