3992 6336
686 543 737 608 DE
763 539 1021 608 IMPUDICl'llA.
1643 533 1683 602 89

24 700 38 815 {¹
54 720 212 788 honeshet
225 723 518 805 licita,aeadlnerit
531 729 725 792 rationabilis
739 747 835 792 causa
889 725 952 792 dem
985 749 1024 792 ec
1045 727 1229 812 displicentia
1253 747 1406 812 persone
1435 727 1486 792 sed
1506 727 1541 790 ob
1563 723 1686 810 aliquod

23 820 27 837 i

23 856 27 973 1
53 830 112 874 enm
132 814 288 892 ponendi,
316 816 445 895 pollutio
468 816 603 896 praevisa
626 818 748 880 nullum
776 817 837 880 erit
890 817 1592 899 temporaleenolumeotum.Disperitatemdat
1607 817 1683 896 Spo-

52 903 209 978 peccatum.
225 905 256 962 2.
275 901 310 966 Si
325 904 396 983 quis
411 905 565 984 evigilans
587 923 649 967 non
669 905 833 986 reprimat,
890 923 952 982 rer,
979 907 1064 986 quod
1087 910 1236 986 appetere
1260 909 1394 968 mortem
1417 905 1546 966 alterius
1567 904 1685 966 nonsit

52 986 98 1049 sed
117 986 277 1065 permittat
299 991 422 1052 absolvi
446 992 652 1071 pollutionem
676 993 835 1056 insomne
890 997 979 1054 actus
994 1011 1080 1054 mere
1096 993 1258 1071 naturalis,
1275 994 1330 1054 sed
1346 1012 1383 1054 ex
1399 997 1512 1055 natura
1526 1010 1584 1054 sna
1597 994 1685 1070 petat

52 1073 194 1138 exsensis
217 1079 418 1141 naturalibus
436 1082 608 1160 inceptam,
625 1099 664 1142 ne
683 1081 760 1144 alies
779 1099 837 1142 no·
891 1097 959 1140 esse
973 1081 1101 1142 moralis
1122 1099 1159 1142 ae
1187 1082 1276 1158 liber,
1293 1081 1394 1160 qualis
1409 1081 1434 1141 si
1449 1081 1500 1158 sit,
1515 1080 1684 1142 intrinsece

52 1167 110 1225 cest
127 1162 321 1244 valetudini,
338 1166 453 1229 docent
467 1169 520 1242 Sa,
546 1169 657 1230 Tamb.
675 1170 783 1230 Platel.
801 1167 838 1230 de
891 1171 939 1230 est
953 1169 1053 1230 malus
1071 1187 1077 1230 :
1095 1189 1111 1230 e
1135 1174 1246 1232 contra
1269 1168 1346 1231 dicit
1358 1169 1565 1250 pollutionem
1580 1168 1610 1228 vi
1628 1187 1685 1230 na-

51 1259 144 1332 peecct.
165 1271 194 1312 n.
223 1256 305 1331 121,
332 1257 423 1334 Spor.
450 1255 566 1336 aliique
591 1274 663 1318 cum
685 1257 833 1320 Busemb.
890 1261 969 1318 turae
985 1259 1223 1337 provenientem
1237 1277 1300 1320 non
1311 1277 1379 1321 esse
1393 1263 1499 1320 actum
1510 1257 1684 1318 humanum

54 1357 150 1417 snpra,
173 1357 236 1401 non
252 1359 325 1402 esse
339 1349 521 1422 peecatum,
543 1345 618 1424 quia
640 1346 672 1406 in
693 1343 746 1407 tali
761 1361 837 1406 casn
891 1363 949 1406 nec
964 1346 1116 1408 voluntati
1140 1345 1328 1427 subjectum,
1345 1346 1419 1408 hinc
1442 1346 1474 1406 in
1490 1362 1563 1406 eum
1585 1343 1684 1404 ineffl-

54 1445 104 1486 non
117 1433 161 1488 ost
174 1425 204 1486 in
219 1445 254 1488 se
270 1430 359 1490 mala
374 1430 541 1511 nequidem
552 1431 766 1506 materialiter3
779 1431 837 1493 sed
891 1432 1008 1494 ceciter
1022 1434 1162 1511 tendere,
1180 1451 1241 1494 non
1257 1433 1355 1495 videri
1371 1451 1440 1494 esse
1462 1432 1592 1492 malum.
1611 1429 1685 1492 Con·

54 1517 392 1578 mctemonentomnes
406 1537 479 1579 cum
499 1519 615 1580 Sanclr.
633 1537 701 1581 esse
716 1519 838 1598 pericu·
893 1528 943 1580 tra
969 1528 1037 1598 est,
1071 1539 1144 1582 narn
1174 1539 1261 1583 mors
1284 1521 1469 1582 naturaliter
1495 1523 1624 1580 causata
1647 1536 1685 1578 ex

54 1603 107 1662 lum
123 1620 296 1666 cousensus
315 1606 427 1668 saltem
446 1605 477 1666 in
497 1607 755 1682 delectationem,
778 1606 836 1668 nisi
891 1607 1001 1669 morbo
1017 1607 1111 1668 etiam
1127 1626 1187 1669 non
1205 1612 1252 1670 cst
1266 1613 1354 1670 actus
1368 1608 1507 1684 moralis,
1523 1605 1579 1667 sed
1594 1607 1684 1666 clleo-

56 1689 178 1752 eticiatur
191 1691 303 1771 aliqua
312 1693 449 1771 positive
458 1694 667 1773 displicentia.
679 1697 709 1756 3.
724 1694 838 1775 Siquis
892 1698 942 1757 tus
956 1695 1107 1756 naturalis
1122 1699 1273 1757 ettamen
1296 1700 1344 1758 est
1366 1696 1487 1757 licitum
1502 1712 1572 1755 eum
1587 1710 1686 1772 appe·

56 1780 277 1858 expergefactus
285 1787 472 1860 promoveat
479 1782 682 1866 pollutionem
691 1783 837 1844 insomne
892 1785 957 1844 tere
972 1783 1071 1859 alteri,
1084 1784 1140 1844 sed
1154 1788 1242 1846 actus
1256 1783 1326 1846 talis
1348 1782 1497 1845 desiderii
1520 1785 1603 1844 esset
1617 1798 1684 1842 mo-

56 1868 205 1948 inceptam,
221 1869 375 1931 addendo
387 1876 547 1949 conatum,
559 1871 837 1951 autprotrudendo
891 1870 965 1932 ralis
981 1875 1012 1933 et
1026 1870 1192 1934 intrinsece
1206 1872 1324 1943 malus;
1347 1889 1422 1950 ergo
1440 1871 1575 1932 necdum
1590 1887 1685 1948 appa-

58 1957 164 2018 nltimas
177 1956 246 2038 ejus
266 1959 418 2038 reliquias
433 1963 543 2038 peccat
562 1960 747 2038 mortaliter,
764 1958 839 2038 qnia
892 1965 941 2019 ret
963 1959 1140 2038 disparitas.
1157 1960 1217 2022 Alii
1242 1960 1351 2020 dicunt
1364 1964 1504 2021 mortem
1528 1976 1595 2020 esse
1614 1976 1685 2037 gra-

58 2061 109 2106 non
120 2045 280 2124 permittit,
297 2047 356 2109 sed
369 2047 502 2126 positive
517 2047 680 2110 continuat
694 2048 791 2109 illam.
893 2047 1057 2108 vissimum
1083 2049 1203 2109 malum
1230 2047 1398 2127 physicum
1425 2047 1569 2127 subjecti,
1600 2046 1686 2126 quod

5 2129 39 2204 {ta
89 2133 149 2211 §³-
170 2135 300 2213 Arriag.
317 2135 348 2196 d.
363 2137 415 2212 16,
431 2157 461 2196 n.
478 2139 529 2211 nt,
549 2139 633 2196 recte
657 2139 747 2198 notat
769 2153 838 2196 esse
893 2135 1072 2197 desiderare
1087 2136 1175 2197 alteri
1191 2154 1254 2198 non
1278 2138 1439 2215 permittat
1462 2136 1591 2212 caritas,
1617 2133 1674 2195 nisi

5 2257 6 2308 ,
59 2221 207 2283 discrimen
222 2222 312 2285 inter
329 2223 536 2303 pollutionem
551 2229 730 2286 secuturam
746 2224 777 2284 in
792 2223 836 2284 vi·
893 2227 1022 2301 propter
1035 2241 1163 2284 causam
1176 2225 1456 2304 proportionatam,
1474 2224 1575 2305 qualis
1599 2225 1682 2284 esset

5 2309 7 2380 i
59 2311 162 2389 gliaet
181 2313 214 2372 in
234 2330 369 2390 somno,
395 2331 470 2373 nam
493 2331 565 2375 cum
588 2313 620 2375 in
644 2331 754 2375 somno
775 2329 838 2374 non
893 2309 1063 2388 spiritualis
1077 2309 1195 2372 utilitas
1208 2311 1417 2392 subjecti,vel
1431 2310 1613 2390 temporalis
1627 2309 1686 2371 uti·

5 2395 7 2472 ξ
61 2399 92 2460 sit
109 2400 279 2478 periculum
306 2419 476 2464 consensus
491 2449 498 2479 ,
516 2421 622 2480 cansa,
649 2420 718 2483 quse
740 2402 839 2480 pollu·
893 2396 963 2458 litas
987 2397 1240 2476 communitatis,
1266 2399 1439 2460 secundnm
1463 2399 1548 2461 dicta
1575 2397 1628 2458 aa
1653 2400 1684 2473 2,

5 2473 7 2524 l
61 2486 161 2548 ionem
172 2489 267 2550 infert
282 2489 316 2548 in
340 2506 462 2566 somno,
479 2490 656 2551 faciliusex
675 2489 735 2550 hac
749 2493 838 2568 parte
893 2501 963 2545 oo.
989 2487 1058 2562 181,
1081 2503 1143 2546 non
1167 2493 1272 2548 autern
1294 2487 1417 2566 privata
1440 2486 1607 2548 hereditas
1629 2485 1687 2546 ob·

62 2578 208 2637 excusatur
231 2594 253 2636 a
267 2581 419 2655 peccatc;
437 2577 510 2638 hinc
533 2596 591 2656 pro
606 2577 716 2656 vigilia
738 2575 839 2655 magis
894 2576 1037 2650 ventura,
1053 2575 1226 2636 secundum
1250 2575 1333 2637 dicta
1356 2574 1407 2636 hic
1430 2594 1462 2636 a.
1479 2577 1557 2648 693;
1574 2593 1591 2634 e
1611 2590 1687 2636 oon·

5 2693 7 2696 ·
62 2669 167 2724 tenetur
179 2663 250 2743 quis
265 2663 368 2725 vitare
384 2682 505 2739 causas,
523 2682 584 2726 non
604 2665 727 2726 ratione
740 2664 841 2743 pollu·
894 2664 944 2721 tra
957 2661 1088 2739 pollutio
1102 2665 1172 2724 orta
1194 2681 1232 2724 ex
1246 2662 1348 2724 causis
1363 2661 1558 2724 naturalibus
1573 2678 1685 2722 secun-

63 2749 150 2826 tionis,
165 2751 219 2812 sed
234 2750 361 2814 ratione
376 2753 507 2830 periculi
523 2769 705 2830 consensus,
723 2757 754 2815 et
767 2753 838 2813 ideo
895 2747 971 2809 dum
985 2750 1138 2826 Sanchez,
1154 2749 1189 2811 de
1203 2751 1295 2812 Matr.
1312 2750 1334 2811 l.
1353 2753 1383 2828 9,
1400 2747 1431 2811 d.
1447 2752 1498 2826 45,
1510 2767 1540 2811 n.
1555 2752 1605 2824 11,
1622 2763 1686 2807 non

64 2839 142 2900 etism
163 2839 256 2902 docet
279 2841 399 2902 Suarez
424 2839 587 2922 depetunt.
613 2841 644 2904 d.
662 2846 693 2917 5,
709 2849 777 2902 sect.
807 2844 837 2915 7,
895 2840 943 2898 est
956 2837 1075 2897 malum
1095 2855 1135 2897 ne
1149 2837 1315 2916 physicum
1331 2837 1459 2917 quidem
1473 2836 1619 2918 subjecti,
1634 2834 1686 2896 vel

64 2945 87 2986 a.
103 2931 147 3004 tl,
162 2927 263 3006 magis
279 2926 411 2988 vitanda
429 2946 498 2988 esse
512 2927 577 3006 illa,
594 2929 635 2990 ad
650 2947 719 3008 qnae
735 2927 840 2990 statim
895 2924 1003 3003 prolis,
1023 2926 1072 2987 vel
1094 2926 1333 2988 communitatis
1348 2926 1506 3002 humanae,
1531 2943 1603 2986 cum
1623 2923 1686 2984 talo

65 3017 173 3078 timetur
190 3016 458 3096 concupiscentia,
475 3034 570 3095 qnam
585 3015 657 3091 alia,
674 3033 712 3076 ex
726 3015 840 3095 quibus
895 3031 1002 3074 semen
1022 3014 1063 3076 sit
1077 3015 1152 3094 quid
1173 3015 1384 3093 superfluum,
1401 3031 1463 3094 qno
1487 3031 1520 3074 se
1535 3015 1687 3074 exonerat

65 3101 173 3163 timetur
186 3107 338 3166 secutura
351 3103 382 3163 in
397 3103 503 3164 tuturo
518 3103 593 3184 quia
607 3104 676 3165 haec
697 3107 770 3165 sunt
784 3102 840 3161 mi·
894 3105 1025 3174 natura;
1046 3105 1102 3163 aut
1122 3101 1234 3163 saltem
1258 3105 1306 3164 est
1327 3101 1446 3162 malum
1468 3103 1534 3164 tam
1554 3100 1635 3174 leve,
1651 3101 1688 3159 ut

66 3197 214 3269 nuscerta,
231 3191 357 3253 facilius
380 3191 585 3272 impedibilia,
603 3197 634 3254 et
653 3190 839 3253 habentmi·
893 3193 1023 3268 propter
1045 3189 1211 3252 utilitatem
1245 3191 1340 3251 etiam
1367 3189 1524 3269 privatam
1546 3185 1685 3268 permitti

67 3295 114 3340 nus
144 3281 260 3342 criculi.
893 3275 1002 3356 possit.

19 3377 49 3424 t!
100 3299 197 3442 (alost.
218 3369 294 3430 205.
311 3367 411 3430 -An
435 3367 523 3431 lt'eeat
545 3367 739 3450 inefficaciter
755 3383 840 3446 appe·
933 3363 1000 3442 §2
1024 3364 1229 3427 Consentiunt
1252 3382 1378 3447 quoque
1402 3367 1553 3426 Doctores
1584 3363 1687 3446 inquii
1712 3373 1753 3418 ⁹³³

6 3483 9 3550 ᾗ
67 3463 116 3516 ore
129 3455 324 3537 pottetttcoem
338 3456 521 3518 naturaliter
534 3457 692 3525 orituram,
707 3455 755 3516 cel
767 3474 840 3536 pou·
896 3453 987 3531 Sper.
1013 3469 1044 3513 n.
1068 3453 1118 3528 32,
1137 3452 1257 3514 licitum
1282 3469 1349 3513 esse
1373 3452 1513 3532 gaudere
1539 3452 1578 3513 dc
1602 3451 1686 3533 ejus·

6 3553 9 3624 ξ
67 3542 162 3606 dude
173 3564 207 3608 ea
221 3543 424 3606 involuntario
435 3543 557 3606 santa?
571 3547 608 3606 R.
620 3546 638 3623 ᾖ
648 3547 676 3607 1.
696 3545 839 3606 Commu·
894 3537 980 3600 modi
993 3539 1179 3618 pollutione,
1195 3543 1350 3620 quatenus
1365 3559 1461 3601 causa
1481 3539 1540 3602 fuit
1552 3539 1686 3618 alicujus

7 3625 8 3642 ,
67 3631 123 3692 nior
142 3636 187 3694 cst
208 3631 387 3708 sententia,
414 3631 498 3712 quod
522 3631 641 3693 licitum
664 3631 705 3693 sit
726 3631 839 3692 affectu
893 3627 979 3704 boni,
996 3627 1040 3687 uti
1056 3628 1132 3708 quia
1145 3628 1190 3689 sic
1204 3628 1337 3690 cessavit
1359 3628 1501 3705 tentatio,
1517 3627 1683 3708 egritudo,

66 3717 180 3798 simplici
204 3727 236 3781 et
259 3719 415 3780 inefficaci
439 3718 630 3796 desiderare,
653 3723 689 3780 ut
709 3717 839 3796 pollutio
895 3716 978 3778 etita
993 3715 1106 3778 docent
1120 3719 1215 3798 Vasq.
1233 3717 1348 3778 Sanch.
1365 3720 1450 3779 Less.
1467 3720 1554 3796 Lngo
1568 3715 1683 3778 etalii:

67 3823 137 3868 mere
167 3808 322 3870 naturalis
357 3812 388 3870 et
410 3807 622 3870 involuntaria
649 3807 773 3868 eveniat
799 3805 839 3868 ob
893 3804 949 3865 sed
963 3804 1078 3864 iterum
1098 3803 1267 3866 difficultas
1289 3809 1338 3867 est
1357 3805 1477 3868 ratione
1492 3805 1599 3867 relatae
1612 3821 1687 3883 pro-

67 3893 184 3974 aliqnem
206 3896 306 3956 linem
333 3895 471 3972 bonum,
497 3899 529 3957 et
553 3895 596 3957 ita
620 3896 735 3957 docent
759 3895 836 3955 Nar.
893 3889 1057 3970 positionis
1087 3893 1124 3952 13
1149 3891 1306 3954 damnata
1332 3891 1408 3953 item
1433 3895 1480 3953 15.
1498 3891 1629 3954 Licitum
1642 3899 1685 3954 est

67 3981 136 4044 less.
163 3983 331 4059 Sanchez‚
355 3985 451 4062 Vasq.
477 3984 510 4044 in
536 3981 679 4044 Decutl.
698 3987 727 4058 1,
755 3999 781 4042 c.
807 3983 837 4056 2,
893 3977 960 4059 filio
973 3976 1101 4058 pendae
1115 3978 1323 4059 deporricidio
1334 3981 1468 4060 parentis
1481 3999 1500 4042 a
1513 3999 1542 4042 se
1554 3979 1584 4040 in
1596 3977 1686 4040 ebrie·

67 4069 418 4150 nu.lt3;'l'emb.depecc.
434 4069 836 4153 accumulavisset.
894 4073 952 4127 tote
974 4074 1157 4147 perpetrato,
1178 4075 1304 4147 propter
1326 4068 1454 4148 tepentes
1475 4067 1598 4130 divitias
1617 4064 1688 4128 inde

67 4155 192 4238 dpereat
205 4181 237 4222 a.
255 4161 336 4232 22&
353 4159 443 4237 Sper.
473 4159 504 4220 ia
532 4159 644 4220 Moral.
669 4178 701 4239 p.
721 4160 750 4236 l,
766 4167 788 4219 t.
808 4161 837 4234 1,
894 4172 932 4214 ec
949 4151 1120 4214 toereditote
1144 4163 1317 4214 consecutos.
1344 4154 1408 4217 Sed
1431 4155 1601 4217 dicendum
1625 4157 1683 4230 est,

66 4263 87 4304 c.
96 4252 121 4322 6,
134 4269 163 4311 a.
177 4252 227 4326 ot,
245 4247 321 4328 quia
330 4245 503 4308 secundum
514 4247 571 4310 hos
580 4251 732 4309 Auctores
742 4247 840 4325 pollu-
895 4246 930 4304 ut
943 4242 1062 4304 licitum
1077 4247 1124 4304 est
1137 4240 1277 4321 gaudere
1298 4247 1422 4304 tantum
1436 4243 1476 4304 de
1500 4243 1685 4306 hereditate

68 4335 400 4399 lioinreluntariatum
414 4338 537 4397 tantum
552 4335 666 4398 retinet
687 4334 840 4397 malitiam
895 4329 1023 4392 obtenta
1053 4333 1299 4408 postmortem,
1327 4347 1389 4389 non
1413 4333 1520 4392 autem
1552 4331 1591 4392 de
1616 4331 1685 4410 ipsa

68 4421 238 4502 objectiram
262 4427 294 4486 et
317 4422 523 4500 materialem,
550 4423 676 4501 quando
700 4422 841 4500 sequitur
894 4419 1006 4484 morte,
1028 4416 1072 4477 sic
1095 4421 1217 4478 tantum
1244 4434 1312 4476 esse
1335 4415 1455 4478 licitum
1483 4418 1623 4496 gaudere
1647 4417 1686 4478 de

9 4465 12 4558 l
68 4527 99 4570 ex
117 4529 216 4590 causa,
242 4529 307 4612 non
321 4509 469 4611 naturali,
486 4509 542 4572 sed
556 4528 594 4571 ex
614 4509 690 4608 alia,
706 4529 736 4572 v.
753 4528 789 4608 g..
802 4527 841 4568 ex
895 4505 1092 4582 ellectupost
1115 4504 1318 4602 pollutionem
1333 4510 1439 4566 secuto
1462 4509 1494 4567 et
1513 4505 1584 4566 ideo
1609 4505 1684 4606 dixi,

9 4641 13 4762 t
68 4598 156 4698 acor,
186 4599 403 4678 turpiloquio,
438 4603 499 4659 etc.
531 4603 564 4658 et
597 4615 622 4658 sr
656 4597 842 4696 naturaliter
894 4600 1037 4739 quatellm
1050 4611 1147 4740 1.·αωῖ
1151 4591 1229 4712 sua,
1247 4609 1309 4652 non
1332 4597 1438 4654 autem
1460 4593 1500 4654 de
1514 4595 1687 4674 pollutione

10 4732 29 4826 ll
69 4686 840 4846 ἓξέὲῗξέ,Ρ(ῗιίιῖ1]ἰὲ(11ῗῖἒιιῗιιέεἲίῗθειιῗάῗτῗεῗυνᾶἑίοὲθὶῗ
893 4699 1311 4847 ,seoguill'llcllr'esltnclicitum
1335 4768 1483 4831 delectari
1517 4769 1556 4831 de
1588 4770 1688 4850 pollu-
1714 4785 1755 4830 oet

70 4865 128 4911 rum
147 4855 372 4934 superfluorum
399 4856 680 4912 excrementorum.
702 4849 842 4912 Difficul·
895 4856 979 4918 tinne
992 4854 1147 4917 modum
1160 4859 1268 4923 se.·est
1281 4857 1457 4918 eommunis
1467 4861 1498 4920 et
1508 4861 1594 4919 certa
1603 4857 1688 4937 apud

70 4941 289 5018 assumeret,
309 4959 366 5002 cur
379 4939 472 5001 liceat
493 4940 606 5000 ellectu
621 4938 773 4999 inefficaci
789 4939 841 5000 de·
896 4945 1012 5008 Sanch.
1028 4944 1061 5004 in
1083 4944 1184 5005 Decet.
1201 4944 1221 5004 1.
1241 4948 1269 5019 1,
1293 4962 1319 5005 e.
1345 4949 1376 5022 2,
1391 4966 1421 5005 a.
1444 4948 1492 5007 16.
1510 4945 1601 5008 Ratio
1627 4949 1686 5022 est,

71 5025 190 5088 sidcmre
213 5029 307 5090 talem
328 5026 531 5106 pollutionem
556 5031 587 5087 et
610 5045 674 5087 non
705 5030 841 5088 mortem
896 5032 969 5112 quia
983 5049 1079 5094 eausa
1093 5051 1245 5094 excusans
1262 5033 1380 5094 lactum
1395 5052 1415 5094 a
1428 5039 1569 5113 peccato,
1586 5035 1688 5115 qualis

72 5113 492 5193 uaau,nam1nnoc.)l1
529 5115 659 5176 damnat
690 5113 771 5174 hanc
805 5116 841 5176 13
896 5124 944 5183 est
962 5121 1150 5200 ignorantia,
1169 5122 1217 5182 vel
1241 5121 1381 5183 deiectus
1403 5124 1609 5186 advertentiee
1633 5127 1688 5184 ant

40 5230 44 5243 ·
72 5204 318 5282 prepossitum
340 5203 438 5264 debito
451 5201 648 5264 moderatione
669 5202 775 5283 facim,
791 5221 842 5276 oo·
895 5208 1059 5285 libertatis,
1081 5228 1143 5270 non
1164 5214 1293 5271 excusat
1315 5211 1410 5272 talem
1432 5211 1685 5288 delectationem,

74 5297 106 5350 tes
123 5291 220 5374 utaque
230 5301 349 5376 peccato
372 5292 495 5354 mortali
513 5291 549 5352 de
571 5292 634 5352 vita
649 5290 771 5352 ulterius
787 5291 842 5351 tri·
897 5314 966 5376 quoe
982 5297 1016 5358 fit
1034 5315 1107 5358 cum
1121 5295 1262 5372 scientia,
1273 5297 1471 5359 advertentis
1485 5299 1685 5360 etlibertnte:

74 5379 179 5448 uuri,et
192 5381 226 5442 de
237 5381 322 5442 illias
336 5385 428 5440 morte
444 5378 579 5439 naturali
599 5377 739 5459 puellm.
756 5377 841 5438 illam
896 5383 978 5444 licite
993 5389 1098 5446 tamen
1113 5383 1261 5460 delector,
1272 5403 1302 5446 v.
1320 5403 1350 5464 g.
1364 5385 1403 5445 de
1418 5385 1588 5448 homicidio
1602 5386 1686 5446 facto

76 5465 203 5548 Wlfieuci
215 5469 322 5550 affecto
334 5475 431 5550 petere
452 5474 479 5528 et
502 5465 673 5536 desiderare,
691 5485 750 5530 ooo
770 5467 827 5552 qai
898 5471 938 5532 ob
953 5469 1166 5534 defensionem
1186 5471 1388 5552 inculpatam,
1406 5473 1445 5532 de
1467 5473 1582 5535 damno
1597 5473 1686 5540 alteri
