3998 6344
775 539 828 604 ult
849 537 995 606 USURA.
1637 537 1697 602 Μ

70 741 221 819 receptam
242 738 300 816 ast,
316 733 387 816 plns
406 730 463 795 sibi
477 729 567 794 reddi
589 729 665 793 velit
686 743 782 811 quam
803 732 851 790 est
907 723 1003 789 randi
1018 742 1056 789 ac
1070 723 1302 806 frequentandi.
1319 722 1411 789 absit
1423 721 1508 786 enim
1521 720 1704 786 aGbristia·

71 829 239 907 receptum3
255 823 391 904 ideoque
412 822 495 884 ultra
517 822 636 882 sortem
657 816 781 880 luorum
795 816 853 878 ali·
907 831 1020 876 norum
1034 814 1148 876 animis
1169 816 1207 876 ut
1227 831 1284 894 per
1298 829 1410 875 usuras
1428 815 1484 874 aut
1496 809 1613 874 similes
1627 807 1705 872 alie·

71 917 164 1000 qnod,
180 914 276 996 ipsius
299 911 422 974 ratione
446 908 559 986 mutui,
575 907 633 970 sibi
657 907 764 969 deberi
779 922 854 968 con·
906 919 963 963 nas
978 901 1108 984 injurias
1128 903 1241 964 florere
1258 917 1352 983 posse
1372 899 1497 963 lucrosa
1514 896 1705 962 commercia

71 1003 178 1072 tendat.
210 1003 308 1066 Omna
329 1001 498 1080 propterea
525 995 706 1077 hujusmodi
728 995 851 1057 lucrum
905 990 1104 1069 existiment,
1120 1009 1193 1054 cum
1213 993 1324 1052 contra
1344 1006 1383 1051 ax
1406 989 1474 1068 ipso
1497 985 1631 1051 Oraculo
1650 983 1705 1050 ni-

70 1091 146 1175 quod
166 1091 281 1154 sortem
301 1090 429 1170 superet
449 1085 593 1150 illicitum
616 1085 649 1147 et
673 1082 851 1148 usurarium
904 1073 1704 1161 vicediacamnsquodJaatr'ticeteoatqeatern,mtse·

71 1185 122 1246 eat.
904 1177 1063 1230 raonem
1075 1167 1453 1249 sacitpopulospeccotum.

103 1261 170 1324 ill.
185 1261 377 1339 Nequevarc
387 1255 428 1317 ad
438 1251 850 1335 istamlabempurgandam
943 1279 958 1316 o
978 1260 1015 1323 V.
1033 1258 1096 1320 Sed
1109 1256 1187 1319 illud
1201 1257 1370 1338 diligenter
1385 1251 1702 1316 animadvertendum

70 1347 158 1411 ullum
180 1343 323 1409 arcessiri
346 1343 522 1406 subsidium
538 1343 663 1422 poterit,
687 1341 739 1405 vel
762 1357 850 1402 exeo
905 1342 1703 1426 estlalsosibiquemqnam,etnonnisitemereper-

10 1477 12 1522 g
71 1429 851 1517 quodidlucrumnonexcedensetnimiumsedmo-
905 1450 1085 1510 suasurum,
1101 1432 1231 1511 reperiri
1256 1449 1381 1512 semper
1401 1449 1439 1494 ac
1456 1433 1571 1508 praesto
1586 1426 1702 1508 ubique

10 1527 11 1530 ’
70 1524 216 1602 demtum,
229 1541 291 1585 nou
304 1517 799 1601 magnumsedexiguumsiavel
813 1535 852 1579 ex
906 1539 984 1600 esse,
1000 1520 1050 1582 vel
1064 1538 1128 1581 una
1148 1537 1220 1582 cum
1241 1523 1350 1580 mutuo
1373 1518 1479 1582 titulos
1503 1516 1582 1578 alios
1600 1513 1703 1596 legiti-

71 1611 340 1694 eoquodisaquo
355 1609 734 1671 idluorumsoliusceusa
748 1606 850 1668 mutui
906 1611 1010 1686 timos,
1035 1609 1085 1671 vel
1108 1608 1230 1670 secluso
1254 1607 1351 1670 etiam
1373 1613 1495 1682 mutuo,
1522 1608 1703 1666 contractus

72 1699 242 1780 deposcitur
259 1717 323 1760 non
343 1714 465 1776 pauper
482 1696 538 1759 sed
553 1696 640 1760 divas
654 1696 777 1773 existat,
793 1711 851 1755 uec
906 1696 983 1759 alios
989 1695 1101 1775 justos,
1119 1693 1311 1775 quorumvel
1325 1694 1548 1756 titulorumvel
1559 1695 1701 1754 contrac-

10 1809 11 1814 ¹
71 1787 167 1850 datam
193 1787 252 1848 sibi
275 1787 385 1848 mutuo
407 1802 562 1847 summam
585 1784 750 1846 relicturus
773 1781 851 1845 otic-
905 1787 994 1846 tuum
1012 1782 1170 1862 praesidio,
1187 1783 1445 1864 quotiescumque
1468 1779 1613 1862 pecunia,
1639 1779 1703 1842 tru-

71 1889 140 1950 sam,
159 1873 213 1935 sed
227 1872 268 1935 ad
289 1873 429 1935 iomanes
446 1888 518 1933 suos
538 1870 784 1951 amplificandas,
800 1868 851 1930 vel
907 1875 1051 1934 mentum
1065 1871 1190 1934 aliudve
1209 1871 1242 1932 id
1262 1874 1388 1950 generis
1411 1868 1501 1933 altari
1515 1869 1702 1950 cuicumque

9 2013 10 2018 ,
72 1961 149 2023 noris
166 1957 344 2023 coemendis
363 1958 500 2038 praediis,
517 1958 566 2019 val
581 1956 766 2038 questuosis
783 1954 852 2036 agi-
906 1960 1055 2038 creditur,
1070 1960 1161 2023 toties
1181 1960 1307 2038 semper
1326 1959 1420 2022 liceat
1440 1957 1618 2022 auctarium
1632 1972 1702 2019 mo·

9 2109 10 2122 ,
70 2047 161 2112 noda
174 2043 755 2130 negotiisutilissimesitimpensurus.
772 2045 852 2106 Gon·
905 2050 1051 2112 demtum
1077 2048 1160 2111 ultra
1190 2052 1309 2111 sortem
1339 2047 1496 2128 integram
1519 2047 1702 2126 salvamque

9 2123 11 2144 ¹
72 2143 113 2201 tra
124 2135 220 2199 mutui
234 2135 390 2216 siquidem
409 2135 525 2214 legem,
541 2151 612 2215 quae
626 2132 803 2196 necessario
818 2132 851 2194 in
905 2139 1055 2218 recipere.
1072 2140 1120 2201 lta
1133 2138 1160 2199 si
1174 2137 1245 2219 quis
1255 2137 1460 2200 senseritnon
1475 2135 1570 2198 modo
1584 2133 1702 2198 divinis

9 2223 10 2260 ³
72 2224 127 2287 deti
140 2229 232 2306 atqua
246 2221 361 2286 redditi
379 2221 558 2304 aequalitate
571 2226 725 2299 versatur,
742 2237 848 2301 agere,
906 2226 1101 2291 documentis
1112 2231 1143 2288 at
1152 2226 1319 2289 Catholicae
1329 2226 1476 2290 Ecclesia
1489 2226 1530 2288 do
1543 2241 1641 2287 usura
1651 2221 1701 2304 ju·

8 2507 11 2602 l

73 2311 116 2376 ille
125 2311 315 2375 convincitur
324 2311 477 2392 quisquis,
489 2309 601 2372 eadem
612 2311 790 2392 aequalitate
802 2327 852 2371 se·
906 2315 999 2392 dicio,
1015 2315 1071 2376 sed
1091 2314 1188 2376 etiam
1201 2314 1260 2394 ipsi
1274 2315 1413 2376 humano
1423 2313 1583 2376 communi
1596 2309 1702 2374 sensui

72 2399 126 2463 mal
141 2400 251 2480 posita,
272 2400 344 2481 plus
357 2398 477 2482 aliquid
495 2416 516 2461 a
536 2399 687 2480 quolibet,
704 2398 735 2461 ri
749 2397 851 2462 mutui
906 2420 943 2466 ac
956 2402 1090 2465 naturali
1102 2403 1217 2464 rationi
1230 2403 1341 2482 procul
1355 2403 1451 2464 dubio
1466 2399 1698 2465 adversabitur.

73 2486 157 2567 ipsius
178 2489 229 2553 eni
250 2505 309 2568 per
330 2489 451 2570 ecquale
470 2487 538 2568 jam
558 2487 634 2552 satis
657 2487 847 2565 estfactum,
907 2490 1069 2554 Neminem
1090 2489 1174 2552 enirn
1198 2491 1231 2552 id
1254 2490 1365 2553 saltem
1379 2491 1477 2554 latare
1496 2492 1601 2569 potest
1616 2487 1702 2569 quod

8 2605 10 2636 l
74 2575 183 2656 erigere
204 2575 309 2640 adbuc
331 2593 394 2638 non
417 2579 564 2650 veretur3
608 2575 802 2656 proindeque
824 2574 850 2638 si
906 2579 1011 2641 multis
1031 2577 1063 2638 in
1086 2579 1209 2640 casibus
1227 2582 1353 2642 tenetur
1381 2578 1475 2640 homo
1503 2575 1637 2658 simplici
1662 2593 1700 2638 ae

75 2663 227 2744 accaparit,
252 2662 445 2726 restituendo
470 2662 529 2726 erit
550 2663 703 2726 obnoxius
721 2681 762 2725 ex
783 2662 851 2745 ejus
906 2667 991 2730 nudo
1013 2671 1122 2730 mutuo
1137 2667 1227 2730 elteri
1237 2677 1432 2743 succurrere,
1448 2667 1516 2746 ipso
1527 2663 1702 2747 prasertim

75 2751 250 2830 obligatione
265 2750 399 2814 lustitia
414 2767 510 2831 quarn
526 2751 782 2815 commutativam
796 2768 852 2833 ap·
906 2756 1027 2820 Christo
1042 2757 1173 2818 Domino
1197 2757 1348 2820 edocente
1365 2774 1372 2815 :
1403 2754 1523 2818 Valenti
1539 2753 1702 2816 mutuaris

75 2839 187 2918 pellant,
203 2842 235 2902 ot
248 2837 339 2919 cujus
362 2841 410 2900 est
428 2839 461 2899 in
480 2838 626 2901 humanis
640 2839 852 2904 contractibus
906 2852 935 2908 te
945 2863 980 2906 aa
992 2845 1145 2922 coetera,
1170 2846 1202 2907 et
1224 2843 1309 2925 quod
1322 2843 1465 2906 similiter
1477 2840 1583 2906 multis
1597 2841 1629 2903 in
1643 2840 1702 2904 cir-

8 2973 10 3004 ,
76 2927 273 3007 equalitatem
287 2925 440 3008 cujusque
450 2927 610 3007 propriam
624 2932 656 2992 et
669 2932 775 2992 sancta
789 2947 853 2991 ser·
907 2933 1113 3009 cumstantiis,
1124 2935 1346 3013 praeternaum
1355 2929 1608 3010 mutuum,alteri
1621 2929 1699 2992 nulli

76 3019 264 3094 rare,etnon
286 3019 444 3078 servatam
458 3019 565 3078 exacte
579 3033 741 3096 reparare.
906 3039 981 3082 raro
1007 3019 1155 3101 justoque
1189 3019 1361 3082 contractui
1385 3020 1473 3082 locus
1501 3035 1568 3080 esse
1588 3017 1698 3097 possit.

7 3089 10 3224 l

108 3125 121 3162 o
143 3104 193 3168 ΠΙ.
208 3106 269 3167 Per
281 3103 350 3166 haec
369 3108 475 3168 autem
497 3121 698 3186 nequaqnam
720 3109 853 3188 negatur
907 3108 1053 3188 Quisquis
1067 3108 1163 3187 igitur
1171 3125 1236 3170 sua
1247 3107 1447 3170 conscientia
1457 3106 1635 3170 consultum
1648 3123 1701 3168 ve·

76 3205 153 3270 possa
174 3189 363 3274 quaudoque
381 3209 446 3254 una
465 3209 539 3255 cum
561 3195 664 3258 mutui
687 3197 850 3259 contractu
906 3195 953 3274 lit,
973 3194 1112 3276 inquirat
1131 3193 1219 3273 prius
1238 3192 1416 3273 diligenter,
1433 3196 1557 3273 oportet
1569 3209 1644 3256 vare
1661 3211 1700 3254 na

78 3279 213 3359 quosdam
238 3280 327 3357 alios,
344 3282 380 3343 ut
401 3279 501 3358 aiunt,
516 3281 635 3360 titulos,
661 3282 852 3365 eosdemque
907 3301 980 3346 cum
992 3287 1102 3344 mutuo
1112 3280 1216 3363 justus
1225 3279 1304 3342 alius
1316 3281 1434 3359 titulus,
1459 3298 1585 3342 verene
1595 3279 1701 3360 justus

77 3365 186 3446 ipsimet
198 3367 367 3431 universim
379 3375 500 3432 naturas
510 3370 610 3433 mutui
621 3370 749 3434 minima
764 3372 853 3433 inna-
907 3373 1007 3436 altera
1019 3377 1129 3434 mutuo
1144 3373 1325 3434 conuectos
1335 3373 1490 3445 occurrat,
1500 3385 1635 3450 quorum
1645 3367 1702 3430 be·

77 3457 118 3517 tos
128 3461 156 3520 et
167 3458 364 3536 intrinsecos,
377 3457 458 3520 forte
472 3475 671 3536 concurrere,
688 3477 725 3520 ax
740 3459 853 3540 quibus
908 3462 1019 3524 nasucio
1033 3460 1119 3542 quod
1128 3459 1241 3541 quaerit
1253 3459 1376 3522 lucrum
1387 3458 1489 3520 omnis
1499 3456 1577 3520 labis
1589 3473 1701 3537 expers

76 3541 148 3622 juata
178 3547 304 3608 omnino
332 3545 535 3627 legitimaque
563 3562 659 3609 causa
685 3551 855 3628 consurgat
908 3549 1087 3613 etimmune
1101 3548 1263 3612 reddatur.
1448 3589 1454 3605 .

79 3631 212 3710 quiddam
225 3631 360 3714 amplius
378 3651 474 3713 supra
490 3635 607 3697 sortem
626 3653 665 3698 cx
677 3635 853 3698 mutuode-
948 3659 963 3698 a
981 3637 1038 3700 llis
1062 3634 1168 3700 verbis
1199 3634 1450 3715 complectuntur
1482 3636 1514 3696 et
1544 3630 1702 3712 explicant

7 3725 9 3808 ζ
78 3717 162 3782 bitum
174 3721 230 3783 rite
240 3719 396 3800 exigendi.
410 3719 603 3802 ltaquaitem
616 3725 852 3803 negaturpoase
907 3723 1083 3789 Sententiae
1097 3741 1170 3786 suas
1179 3721 1361 3788 cardinales
1375 3737 1412 3784 ae
1427 3719 1578 3799 Theologi
1595 3721 1626 3783 et
1639 3717 1700 3781 viri

80 3807 397 3889 ndtotimpecuniam
420 3808 461 3870 ab
485 3825 676 3891 unoquoque
690 3827 780 3873 suam
794 3827 852 3892 per
906 3813 1069 3880 canonum
1091 3808 1283 3893 peritissimi,
1312 3827 1446 3890 quorum
1474 3807 1639 3870 consilium
1665 3805 1699 3868 in

7 3929 9 3958 ι
80 3893 144 3956 alios
158 3897 285 3959 diversae
299 3915 428 3977 prorsus
451 3901 571 3960 natura
584 3915 604 3960 a
617 3898 718 3960 mutui
740 3902 853 3962 natura
906 3900 967 3963 hoc
991 3898 1178 3980 gravissimo
1201 3897 1327 3977 negotio
1358 3893 1597 3976 postulavimus.
1637 3896 1701 3957 Nos

7 4053 8 4060 χ
81 3989 238 4050 maurotus
254 3991 339 4049 recte
354 3986 500 4049 collocari
515 3989 547 4049 at
559 3985 716 4066 impendi,
731 3986 797 4050 sive
811 3986 853 4051 ad
907 4006 1033 4071 quoque
1055 3987 1214 4068 privatum
1233 3986 1372 4048 studium
1393 3987 1535 4048 nostrum
1557 3983 1699 4047 conterre

7 4109 8 4130 ι
80 4079 229 4150 proventus
264 4073 323 4136 sibi
355 4091 477 4136 annuos
504 4073 757 4155 conquirendos,
785 4075 852 4138 sive
907 4078 939 4140 in
958 4074 1104 4138 eamdem
1119 4091 1248 4140 oausam
1267 4092 1329 4136 non
1343 4071 1601 4154 pretermisimus
1614 4077 1700 4134 ante-

7 4175 9 4232 ς
81 4157 161 4224 dum
180 4162 219 4224 ad
237 4161 356 4226 licitam
377 4165 589 4225 mercaturam
612 4167 644 4226 et
666 4162 854 4243 negotiatio-
907 4181 1003 4246 quarn
1017 4161 1281 4241 congregationes
1295 4160 1488 4224 haberentur
1501 4163 1533 4223 et
1546 4176 1608 4242 quo
1623 4163 1701 4223 tcm-

7 4235 9 4314 Ῐ
81 4259 141 4308 uem
151 4249 364 4328 exercendam,
381 4248 574 4330 honestaque
598 4249 740 4313 indidem
764 4250 852 4314 lucra
906 4269 983 4332 pore
1011 4247 1229 4326 habebantur,
1260 4252 1292 4310 et
1317 4247 1394 4328 ipsis
1422 4248 1517 4311 etiam
1538 4247 1698 4328 peractis;

7 4337 8 4342 ’
83 4335 276 4415 percipienda.
907 4336 1348 4419 nampraesteutiumvirerum
1359 4335 1521 4416 sutfragia,
1529 4333 1699 4418 quamodo

7 4469 9 4514 ᾗ
112 4425 193 4489 riv.
209 4425 480 4501 Quemadmodum
494 4443 569 4490 varo
583 4425 617 4488 in
631 4429 679 4490 tot
697 4427 852 4509 ejusmodi
907 4426 1242 4503 commemoravimus,
1277 4424 1515 4506 diligentissime
1545 4421 1700 4506 percurri·

7 4525 9 4576 ι
82 4506 193 4574 dirersis
205 4517 424 4577 contractuum
438 4515 618 4596 generibus,
633 4515 661 4578 si
675 4533 733 4578 sua
746 4517 853 4598 cujus·
906 4536 987 4580 mus.
1004 4517 1082 4580 Cum
1102 4514 1171 4578 hac
1192 4515 1237 4578 ita
1260 4515 1333 4592 sint,
1350 4515 1566 4594 approbamus
1579 4515 1611 4577 et
1627 4530 1699 4578 con·

7 4645 8 4666 2
83 4609 132 4676 que
154 4617 212 4663 non
236 4604 381 4665 servatur
405 4603 578 4683 equalitas,
603 4603 757 4687 quidquid
781 4605 853 4686 plus
906 4607 1068 4668 firmamus
1089 4621 1298 4684 quencumque
1322 4602 1354 4664 in
1377 4602 1542 4666 sententiis
1555 4597 1699 4681 superius

7 4711 9 4758 t
81 4680 149 4762 iacto
161 4690 324 4772 recipitur,
346 4689 372 4753 si
387 4690 490 4754 minus
504 4692 545 4756 ad
559 4709 687 4754 usuram
703 4693 752 4774 (eo
767 4692 852 4774 quod
906 4693 1055 4775 expositis
1074 4692 1293 4766 continentur;
1317 4708 1390 4754 cum
1412 4690 1582 4770 scriptores
1604 4687 1698 4770 plane

7 4807 9 4836 ι
84 4783 312 4843 emnemutuum
330 4782 395 4842 tam
418 4785 562 4859 spartum
576 4797 673 4861 quam
690 4779 853 4860 palliatum
906 4801 1027 4859 omnes,
1048 4779 1229 4860 theologias
1252 4783 1284 4842 et
1305 4782 1468 4843 canonum
1491 4777 1696 4859 professores,

7 4869 9 4906 ³
83 4857 169 4943 absit),
194 4873 224 4930 at
244 4871 329 4932 certe
353 4867 394 4930 ed
411 4869 506 4930 aliam
529 4887 636 4931 varam
656 4869 850 4952 injustitiam,
905 4873 998 4950 plura
1018 4872 1187 4934 sacrarum
1204 4866 1394 4931 Litterarum
1411 4863 1600 4942 testimonia,
1617 4863 1700 4925 Pou-

7 4975 9 5030 l
85 4950 241 5018 ιιιιιιιιοιιιιὶ
256 4974 336 5018 onus
350 4957 684 5036 pariteratierantem,
710 4961 851 5039 spectare
905 4958 1417 5024 tiflcumdecessorumnostrorum
1430 4956 1574 5032 Decreta,
1590 4949 1699 5015 conei-

7 5037 8 5074 ³
85 5049 254 5119 &moenum
273 5047 330 5108 est.
356 5045 403 5107 lta
425 5045 450 5106 si
469 5045 528 5108 rita
543 5047 648 5108 omnia
660 5048 853 5126 peragantur
903 5047 1019 5110 tiorum
1055 5051 1088 5110 et
1122 5048 1251 5108 Petrum
1278 5043 1472 5121 auctoritas,
1500 5041 1541 5105 ad
1571 5040 1719 5102 easdem·

86 5123 165 5194 etad
188 5131 318 5194 lustitia
349 5131 462 5194 libram
485 5131 670 5212 erigantur,
700 5133 850 5196 dubitan-
906 5133 1076 5198 sententias
1090 5132 1343 5214 comprobandas
1356 5149 1437 5212 panc
1451 5129 1632 5210 conspirare
1652 5125 1699 5190 vi-

7 5225 9 5248 *
86 5206 147 5274 taur
166 5233 222 5280 uon
244 5223 293 5282 est
314 5219 390 5301 quin
404 5221 567 5300 multiplex
586 5221 619 5282 in
642 5221 753 5284 iisdem
776 5239 853 5284 cca·
906 5224 1050 5288 deantur.
1067 5218 1612 5302 insuperapartissimeeognovimus
1626 5233 1699 5280 auc·

7 5363 9 5386 2
87 5295 214 5368 tractibus
237 5306 341 5370 licitus
355 5307 468 5371 modus
489 5315 520 5370 et
541 5309 620 5372 ratio
635 5313 781 5390 suppetat
793 5308 852 5372 hu·
904 5317 989 5375 tores
1008 5310 1123 5394 quibus
1143 5310 1308 5374 contrarioe
1334 5307 1505 5372 Sententia
1519 5304 1629 5368 reterri
1643 5304 1699 5368 de·

7 5389 9 5482 ξ
87 5395 355 5490 ψιιοιιιιιιοτοίιι
372 5399 404 5459 at
426 5396 618 5459 fructuosam
637 5398 737 5477 ipsam
755 5415 852 5479 nego·
905 5401 981 5464 bant
994 5405 1026 5464 et
1039 5417 1095 5463 eos
1107 5399 1226 5480 pariter
1235 5397 1288 5479 qui
1303 5396 1373 5460 illas
1387 5397 1495 5460 levant
1508 5413 1545 5460 ac
1557 5397 1696 5486 tucqtur,

89 5471 223 5550 aunam
247 5486 289 5550 ad
315 5485 476 5570 pubb'cnm
498 5485 699 5552 commodum
725 5504 851 5552 conser-
906 5491 963 5552 ant
984 5487 1043 5550 illis
1064 5503 1174 5550 ausam
1195 5503 1252 5550 scu
1275 5484 1474 5550 occasionem
1496 5483 1637 5568 praebere
1650 5481 1698 5546 vi-
