4166 6346
319 629 378 692 rra
880 605 895 636 “·
980 621 1097 693 arana
1118 624 1314 702 cusanus,

320 814 358 892 ri,
382 815 502 895 quiain
516 813 609 894 hujus
630 813 774 876 manibus
799 813 883 876 vovit
905 812 1116 876 obedientiam
1171 814 1338 875 moveatur
1362 810 1402 872 ad
1426 808 1563 872 dandam
1587 807 1815 885 Praetutianum,
1843 807 1965 886 peccari

320 903 494 968 secundum
510 904 680 982 Regulam
694 903 725 963 in
741 903 809 964 aliis
824 906 930 966 autem
944 920 1012 983 quae
1028 921 1117 983 spae-
1171 905 1281 963 contra
1293 903 1414 976 votum,
1439 897 1485 960 uti
1505 901 1537 965 et
1563 900 1641 974 tum,
1660 894 1761 976 inquit
1773 898 1881 973 Lessr,
1895 913 1921 956 c.
1937 898 1964 974 3,

319 996 388 1056 tant
412 991 452 1054 ed
478 991 676 1072 disciplinam
700 991 964 1068 Ecclesiasticam,
992 995 1117 1052 tenetur
1170 989 1196 1050 si
1212 989 1282 1050 ideo
1298 985 1675 1050 denturmunusculevel
1691 988 1886 1065 praestantur
1906 983 1966 1045 offi-
2063 1011 2065 1064 l

321 1079 449 1142 obedire
461 1080 627 1160 Episcopo,
640 1080 716 1160 quia
728 1079 831 1160 quoad
843 1080 895 1141 illa
908 1083 955 1142 cst
968 1080 1117 1160 Superior
1171 1079 1220 1140 cia
1234 1095 1304 1156 quas
1318 1075 1457 1157 alioquin
1472 1092 1535 1136 non
1547 1077 1774 1153 praestarentur
1787 1091 1795 1147 ;
1810 1073 1871 1133 sed
1896 1073 1968 1133 Sau-
2064 1067 2065 1090 ¹

320 1167 387 1251 ipse
401 1165 555 1247 Episcopo
568 1165 739 1248 subjectus,
756 1169 788 1230 S.
810 1167 882 1244 Tb,
906 1170 987 1247 Aug.
1002 1169 1117 1250 aliique
1171 1167 1247 1229 chcz
1261 1165 1414 1241 ettlastr,
1431 1183 1462 1224 n.
1478 1165 1508 1240 3,
1519 1166 1603 1224 recte
1620 1161 1842 1225 contradicunt
1857 1159 1918 1222 nisi
1933 1179 1968 1222 er
2063 1167 2065 1246 ,

321 1274 394 1318 cum
418 1255 508 1332 Sila,
537 1273 569 1337 p.
596 1261 625 1334 l,
655 1275 683 1318 a.
709 1255 816 1332 Attus,
836 1275 894 1318 ecs.
911 1257 941 1316 3.
959 1256 991 1318 Si
1011 1261 1117 1319 tamen
1171 1253 1412 1316 circumstantiis
1436 1251 1534 1332 possit
1560 1250 1664 1331 colligi
1693 1249 1882 1312 ambitiosus
1906 1249 1969 1310 ani·
2063 1247 2065 1328 j

321 1341 493 1422 Episcopus
520 1360 591 1403 cum
621 1361 717 1404 causa
745 1343 921 1406 rationabili
959 1341 1135 1422 dispenset
1171 1360 1252 1418 mue,
1269 1340 1406 1424 alioquin
1426 1357 1489 1401 non
1514 1339 1652 1401 censeris
1676 1338 1798 1400 ambire
1813 1337 1903 1417 apud
1916 1335 1969 1399 ho·
2063 1329 2065 1408 l

321 1431 405 1492 circa
425 1433 542 1493 statuta
566 1434 597 1493 et
618 1435 684 1494 tum
711 1430 883 1510 precipiat,
901 1430 1029 1493 debebit
1046 1431 1119 1492 obc-
1171 1431 1282 1507 mines,
1299 1429 1383 1511 quod
1398 1429 1498 1490 solum
1521 1431 1569 1490 est
1589 1425 1784 1489 turbativum
1806 1423 1969 1504 regiminis
2064 1425 2065 1482 ἰ

321 1519 389 1580 dire
411 1517 577 1598 Episcopo,
594 1537 657 1580 non
680 1524 787 1580 autem
809 1521 834 1581 si
857 1519 924 1580 sinc
949 1518 1117 1580 aeneadis·
1173 1526 1204 1582 et
1224 1517 1408 1581 offensivnm
1423 1514 1677 1590 communitatis3
1693 1514 1768 1576 hine
1790 1513 1816 1575 si
1835 1512 1902 1575 tale
1922 1529 1969 1572 er·

321 1609 442 1688 penset.
460 1607 549 1680 Quod
563 1605 588 1668 si
602 1606 750 1686 Religiosi
760 1609 822 1668 sint
834 1606 948 1668 subditi
963 1607 1117 1687 Episcopo
1172 1613 1297 1672 ternum
1312 1604 1508 1686 obsequium,
1520 1603 1605 1685 quod
1616 1605 1747 1682 praestas
1756 1599 1880 1683 potenti
1895 1616 1967 1678 pro·
2064 1603 2065 1606 ’

321 1695 408 1758 uelut
421 1695 565 1772 Praelato,
583 1695 626 1758 ita
646 1701 679 1756 ut
707 1696 735 1757 ci
755 1696 899 1758 emittant
911 1701 1019 1759 votum
1046 1695 1118 1757 obe·
1171 1713 1311 1772 morere,
1329 1693 1527 1774 aequesoleat
1539 1691 1681 1772 praestari
1696 1691 1737 1752 ab
1752 1689 1826 1766 alio,
1842 1691 1877 1751 et
1900 1705 1920 1748 a
1941 1689 1969 1749 te

322 1783 459 1860 dieutiae,
481 1782 598 1846 debent
617 1783 722 1864 quoad
744 1785 848 1846 omnia
869 1783 970 1864 magis
990 1783 1118 1846 obedire
1173 1802 1256 1846 nunc
1270 1786 1435 1863 prestetur
1455 1781 1529 1862 quia
1549 1785 1640 1844 tuum
1654 1777 1843 1856 estseriire,
1863 1793 1970 1857 quarn·

321 1870 478 1950 Episcopo
497 1890 591 1952 quam
609 1871 678 1933 aliis
698 1871 918 1951 Superioribus
933 1871 1120 1934 subordina·
1172 1874 1219 1936 vis
1243 1890 1327 1933 nunc
1350 1889 1407 1952 per
1429 1868 1506 1930 illud
1520 1867 1706 1950 obsequium
1720 1865 1904 1929 intenderes
1920 1863 1970 1925 be·
2064 1919 2065 1922 ,

321 1955 787 2039 tis;Sanch.,ia0ec.,l.'l,c.
806 1962 882 2038 l,a.
900 1964 933 2023 ll
953 1965 983 2022 et
1002 1963 1118 2038 {Qno-
1173 1959 1383 2023 nevolentiam
1416 1956 1633 2034 Promotoris,
1664 1973 1728 2019 non
1755 1954 1883 2016 videtur
1907 1952 1970 2012 fore

322 2049 540 2129 iatqueetiam
558 2048 745 2126 recteSilv.,
762 2066 789 2116 v,
806 2047 987 2130 Appellatio,
1004 2048 1029 2110 si
1045 2047 1119 2110 sub-
1174 2051 1283 2111 contra
1308 2049 1427 2123 votum,
1454 2045 1556 2126 inquit
1576 2047 1676 2121 Lesa,
1707 2043 1782 2123 quia
1805 2045 1898 2103 actus
1923 2038 1970 2099 ille
2064 2069 2065 2114 ,

324 2133 407 2197 ditus
422 2135 536 2217 injuste
551 2139 702 2214 gravetur
723 2155 742 2196 a
765 2135 944 2216 Superiora,
959 2154 1050 2216 posse
1062 2153 1120 2214 ap·
1174 2138 1319 2199 censetur
1333 2132 1503 2214 procedere
1519 2151 1558 2193 cx
1571 2130 1677 2194 debito
1693 2130 1787 2194 officii
1803 2134 1834 2192 et
1848 2128 1905 2192 illa
1917 2131 1967 2190 tua
2064 2159 2065 2162 ¹

323 2223 443 2304 pellere
458 2224 499 2286 ad
518 2223 709 2304 Episcopum
722 2225 811 2306 cujus
820 2225 1032 2307 jurisdictioni
1045 2224 1121 2286 eub-
1174 2222 1303 2284 ambitio
1319 2227 1402 2283 esset
1415 2221 1645 2284 mereinterna.

324 2315 372 2374 est
385 2312 620 2390 Monasterium,
634 2317 665 2376 et
674 2313 713 2374 de
723 2317 876 2394 potestate
887 2312 1066 2394 appellandi
1073 2311 1120 2373 vi·
1213 2311 1232 2390 ἓ
1246 2312 1276 2372 3.
1294 2309 1326 2373 Si
1341 2309 1449 2371 rideas
1469 2313 1500 2371 te
1521 2306 1702 2388 eligendum
1717 2305 1749 2368 in
1765 2305 1909 2369 Priorem
1924 2304 1970 2366 vel
1991 2321 2022 2368 ru

326 2398 394 2480 deri
408 2403 511 2480 potest
524 2400 620 2462 etiam
638 2402 751 2479 Casu„
766 2422 799 2485 p.
823 2405 877 2476 l5;
895 2403 934 2464 de
951 2401 1051 2482 poenis
1065 2419 1122 2462 au·
1174 2397 1397 2476 Definitorem,
1413 2416 1475 2458 non
1494 2397 1611 2478 poteris
1635 2395 1722 2475 saluo
1739 2400 1815 2458 voto
1829 2413 1925 2478 agere
1939 2395 1972 2456 ut
2064 2437 2065 2480 3

326 2489 391 2549 tem
415 2505 492 2567 quas
513 2487 655 2568 intligerc
682 2494 813 2570 possunt
840 2489 1027 2570 Superiores
1056 2492 1123 2571 agit
1176 2485 1302 2566 eligaris
1316 2486 1419 2566 potius
1442 2485 1474 2546 in
1493 2485 1716 2558 Definitorem3
1733 2483 1779 2544 sic
1794 2484 1879 2545 enim
1893 2499 1970 2562 prae-
2063 2489 2065 2498 ⁴

325 2574 393 2638 fuse
408 2597 438 2637 a.
456 2579 505 2639 lt.
897 2581 908 2594 '
1175 2575 1320 2638 tenderes
1338 2573 1475 2636 officium
1490 2573 1605 2636 cadens
1620 2573 1679 2634 sub
1693 2575 1787 2648 voto;
1806 2574 1895 2634 Less.
1912 2573 1970 2631 Nec

257 2674 297 2722 tel
365 2663 427 2742 fit.
444 2664 596 2728 Voluntas
610 2663 758 2745 Religiosi
782 2663 826 2726 ita
847 2667 894 2726 est
912 2663 1122 2745 ligatautne·
1176 2667 1265 2745 potes
1279 2663 1368 2724 alteri
1381 2661 1457 2723 dare
1473 2664 1563 2723 tuum
1584 2660 1770 2740 suffragium
1785 2677 1841 2740 pro
1853 2677 1915 2722 uno
1931 2657 1969 2719 oi·
2063 2651 2065 2700 l

327 2748 455 2832 quidem
470 2752 664 2832 sepulturam
673 2751 772 2832 possit
785 2751 913 2832 eligere,
923 2751 967 2813 uti
983 2751 1051 2813 fuse
1067 2753 1122 2814 de·
1175 2751 1246 2813 ticio
1261 2755 1296 2814 ut
1310 2769 1367 2834 per
1386 2751 1446 2812 hoo
1466 2750 1600 2812 alterum
1623 2747 1763 2811 officium
1775 2747 1808 2809 in
1821 2754 1853 2810 te
1868 2746 1967 2822 cadat,

326 2838 726 2922 ducitCestr.,p.13,§8.
1176 2840 1232 2901 sed
1249 2839 1345 2901 debes
1367 2838 1488 2899 sincere
1510 2837 1586 2899 dare
1610 2836 1796 2916 suffragium
1825 2835 1872 2898 uti
1896 2833 1968 2895 ratio
2064 2827 2065 2898 t

368 2927 458 2990 Circa
480 2927 541 2988 alia
555 2931 630 2989 uota
647 2931 678 2989 et
699 2930 859 3007 praecepta
873 2945 943 3010 quaa
957 2928 1037 2992 votis
1051 2931 1123 2992 sub·
1176 2927 1316 3008 postulat
1342 2929 1374 2989 et
1396 2925 1473 2987 alias
1487 2925 1631 3000 lecisses;
1648 2925 1673 2986 si
1689 2927 1797 2986 autem
1811 2923 1904 2986 detur
1916 2919 1969 2982 tibi
2064 2927 2065 2980 1

327 3016 524 3080 stantialibus
539 3015 632 3097 adjici
656 3015 758 3078 solent
783 3015 815 3076 in
839 3016 997 3080 Societate
1011 3019 1120 3096 lESU,
1177 3015 1262 3096 optio
1276 3020 1311 3076 ut
1324 3014 1434 3096 praesis
1447 3013 1502 3075 nni
1517 3014 1586 3075 loco
1607 3031 1624 3074 e
1646 3011 1781 3090 duobus,
1799 3013 1824 3074 si
1837 3010 1969 3074 debebas
2064 3031 2065 3042 .

327 3102 428 3166 videri
442 3109 546 3184 potest
557 3107 671 3181 Casta,
689 3102 789 3166 totod.
807 3107 836 3167 5.
1177 3121 1312 3192 praesse
1327 3103 1480 3180 alterutri,
1506 3105 1595 3182 potes
1619 3100 1735 3181 eligere
1756 3118 1851 3180 quem
1867 3098 1967 3169 uoles;

139 3258 150 3276 .
260 3226 303 3274 ,ῃ
372 3193 479 3272 Qaoest.
496 3196 545 3256 33.
561 3227 602 3238 -
618 3191 696 3268 Ouid
708 3192 869 3255 notandum
883 3193 1123 3262 sitct'rcavotam
1178 3193 1295 3254 electus
1309 3196 1415 3254 tamen
1440 3191 1481 3252 ad
1504 3208 1603 3251 unum
1626 3206 1689 3250 non
1710 3191 1801 3268 potes
1823 3205 1918 3269 agere
1939 3187 1971 3246 ut
2064 3199 2065 3240 l

328 3303 389 3348 aaa
399 3280 586 3366 procurandi
604 3300 657 3344 nec
670 3283 845 3364 occeptaadi
861 3281 1063 3348 Praetctarom
1077 3287 1124 3349 vet
1177 3280 1376 3343 transferaris
1401 3278 1442 3340 ad
1464 3277 1621 3356 alterum,
1644 3276 1701 3338 sed
1729 3294 1841 3356 posses
1871 3276 1970 3358 petere
2063 3329 2065 3354 ,

329 3370 575 3456 dignitatemlR.
593 3389 681 3452 seqq.
1178 3371 1305 3434 omnino
1332 3367 1480 3444 liberari,
1510 3373 1566 3428 sut
1590 3363 1616 3428 si
1642 3365 1784 3428 obtinere
1812 3379 1878 3425 non
1904 3379 1970 3444 pos·

368 3463 430 3542 §L
454 3459 606 3521 Praelatus
625 3459 732 3520 stricte
747 3457 862 3522 dicitur
883 3459 936 3540 qui
960 3459 1057 3526 habet
1071 3482 1126 3526 ou·
1179 3475 1239 3534 ses,
1258 3461 1292 3518 ut
1307 3455 1347 3518 ad
1369 3455 1466 3517 alium
1487 3456 1591 3518 locum
1614 3452 1812 3517 transfereris
1839 3451 1894 3514 ubi
1907 3467 1968 3512 me-

328 3547 401 3628 rem
415 3547 590 3611 animarum
604 3565 675 3609 curn
684 3546 914 3628 jurisdictione,
928 3549 971 3612 ite
983 3555 1019 3613 ut
1027 3551 1126 3632 possit
1178 3543 1238 3606 lius
1266 3546 1331 3606 Deo
1360 3543 1478 3605 servire
1514 3560 1642 3624 POSSsssst
1676 3544 1763 3605 Less.
1794 3559 1902 3620 sulm·
1929 3540 1969 3600 ΒΘ

329 3636 472 3701 subditos
495 3635 653 3715 corrigere
678 3641 710 3700 et
736 3637 857 3717 puniri;
874 3640 1027 3701 ductores
1052 3660 1125 3703 cum
1180 3632 1300 3696 ambitu
1319 3650 1376 3712 pro
1395 3632 1517 3695 incerta
1530 3648 1665 3711 persona
1681 3629 1780 3692 videri
1793 3633 1898 3712 potest
1915 3631 1969 3691 bu·

329 3728 416 3789 Less.
433 3725 466 3786 ia
478 3724 581 3802 Acca,
597 3744 626 3787 u.
643 3726 803 3796 Prolatus,
832 3744 858 3787 c.
884 3727 913 3788 l.
939 3726 1018 3788 Hinc
1033 3726 1126 3793 docet
1179 3739 1233 3806 30,
1247 3720 1277 3783 d·
1294 3723 1344 3783 25·

330 3807 480 3895 Legata
494 3811 580 3893 Hesp.
599 3812 691 3890 Mor„
714 3813 736 3875 l.
763 3817 792 3890 l,
818 3811 849 3875 d.
860 3816 910 3893 36,
927 3830 966 3875 cx
981 3815 1125 3879 declara·
1218 3811 1280 3890 §R
1305 3808 1338 3872 Si
1361 3807 1485 3872 voverit
1498 3807 1669 3893 nequidem
1683 3811 1848 3888 acceptare
1862 3805 1969 3870 Praela·
1989 3817 2018 3866 le

330 3901 415 3964 tione
437 3899 514 3965 Urb.
538 3899 631 3976 v111,
659 3918 717 3978 per
739 3901 957 3964 prelationem
993 3901 1124 3984 intelligi
1178 3897 1295 3960 tionem
1309 3898 1360 3959 vel
1369 3897 1561 3978 Dignitatem
1571 3899 1660 3959 extra
1674 3896 1871 3976 Religionem
1884 3911 1967 3957 suam

332 3986 541 4070 quodcunque
565 3987 701 4049 officium
721 3987 871 4070 dejure,
896 4007 955 4050 usu
980 3991 1031 4052 vel
1052 4011 1125 4054 con·
1179 3985 1239 4047 nisi
1263 3989 1395 4066 cogatur
1409 3989 1567 4066 praecepto
1596 3986 1678 4047 illius
1700 3986 1755 4068 qui
1779 3984 1838 4048 sibi
1865 3985 1897 4047 id
1916 3981 1967 4045 sub

332 4075 497 4139 suetudine
510 4075 793 4138 habensennexam
803 4075 1055 4157 jurisdictionem
1068 4079 1125 4140 Ec·
1179 4077 1308 4155 peccato
1330 4074 1453 4137 mortali
1477 4075 1649 4154 precipere
1673 4075 1787 4154 potest,
1812 4091 1871 4154 per
1893 4073 1968 4133 hunc

327 4163 551 4242 ,clesiasticam
578 4162 670 4244 quale
696 4164 771 4244 quid
794 4170 842 4226 est
862 4163 958 4227 etiam
982 4163 1125 4228 Officium
1180 4165 1339 4244 potentem
1365 4161 1537 4242 praecipere
1561 4161 1746 4242 intelligitur
1770 4162 1856 4224 solus
1877 4162 1965 4238 Papa,

334 4249 515 4327 Guardiani,
531 4249 659 4325 Prioris,
674 4254 707 4313 et
720 4249 752 4310 in
766 4249 922 4315 Societate
934 4251 1030 4315 JESU
1044 4251 1126 4315 visi·
1181 4253 1216 4312 ut
1229 4250 1400 4312 declaravit
1419 4251 1495 4314 Urb.
1512 4252 1593 4327 vlll,
1609 4250 1693 4330 apud
1710 4252 1790 4332 Lug.
1809 4251 1831 4313 t.
1849 4253 1881 4330 3,
1897 4247 1925 4310 d.
1939 4249 1966 4314 l,

332 4336 462 4415 tatoris,
492 4336 710 4414 Vicerectoris,
739 4354 802 4399 non
830 4342 936 4400 tamen
969 4337 1123 4418 Ministri,
1180 4357 1211 4401 a.
1229 4342 1277 4417 le,
1303 4339 1379 4402 etl.
1405 4341 1434 4402 t.
1462 4337 1492 4401 d.
1510 4341 1560 4402 36.
1586 4339 1678 4402 Retio
1704 4342 1813 4401 autem
1834 4333 1968 4418 estquis

333 4424 531 4501 Professoris,
547 4425 772 4503 Procuratoris,
789 4425 884 4488 etiarn
906 4427 1038 4488 Romam
1055 4427 1127 4489 mit·
1181 4426 1303 4488 Praelati
1319 4427 1489 4507 Regulares
1504 4446 1566 4489 non
1583 4431 1716 4507 possunt
1730 4427 1902 4508 praecipere
1916 4419 1966 4486 nisi

332 4512 431 4591 tendi,
448 4518 508 4575 etc.
524 4511 604 4577 Vide
619 4513 731 4591 Gesta,
746 4515 808 4592 to,
830 4512 861 4584 d,
886 4518 917 4593 5,
939 4534 971 4596 p.
993 4519 1024 4594 5,
1040 4535 1071 4578 a.
1093 4519 1123 4578 6.
1182 4532 1220 4576 ea
1234 4531 1304 4594 quae
1318 4518 1440 4577 retenta
1459 4514 1608 4596 Regulari
1628 4515 1823 4599 subjectione
1836 4516 1879 4578 ad
1893 4516 1966 4596 ipsos

332 4603 395 4663 Per
407 4599 598 4680 Dignitatem
617 4604 706 4663 extra
726 4601 923 4681 Religionem
943 4601 1127 4682 intelligitur
1180 4604 1313 4681 possunt
1332 4601 1455 4682 impleri
1471 4623 1479 4678 ;
1496 4603 1570 4665 hinc
1584 4604 1757 4685 praecipere
1772 4621 1836 4666 nou
1849 4601 1968 4684 possunt

332 4688 430 4751 'etiam
444 4688 587 4753 Vioarius
601 4689 759 4769 Episcopi.
776 4691 853 4752 ltem
868 4690 1043 4753 secundum
1054 4692 1127 4754 Cas·
1181 4685 1214 4750 id
1226 4707 1283 4768 per
1297 4691 1382 4770 quod
1397 4691 1466 4772 quis
1485 4693 1525 4754 ab
1549 4709 1659 4754 eorum
1681 4691 1900 4774 jurisdictione
1913 4687 1967 4752 exi-

332 4779 429 4856 trop'.,
447 4795 482 4857 p.
505 4780 536 4845 6,
562 4796 593 4839 a.
618 4779 637 4840 3
675 4777 793 4858 quasvis
816 4777 959 4858 Dignitas
984 4780 1079 4842 etiam
1095 4779 1126 4840 in
1181 4776 1294 4851 mitur;
1310 4776 1342 4838 id
1367 4779 1450 4839 enirn
1477 4784 1560 4842 esset
1583 4780 1688 4843 dicere
1706 4800 1713 4842 ε
1732 4782 1812 4854 Quia
1837 4797 1924 4843 meus
1939 4793 1967 4838 es

333 4861 504 4944 Collegieta
523 4868 647 4926 tantum
660 4863 809 4928 Ecclesia.
825 4865 969 4946 quemvis
979 4865 1127 4948 jurisdic-
1180 4862 1335 4942 subditus,
1352 4865 1501 4946 praecipio
1514 4867 1570 4929 tibi
1583 4871 1618 4931 ut
1630 4887 1693 4930 non
1708 4869 1751 4930 sis
1765 4887 1855 4930 meus
1870 4863 1966 4932 subdi·

332 4953 451 5016 tionem
465 4969 527 5014 non
539 4951 656 5015 habeat
667 4971 836 5015 annexam.
1180 4954 1242 5030 tus,
1258 4956 1289 5015 et
1301 4953 1372 5016 idco
1383 4955 1552 5036 nequidem
1563 4957 1723 5019 Generalis
1734 4957 1861 5021 Ordinis
1874 4957 1968 5038 potest

267 5066 308 5114 qa
373 5041 434 5120 §R
452 5040 485 5103 Si
508 5040 683 5122 Religiosus
705 5042 827 5104 voverit
850 5042 1019 5123 nequidem
1046 5041 1128 5104 indi·
1180 5039 1352 5121 praecipere
1374 5045 1408 5104 ut
1433 5042 1503 5122 quis
1522 5048 1665 5124 acceptet
1685 5045 1876 5108 beneficium
1890 5060 1966 5110 cura-

334 5132 419 5193 rccte
444 5130 639 5210 praetendere
668 5128 910 5208 Praelationem,
940 5129 984 5194 uti
1011 5135 1128 5192 vovent
1181 5135 1249 5194 tum
1272 5132 1322 5193 rel
1345 5131 1489 5211 simplex,
1515 5132 1573 5194 nisi
1597 5135 1638 5197 sit
1663 5135 1809 5214 regulare
1838 5133 1966 5217 ejusdem

333 5217 468 5281 Professi
481 5217 646 5282 societatis
659 5217 767 5295 JESU,
780 5235 843 5279 non
858 5221 970 5298 peccet
983 5218 1127 5299 quamvis
1182 5217 1370 5298 Religionis;
1388 5221 1480 5297 Nara,
1498 5224 1602 5299 Saea,
1621 5222 1752 5300 Sanch.,
1769 5225 1882 5303 Casta,
1898 5235 1925 5284 o.
1939 5223 1963 5294 l,

214 5343 216 5346 -
333 5303 455 5370 interne
478 5308 619 5386 appetat,
637 5305 807 5366 dummodo
823 5305 958 5368 exterius
978 5325 1039 5368 non
1062 5323 1127 5368 ma·
1174 5325 1210 5390 p.
1240 5311 1271 5376 5,
1295 5327 1326 5373 a.
1349 5309 1379 5386 3,
1406 5309 1481 5389 quia
1495 5321 1608 5389 nempe
1631 5327 1689 5389 per
1710 5310 1774 5374 tale
1790 5309 1964 5373 beneficium

334 5393 468 5470 nilestet,
493 5395 598 5471 Suan,
621 5394 731 5474 Vasq„
758 5392 887 5471 Sanch.,
905 5394 1018 5471 Casta,
1036 5413 1071 5476 p.
1094 5397 1124 5472 5,
1181 5395 1422 5458 constitueretur
1443 5403 1534 5458 extra
1556 5397 1790 5462 observantiam
1805 5399 1925 5462 Ordinis
1940 5396 1965 5456 et

334 5501 365 5545 a.
389 5485 419 5544 3.
443 5483 535 5543 Putat
548 5483 653 5544 autom
667 5481 757 5543 Suar.
785 5480 812 5541 si
839 5481 977 5544 actiones
992 5486 1127 5544 extamus
1182 5484 1353 5563 Regulam;
1379 5483 1522 5547 similiter
1536 5485 1680 5565 quemvis
1695 5487 1858 5550 Generalis
1881 5481 1964 5572 possit

326 5569 375 5638 'de
398 5589 431 5634 se
458 5570 668 5635 indifferentes
696 5587 734 5634 eo
761 5569 822 5634 tine
837 5571 962 5637 llantut
977 5569 1128 5656 Superior
1184 5571 1376 5639 Scholastica
1400 5571 1566 5644 societatis
1582 5575 1680 5643 JESU
1701 5573 1779 5644 aare
1796 5575 1963 5644 trenaee
