<?xml version="1.0" encoding="UTF-8"?>
<!DOCTYPE html PUBLIC "-//W3C//DTD XHTML 1.0 Transitional//EN"
    "http://www.w3.org/TR/xhtml1/DTD/xhtml1-transitional.dtd">
<html xmlns="http://www.w3.org/1999/xhtml" xml:lang="en" lang="en">
 <head>
  <title>
</title>
<meta http-equiv="Content-Type" content="text/html;charset=utf-8" />
  <meta name='ocr-system' content='tesseract 3.04.00' />
  <meta name='ocr-capabilities' content='ocr_page ocr_carea ocr_par ocr_line ocrx_word'/>
</head>
<body>
  <div class='ocr_page' id='page_1' title='image "./theologiamorali01busegoog_0075.png"; bbox 0 0 4032 6340; ppageno 0'>
   <div class='ocr_carea' id='block_1_1' title="bbox 621 533 1693 613">
    <p class='ocr_par' dir='ltr' id='par_1_1' title="bbox 621 533 1693 613">
     <span class='ocr_line' id='line_1_1' title="bbox 621 533 1693 613; baseline 0.002 -16"><span class='ocrx_word' id='word_1_1' title='bbox 621 535 740 598; x_wconf 75' lang='lat' dir='ltr'><strong><em>LIBER</em></strong></span> <span class='ocrx_word' id='word_1_2' title='bbox 767 533 947 613; x_wconf 79' lang='lat' dir='ltr'><strong><em>rnnrtUS,</em></strong></span> <span class='ocrx_word' id='word_1_3' title='bbox 980 535 1082 599; x_wconf 74' lang='lat' dir='ltr'><strong><em>ntes</em></strong></span> <span class='ocrx_word' id='word_1_4' title='bbox 1109 539 1134 599; x_wconf 90' lang='lat'><strong><em>1.</em></strong></span> <span class='ocrx_word' id='word_1_5' title='bbox 1655 539 1693 602; x_wconf 77' lang='grc'><strong><em>67</em></strong></span> 
     </span>
    </p>
   </div>
   <div class='ocr_carea' id='block_1_2' title="bbox 13 713 856 5281">
    <p class='ocr_par' dir='ltr' id='par_1_2' title="bbox 13 713 856 3947">
     <span class='ocr_line' id='line_1_2' title="bbox 13 713 844 796; baseline 0.006 -19"><span class='ocrx_word' id='word_1_6' title='bbox 13 713 14 784; x_wconf 69' lang='grc' dir='ltr'>ἶ</span> <span class='ocrx_word' id='word_1_7' title='bbox 68 733 119 778; x_wconf 85' lang='lat' dir='ltr'><strong><em>ee.</em></strong></span> <span class='ocrx_word' id='word_1_8' title='bbox 142 716 177 778; x_wconf 81' lang='lat' dir='ltr'><strong><em>te</em></strong></span> <span class='ocrx_word' id='word_1_9' title='bbox 189 720 219 776; x_wconf 87' lang='lat' dir='ltr'><strong><em>ct</em></strong></span> <span class='ocrx_word' id='word_1_10' title='bbox 233 716 346 796; x_wconf 77' lang='lat' dir='ltr'><strong><em>Regin.</em></strong></span> <span class='ocrx_word' id='word_1_11' title='bbox 363 720 396 780; x_wconf 88' lang='lat' dir='ltr'><strong><em>in</em></strong></span> <span class='ocrx_word' id='word_1_12' title='bbox 411 721 508 796; x_wconf 80' lang='lat' dir='ltr'><strong><em>preci</em></strong></span> <span class='ocrx_word' id='word_1_13' title='bbox 520 720 543 782; x_wconf 89' lang='lat' dir='ltr'><strong><em>t.</em></strong></span> <span class='ocrx_word' id='word_1_14' title='bbox 568 722 620 794; x_wconf 74' lang='lat' dir='ltr'><strong><em>sl,</em></strong></span> <span class='ocrx_word' id='word_1_15' title='bbox 638 738 662 782; x_wconf 92' lang='lat' dir='ltr'><strong><em>c.</em></strong></span> <span class='ocrx_word' id='word_1_16' title='bbox 681 725 700 782; x_wconf 83' lang='lat' dir='ltr'><strong><em>&#39;t</em></strong></span> <span class='ocrx_word' id='word_1_17' title='bbox 717 720 738 784; x_wconf 85' lang='lat'><strong><em>¹.</em></strong></span> <span class='ocrx_word' id='word_1_18' title='bbox 758 721 844 784; x_wconf 83' lang='lat' dir='ltr'><strong><em>Atin</em></strong></span> 
     </span>
     <span class='ocr_line' id='line_1_3' title="bbox 13 804 843 888; baseline 0.008 -25"><span class='ocrx_word' id='word_1_19' title='bbox 13 813 14 816; x_wconf 75' lang='grc'>’</span> <span class='ocrx_word' id='word_1_20' title='bbox 66 804 158 884; x_wconf 89' lang='lat' dir='ltr'><strong><em>primis</em></strong></span> <span class='ocrx_word' id='word_1_21' title='bbox 170 804 252 867; x_wconf 75' lang='lat' dir='ltr'><strong><em>Trici.</em></strong></span> <span class='ocrx_word' id='word_1_22' title='bbox 269 823 341 868; x_wconf 84' lang='lat' dir='ltr'><strong><em>sess.</em></strong></span> <span class='ocrx_word' id='word_1_23' title='bbox 359 809 409 873; x_wconf 73' lang='lat'><strong><em>25.</em></strong></span> <span class='ocrx_word' id='word_1_24' title='bbox 425 826 451 871; x_wconf 86' lang='lat' dir='ltr'><strong><em>e.</em></strong></span> <span class='ocrx_word' id='word_1_25' title='bbox 471 811 519 884; x_wconf 77' lang='lat'><strong><em>¹9,</em></strong></span> <span class='ocrx_word' id='word_1_26' title='bbox 536 810 573 870; x_wconf 86' lang='lat' dir='ltr'><strong><em>cle</em></strong></span> <span class='ocrx_word' id='word_1_27' title='bbox 584 807 651 888; x_wconf 88' lang='lat' dir='ltr'><strong><em>Ilef.</em></strong></span> <span class='ocrx_word' id='word_1_28' title='bbox 669 811 714 872; x_wconf 87' lang='lat' dir='ltr'><strong><em>sic</em></strong></span> <span class='ocrx_word' id='word_1_29' title='bbox 728 809 843 872; x_wconf 85' lang='lat' dir='ltr'><strong><em>habet:</em></strong></span> 
     </span>
     <span class='ocr_line' id='line_1_4' title="bbox 66 889 847 976; baseline 0.005 -22"><span class='ocrx_word' id='word_1_30' title='bbox 66 889 233 954; x_wconf 70' lang='lat' dir='ltr'><strong><em>Detestabilis</em></strong></span> <span class='ocrx_word' id='word_1_31' title='bbox 252 896 430 958; x_wconf 78' lang='lat' dir='ltr'><em>duellorum</em></span> <span class='ocrx_word' id='word_1_32' title='bbox 454 913 526 958; x_wconf 83' lang='lat' dir='ltr'><strong><em>esar</em></strong></span> <span class='ocrx_word' id='word_1_33' title='bbox 540 895 715 976; x_wconf 81' lang='lat' dir='ltr'><strong><em>fabricante</em></strong></span> <span class='ocrx_word' id='word_1_34' title='bbox 728 899 847 962; x_wconf 78' lang='lat' dir='ltr'><strong><em>neceto</em></strong></span> 
     </span>
     <span class='ocr_line' id='line_1_5' title="bbox 66 979 846 1062; baseline 0.014 -23"><span class='ocrx_word' id='word_1_35' title='bbox 66 979 239 1058; x_wconf 71' lang='lat' dir='ltr'><strong><em>enecantes,</em></strong></span> <span class='ocrx_word' id='word_1_36' title='bbox 255 987 294 1044; x_wconf 85' lang='lat' dir='ltr'><strong><em>nt</em></strong></span> <span class='ocrx_word' id='word_1_37' title='bbox 302 990 596 1062; x_wconf 82' lang='lat' dir='ltr'><strong><em>creentecorpornm</em></strong></span> <span class='ocrx_word' id='word_1_38' title='bbox 608 992 713 1062; x_wconf 89' lang='lat' dir='ltr'><strong><em>morte,</em></strong></span> <span class='ocrx_word' id='word_1_39' title='bbox 731 991 846 1050; x_wconf 78' lang='lat' dir='ltr'><strong><em>aniene·</em></strong></span> 
     </span>
     <span class='ocr_line' id='line_1_6' title="bbox 65 1071 847 1148; baseline 0.009 -21"><span class='ocrx_word' id='word_1_40' title='bbox 65 1084 121 1128; x_wconf 75' lang='lat' dir='ltr'><strong><em>run</em></strong></span> <span class='ocrx_word' id='word_1_41' title='bbox 137 1071 221 1132; x_wconf 77' lang='lat' dir='ltr'><strong><em>eiam</em></strong></span> <span class='ocrx_word' id='word_1_42' title='bbox 246 1074 413 1148; x_wconf 85' lang='lat' dir='ltr'><strong><em>perniciem</em></strong></span> <span class='ocrx_word' id='word_1_43' title='bbox 435 1072 580 1148; x_wconf 80' lang='lat' dir='ltr'><strong><em>lucretur,</em></strong></span> <span class='ocrx_word' id='word_1_44' title='bbox 611 1090 651 1134; x_wconf 85' lang='lat' dir='ltr'><strong><em>ee</em></strong></span> <span class='ocrx_word' id='word_1_45' title='bbox 676 1071 847 1134; x_wconf 76' lang='lat' dir='ltr'><strong><em>Christiana</em></strong></span> 
     </span>
     <span class='ocr_line' id='line_1_7' title="bbox 65 1155 844 1239; baseline 0.009 -24"><span class='ocrx_word' id='word_1_46' title='bbox 65 1155 121 1216; x_wconf 85' lang='lat' dir='ltr'><strong><em>orte</em></strong></span> <span class='ocrx_word' id='word_1_47' title='bbox 134 1159 254 1234; x_wconf 78' lang='lat' dir='ltr'><strong><em>peeitm</em></strong></span> <span class='ocrx_word' id='word_1_48' title='bbox 276 1163 514 1235; x_wconf 68' lang='lat' dir='ltr'><strong><em>exterminetur,</em></strong></span> <span class='ocrx_word' id='word_1_49' title='bbox 540 1161 718 1238; x_wconf 80' lang='lat' dir='ltr'><strong><em>Imperator,</em></strong></span> <span class='ocrx_word' id='word_1_50' title='bbox 743 1162 844 1239; x_wconf 71' lang='lat' dir='ltr'><strong><em>lienes,</em></strong></span> 
     </span>
     <span class='ocr_line' id='line_1_8' title="bbox 64 1242 847 1330; baseline 0.008 -26"><span class='ocrx_word' id='word_1_51' title='bbox 64 1242 154 1316; x_wconf 76' lang='lat' dir='ltr'><strong><em>ures,</em></strong></span> <span class='ocrx_word' id='word_1_52' title='bbox 176 1246 345 1324; x_wconf 75' lang='lat' dir='ltr'><strong><em>Principes,</em></strong></span> <span class='ocrx_word' id='word_1_53' title='bbox 372 1247 567 1322; x_wconf 80' lang='lat' dir='ltr'><strong><em>Marciiorccs,</em></strong></span> <span class='ocrx_word' id='word_1_54' title='bbox 593 1249 720 1311; x_wconf 88' lang='lat' dir='ltr'><strong><em>Comites</em></strong></span> <span class='ocrx_word' id='word_1_55' title='bbox 738 1255 766 1312; x_wconf 90' lang='lat' dir='ltr'><strong><em>ct</em></strong></span> <span class='ocrx_word' id='word_1_56' title='bbox 780 1267 847 1330; x_wconf 79' lang='lat' dir='ltr'><strong><em>aeo-</em></strong></span> 
     </span>
     <span class='ocr_line' id='line_1_9' title="bbox 13 1333 847 1420; baseline 0.006 -28"><span class='ocrx_word' id='word_1_57' title='bbox 13 1335 14 1392; x_wconf 86' lang='lat'><em>]</em></span> <span class='ocrx_word' id='word_1_58' title='bbox 63 1349 168 1413; x_wconf 70' lang='lat' dir='ltr'><strong><em>nmque</em></strong></span> <span class='ocrx_word' id='word_1_59' title='bbox 179 1333 240 1396; x_wconf 88' lang='lat' dir='ltr'><strong><em>olio</em></strong></span> <span class='ocrx_word' id='word_1_60' title='bbox 255 1339 379 1396; x_wconf 86' lang='lat' dir='ltr'><strong><em>nemine</em></strong></span> <span class='ocrx_word' id='word_1_61' title='bbox 392 1335 517 1396; x_wconf 77' lang='lat' dir='ltr'><strong><em>Domini</em></strong></span> <span class='ocrx_word' id='word_1_62' title='bbox 535 1339 722 1416; x_wconf 82' lang='lat' dir='ltr'><strong><em>temporales,</em></strong></span> <span class='ocrx_word' id='word_1_63' title='bbox 740 1342 792 1420; x_wconf 75' lang='lat' dir='ltr'><strong><em>pei</em></strong></span> <span class='ocrx_word' id='word_1_64' title='bbox 804 1338 847 1399; x_wconf 92' lang='lat' dir='ltr'><strong><em>lo·</em></strong></span> 
     </span>
     <span class='ocr_line' id='line_1_10' title="bbox 13 1413 847 1488; baseline 0.008 -9"><span class='ocrx_word' id='word_1_65' title='bbox 13 1413 15 1434; x_wconf 83' lang='grc'><strong>’</strong></span> <span class='ocrx_word' id='word_1_66' title='bbox 65 1437 117 1480; x_wconf 75' lang='lat' dir='ltr'><strong><em>ren</em></strong></span> <span class='ocrx_word' id='word_1_67' title='bbox 128 1421 167 1482; x_wconf 89' lang='lat' dir='ltr'><strong><em>ad</em></strong></span> <span class='ocrx_word' id='word_1_68' title='bbox 180 1421 421 1485; x_wconf 84' lang='lat' dir='ltr'><strong><em>Monorneclriem</em></strong></span> <span class='ocrx_word' id='word_1_69' title='bbox 435 1427 467 1484; x_wconf 88' lang='lat' dir='ltr'><strong><em>in</em></strong></span> <span class='ocrx_word' id='word_1_70' title='bbox 479 1429 566 1485; x_wconf 82' lang='lat' dir='ltr'><strong><em>terrie</em></strong></span> <span class='ocrx_word' id='word_1_71' title='bbox 579 1430 641 1486; x_wconf 82' lang='lat' dir='ltr'><strong><em>suis</em></strong></span> <span class='ocrx_word' id='word_1_72' title='bbox 654 1430 733 1488; x_wconf 86' lang='lat' dir='ltr'><strong><em>inter</em></strong></span> <span class='ocrx_word' id='word_1_73' title='bbox 748 1425 847 1486; x_wconf 81' lang='lat' dir='ltr'><strong><em>Ciris·</em></strong></span> 
     </span>
     <span class='ocr_line' id='line_1_11' title="bbox 13 1511 843 1590; baseline 0.008 -23"><span class='ocrx_word' id='word_1_74' title='bbox 13 1517 15 1540; x_wconf 76' lang='lat'><strong>²</strong></span> <span class='ocrx_word' id='word_1_75' title='bbox 65 1511 146 1570; x_wconf 73' lang='lat' dir='ltr'><strong><em>tueor</em></strong></span> <span class='ocrx_word' id='word_1_76' title='bbox 157 1515 364 1588; x_wconf 72' lang='lat' dir='ltr'><strong><em>concesserint,</em></strong></span> <span class='ocrx_word' id='word_1_77' title='bbox 390 1531 423 1574; x_wconf 88' lang='lat' dir='ltr'><strong><em>eo</em></strong></span> <span class='ocrx_word' id='word_1_78' title='bbox 437 1515 502 1590; x_wconf 84' lang='lat' dir='ltr'><strong><em>ipso</em></strong></span> <span class='ocrx_word' id='word_1_79' title='bbox 514 1517 574 1574; x_wconf 82' lang='lat' dir='ltr'><strong><em>siret</em></strong></span> <span class='ocrx_word' id='word_1_80' title='bbox 586 1517 843 1590; x_wconf 76' lang='lat' dir='ltr'><strong><em>excommunicari,</em></strong></span> 
     </span>
     <span class='ocr_line' id='line_1_12' title="bbox 13 1543 849 1675; baseline 0.007 -21"><span class='ocrx_word' id='word_1_81' title='bbox 13 1543 16 1672; x_wconf 61' lang='grc' dir='ltr'>Ι</span> <span class='ocrx_word' id='word_1_82' title='bbox 64 1611 92 1654; x_wconf 87' lang='lat' dir='ltr'><strong><em>ar</em></strong></span> <span class='ocrx_word' id='word_1_83' title='bbox 103 1596 311 1671; x_wconf 73' lang='lat' dir='ltr'><strong><em>jurisdictione</em></strong></span> <span class='ocrx_word' id='word_1_84' title='bbox 330 1605 359 1660; x_wconf 91' lang='lat' dir='ltr'><strong><em>et</em></strong></span> <span class='ocrx_word' id='word_1_85' title='bbox 381 1600 513 1662; x_wconf 84' lang='lat' dir='ltr'><strong><em>dominio</em></strong></span> <span class='ocrx_word' id='word_1_86' title='bbox 535 1604 673 1675; x_wconf 84' lang='lat' dir='ltr'><strong><em>civitatis,</em></strong></span> <span class='ocrx_word' id='word_1_87' title='bbox 690 1605 781 1664; x_wconf 86' lang='lat' dir='ltr'><strong><em>rostri</em></strong></span> <span class='ocrx_word' id='word_1_88' title='bbox 794 1606 849 1662; x_wconf 85' lang='lat' dir='ltr'><strong><em>ent</em></strong></span> 
     </span>
     <span class='ocr_line' id='line_1_13' title="bbox 13 1675 849 1776; baseline 0.01 -35"><span class='ocrx_word' id='word_1_89' title='bbox 13 1675 17 1776; x_wconf 63' lang='lat' dir='ltr'><strong><em>t</em></strong></span> <span class='ocrx_word' id='word_1_90' title='bbox 62 1681 119 1753; x_wconf 76' lang='lat' dir='ltr'><strong><em>eci,</em></strong></span> <span class='ocrx_word' id='word_1_91' title='bbox 134 1687 164 1748; x_wconf 87' lang='lat' dir='ltr'><strong><em>in</em></strong></span> <span class='ocrx_word' id='word_1_92' title='bbox 175 1703 234 1766; x_wconf 75' lang='lat' dir='ltr'><strong><em>ouo</em></strong></span> <span class='ocrx_word' id='word_1_93' title='bbox 247 1687 299 1748; x_wconf 85' lang='lat' dir='ltr'><strong><em>ael</em></strong></span> <span class='ocrx_word' id='word_1_94' title='bbox 313 1688 399 1766; x_wconf 81' lang='lat' dir='ltr'><strong><em>opud</em></strong></span> <span class='ocrx_word' id='word_1_95' title='bbox 412 1704 498 1768; x_wconf 82' lang='lat' dir='ltr'><strong><em>quem</em></strong></span> <span class='ocrx_word' id='word_1_96' title='bbox 511 1688 646 1750; x_wconf 83' lang='lat' dir='ltr'><strong><em>duellem</em></strong></span> <span class='ocrx_word' id='word_1_97' title='bbox 657 1691 729 1768; x_wconf 77' lang='lat' dir='ltr'><strong><em>fieri</em></strong></span> <span class='ocrx_word' id='word_1_98' title='bbox 736 1691 849 1768; x_wconf 91' lang='lat' dir='ltr'><strong><em>permi-</em></strong></span> 
     </span>
     <span class='ocr_line' id='line_1_14' title="bbox 13 1774 848 1862; baseline 0.008 -30"><span class='ocrx_word' id='word_1_99' title='bbox 13 1779 16 1862; x_wconf 62' lang='lat' dir='ltr'><strong><em>t</em></strong></span> <span class='ocrx_word' id='word_1_100' title='bbox 63 1775 149 1847; x_wconf 73' lang='lat' dir='ltr'><strong><em>enat,</em></strong></span> <span class='ocrx_word' id='word_1_101' title='bbox 172 1774 255 1854; x_wconf 79' lang='lat' dir='ltr'><strong><em>qnod</em></strong></span> <span class='ocrx_word' id='word_1_102' title='bbox 273 1777 315 1837; x_wconf 82' lang='lat' dir='ltr'><strong><em>ab</em></strong></span> <span class='ocrx_word' id='word_1_103' title='bbox 329 1775 461 1838; x_wconf 79' lang='lat' dir='ltr'><strong><em>Ecclesia</em></strong></span> <span class='ocrx_word' id='word_1_104' title='bbox 475 1777 618 1852; x_wconf 80' lang='lat' dir='ltr'><strong><em>obtinent,</em></strong></span> <span class='ocrx_word' id='word_1_105' title='bbox 633 1781 751 1856; x_wconf 89' lang='lat' dir='ltr'><strong><em>prieoti</em></strong></span> <span class='ocrx_word' id='word_1_106' title='bbox 765 1779 848 1839; x_wconf 85' lang='lat' dir='ltr'><strong><em>intel-</em></strong></span> 
     </span>
     <span class='ocr_line' id='line_1_15' title="bbox 13 1859 849 1950; baseline 0.005 -28"><span class='ocrx_word' id='word_1_107' title='bbox 13 1865 15 1950; x_wconf 50' lang='lat' dir='ltr'><strong><em>l</em></strong></span> <span class='ocrx_word' id='word_1_108' title='bbox 63 1859 182 1939; x_wconf 67' lang='lat' dir='ltr'><strong><em>linantur</em></strong></span> <span class='ocrx_word' id='word_1_109' title='bbox 190 1882 205 1940; x_wconf 87' lang='lat'><strong><em>,·</em></strong></span> <span class='ocrx_word' id='word_1_110' title='bbox 227 1867 259 1924; x_wconf 86' lang='lat' dir='ltr'><strong><em>et</em></strong></span> <span class='ocrx_word' id='word_1_111' title='bbox 282 1867 312 1924; x_wconf 88' lang='lat' dir='ltr'><strong><em>si</em></strong></span> <span class='ocrx_word' id='word_1_112' title='bbox 333 1862 472 1944; x_wconf 74' lang='lat' dir='ltr'><strong><em>sedete</em></strong></span> <span class='ocrx_word' id='word_1_113' title='bbox 485 1869 558 1940; x_wconf 87' lang='lat' dir='ltr'><strong><em>sint,</em></strong></span> <span class='ocrx_word' id='word_1_114' title='bbox 582 1867 700 1928; x_wconf 84' lang='lat' dir='ltr'><strong><em>directis</em></strong></span> <span class='ocrx_word' id='word_1_115' title='bbox 713 1868 849 1928; x_wconf 88' lang='lat' dir='ltr'><strong><em>Dominis</em></strong></span> 
     </span>
     <span class='ocr_line' id='line_1_16' title="bbox 13 1951 848 2035; baseline 0.01 -27"><span class='ocrx_word' id='word_1_116' title='bbox 13 1953 14 2018; x_wconf 69' lang='lat' dir='ltr'>j</span> <span class='ocrx_word' id='word_1_117' title='bbox 63 1951 149 2010; x_wconf 83' lang='lat' dir='ltr'><strong><em>statim</em></strong></span> <span class='ocrx_word' id='word_1_118' title='bbox 160 1953 373 2031; x_wconf 70' lang='lat' dir='ltr'><strong><em>acquirentes,</em></strong></span> <span class='ocrx_word' id='word_1_119' title='bbox 395 1956 457 2028; x_wconf 76' lang='lat' dir='ltr'><strong><em>(tei</em></strong></span> <span class='ocrx_word' id='word_1_120' title='bbox 469 1971 538 2015; x_wconf 86' lang='lat' dir='ltr'><strong><em>ocra</em></strong></span> <span class='ocrx_word' id='word_1_121' title='bbox 550 1973 685 2035; x_wconf 75' lang='lat' dir='ltr'><strong><em>paenam</em></strong></span> <span class='ocrx_word' id='word_1_122' title='bbox 697 1959 848 2016; x_wconf 89' lang='lat' dir='ltr'><strong><em>commise-</em></strong></span> 
     </span>
     <span class='ocr_line' id='line_1_17' title="bbox 63 2037 849 2118; baseline 0.005 -19.761"><span class='ocrx_word' id='word_1_123' title='bbox 63 2037 215 2117; x_wconf 82' lang='lat' dir='ltr'><strong><em>risteiqar&#39;</em></strong></span> <span class='ocrx_word' id='word_1_124' title='bbox 235 2057 345 2102; x_wconf 84' lang='lat' dir='ltr'><strong><em>eorem</em></strong></span> <span class='ocrx_word' id='word_1_125' title='bbox 365 2041 490 2102; x_wconf 75' lang='lat' dir='ltr'><strong><em>Petrina·</em></strong></span> <span class='ocrx_word' id='word_1_126' title='bbox 507 2048 665 2118; x_wconf 78' lang='lat' dir='ltr'><strong><em>cometes,</em></strong></span> <span class='ocrx_word' id='word_1_127' title='bbox 683 2059 849 2104; x_wconf 77' lang='lat' dir='ltr'><strong><em>recomme-</em></strong></span> 
     </span>
     <span class='ocr_line' id='line_1_18' title="bbox 13 2127 847 2210; baseline 0.012 -25"><span class='ocrx_word' id='word_1_128' title='bbox 13 2131 15 2156; x_wconf 67' lang='lat'>³</span> <span class='ocrx_word' id='word_1_129' title='bbox 64 2127 212 2203; x_wconf 61' lang='lat' dir='ltr'><strong><em>Muris,</em></strong></span> <span class='ocrx_word' id='word_1_130' title='bbox 240 2145 277 2188; x_wconf 92' lang='lat' dir='ltr'><strong><em>ac</em></strong></span> <span class='ocrx_word' id='word_1_131' title='bbox 295 2133 431 2190; x_wconf 84' lang='lat' dir='ltr'><strong><em>amntem</em></strong></span> <span class='ocrx_word' id='word_1_132' title='bbox 445 2130 590 2192; x_wconf 83' lang='lat' dir='ltr'><strong><em>bonorem</em></strong></span> <span class='ocrx_word' id='word_1_133' title='bbox 608 2135 847 2210; x_wconf 72' lang='lat' dir='ltr'><strong><em>perceptione,</em></strong></span> 
     </span>
     <span class='ocr_line' id='line_1_19' title="bbox 64 2214 850 2298; baseline 0.009 -26"><span class='ocrx_word' id='word_1_134' title='bbox 64 2228 92 2272; x_wconf 87' lang='lat' dir='ltr'><strong><em>ec</em></strong></span> <span class='ocrx_word' id='word_1_135' title='bbox 104 2219 254 2292; x_wconf 79' lang='lat' dir='ltr'><strong><em>perpetiere</em></strong></span> <span class='ocrx_word' id='word_1_136' title='bbox 278 2214 421 2294; x_wconf 78' lang='lat' dir='ltr'><strong><em>infamiae</em></strong></span> <span class='ocrx_word' id='word_1_137' title='bbox 438 2235 561 2298; x_wconf 76' lang='lat' dir='ltr'><strong><em>penem</em></strong></span> <span class='ocrx_word' id='word_1_138' title='bbox 584 2217 740 2280; x_wconf 85' lang='lat' dir='ltr'><strong><em>incurrent</em></strong></span> <span class='ocrx_word' id='word_1_139' title='bbox 762 2225 792 2279; x_wconf 88' lang='lat' dir='ltr'><strong><em>et</em></strong></span> <span class='ocrx_word' id='word_1_140' title='bbox 815 2224 850 2279; x_wconf 83' lang='lat' dir='ltr'><strong><em>ut</em></strong></span> 
     </span>
     <span class='ocr_line' id='line_1_20' title="bbox 64 2298 847 2384; baseline 0.011 -24"><span class='ocrx_word' id='word_1_141' title='bbox 64 2298 200 2364; x_wconf 77' lang='lat' dir='ltr'><strong><em>irniside</em></strong></span> <span class='ocrx_word' id='word_1_142' title='bbox 213 2304 320 2378; x_wconf 77' lang='lat' dir='ltr'><strong><em>jueta</em></strong></span> <span class='ocrx_word' id='word_1_143' title='bbox 338 2322 435 2366; x_wconf 87' lang='lat' dir='ltr'><strong><em>sacros</em></strong></span> <span class='ocrx_word' id='word_1_144' title='bbox 449 2305 582 2367; x_wconf 81' lang='lat' dir='ltr'><strong><em>Cenorres</em></strong></span> <span class='ocrx_word' id='word_1_145' title='bbox 593 2310 703 2384; x_wconf 80' lang='lat' dir='ltr'><strong><em>puniri</em></strong></span> <span class='ocrx_word' id='word_1_146' title='bbox 715 2307 847 2382; x_wconf 65' lang='lat' dir='ltr'><strong><em>mamni,</em></strong></span> 
     </span>
     <span class='ocr_line' id='line_1_21' title="bbox 64 2390 852 2473; baseline 0.009 -24"><span class='ocrx_word' id='word_1_147' title='bbox 64 2391 127 2450; x_wconf 83' lang='lat' dir='ltr'><strong><em>etin</em></strong></span> <span class='ocrx_word' id='word_1_148' title='bbox 138 2394 198 2468; x_wconf 86' lang='lat' dir='ltr'><strong><em>ipso</em></strong></span> <span class='ocrx_word' id='word_1_149' title='bbox 210 2390 357 2470; x_wconf 76' lang='lat' dir='ltr'><strong><em>conflicta</em></strong></span> <span class='ocrx_word' id='word_1_150' title='bbox 369 2393 554 2470; x_wconf 73' lang='lat' dir='ltr'><strong><em>decemmint,</em></strong></span> <span class='ocrx_word' id='word_1_151' title='bbox 572 2400 715 2473; x_wconf 86' lang='lat' dir='ltr'><strong><em>perpetno</em></strong></span> <span class='ocrx_word' id='word_1_152' title='bbox 727 2400 852 2456; x_wconf 86' lang='lat' dir='ltr'><strong><em>careant</em></strong></span> 
     </span>
     <span class='ocr_line' id='line_1_22' title="bbox 64 2476 849 2562; baseline 0.004 -23"><span class='ocrx_word' id='word_1_153' title='bbox 64 2476 253 2540; x_wconf 68' lang='lat' dir='ltr'><strong><em>Mcimtiee</em></strong></span> <span class='ocrx_word' id='word_1_154' title='bbox 275 2480 447 2558; x_wconf 77' lang='lat' dir='ltr'><strong><em>sepultura.</em></strong></span> <span class='ocrx_word' id='word_1_155' title='bbox 471 2481 535 2543; x_wconf 88' lang='lat' dir='ltr'><strong><em>Ille</em></strong></span> <span class='ocrx_word' id='word_1_156' title='bbox 558 2486 659 2557; x_wconf 87' lang='lat' dir='ltr'><strong><em>etiam,</em></strong></span> <span class='ocrx_word' id='word_1_157' title='bbox 687 2486 740 2562; x_wconf 83' lang='lat' dir='ltr'><strong><em>qni</em></strong></span> <span class='ocrx_word' id='word_1_158' title='bbox 757 2485 849 2543; x_wconf 70' lang='lat' dir='ltr'><strong><em>cone·</em></strong></span> 
     </span>
     <span class='ocr_line' id='line_1_23' title="bbox 64 2563 850 2650; baseline 0.005 -25"><span class='ocrx_word' id='word_1_159' title='bbox 64 2563 128 2626; x_wconf 80' lang='lat' dir='ltr'><strong><em>liert</em></strong></span> <span class='ocrx_word' id='word_1_160' title='bbox 148 2569 179 2626; x_wconf 79' lang='lat' dir='ltr'><strong><em>in</em></strong></span> <span class='ocrx_word' id='word_1_161' title='bbox 198 2583 295 2627; x_wconf 84' lang='lat' dir='ltr'><strong><em>censa</em></strong></span> <span class='ocrx_word' id='word_1_162' title='bbox 308 2567 415 2644; x_wconf 80' lang='lat' dir='ltr'><strong><em>ceettt,</em></strong></span> <span class='ocrx_word' id='word_1_163' title='bbox 440 2575 502 2630; x_wconf 90' lang='lat' dir='ltr'><strong><em>tem</em></strong></span> <span class='ocrx_word' id='word_1_164' title='bbox 516 2573 549 2630; x_wconf 87' lang='lat' dir='ltr'><strong><em>tn</em></strong></span> <span class='ocrx_word' id='word_1_165' title='bbox 560 2570 646 2647; x_wconf 84' lang='lat' dir='ltr'><strong><em>jnre,</em></strong></span> <span class='ocrx_word' id='word_1_166' title='bbox 666 2569 850 2650; x_wconf 82' lang='lat' dir='ltr'><strong><em>quemfacta</em></strong></span> 
     </span>
     <span class='ocr_line' id='line_1_24' title="bbox 63 2652 852 2738; baseline 0.004 -25"><span class='ocrx_word' id='word_1_167' title='bbox 63 2652 194 2729; x_wconf 68' lang='lat' dir='ltr'><strong><em>Meet,</em></strong></span> <span class='ocrx_word' id='word_1_168' title='bbox 223 2659 284 2715; x_wconf 83' lang='lat' dir='ltr'><strong><em>aet</em></strong></span> <span class='ocrx_word' id='word_1_169' title='bbox 307 2655 374 2716; x_wconf 86' lang='lat' dir='ltr'><strong><em>alia</em></strong></span> <span class='ocrx_word' id='word_1_170' title='bbox 399 2673 586 2738; x_wconf 71' lang='lat' dir='ltr'><strong><em>precemque</em></strong></span> <span class='ocrx_word' id='word_1_171' title='bbox 611 2663 728 2718; x_wconf 86' lang='lat' dir='ltr'><strong><em>ratione</em></strong></span> <span class='ocrx_word' id='word_1_172' title='bbox 754 2657 796 2718; x_wconf 83' lang='lat' dir='ltr'><strong><em>ad</em></strong></span> <span class='ocrx_word' id='word_1_173' title='bbox 817 2656 852 2716; x_wconf 80' lang='lat' dir='ltr'><strong><em>iel</em></strong></span> 
     </span>
     <span class='ocr_line' id='line_1_25' title="bbox 64 2745 849 2822; baseline 0.008 -22"><span class='ocrx_word' id='word_1_174' title='bbox 64 2755 223 2820; x_wconf 62' lang='lat' dir='ltr'><strong><em>mannam</em></strong></span> <span class='ocrx_word' id='word_1_175' title='bbox 245 2745 420 2818; x_wconf 77' lang='lat' dir='ltr'><strong><em>suaserint,</em></strong></span> <span class='ocrx_word' id='word_1_176' title='bbox 445 2761 557 2804; x_wconf 89' lang='lat' dir='ltr'><strong><em>necnon</em></strong></span> <span class='ocrx_word' id='word_1_177' title='bbox 576 2750 769 2822; x_wconf 87' lang='lat' dir='ltr'><strong><em>spectatores,</em></strong></span> <span class='ocrx_word' id='word_1_178' title='bbox 794 2760 849 2806; x_wconf 82' lang='lat' dir='ltr'><strong><em>ee·</em></strong></span> 
     </span>
     <span class='ocr_line' id='line_1_26' title="bbox 63 2831 851 2910; baseline 0.008 -20"><span class='ocrx_word' id='word_1_179' title='bbox 63 2832 338 2900; x_wconf 68' lang='lat' dir='ltr'><strong><em>mercationis,</em></strong></span> <span class='ocrx_word' id='word_1_180' title='bbox 354 2838 552 2910; x_wconf 84' lang='lat' dir='ltr'><strong><em>erperpetncc</em></strong></span> <span class='ocrx_word' id='word_1_181' title='bbox 564 2831 851 2896; x_wconf 84' lang='lat' dir='ltr'><strong><em>meledictionisoin·</em></strong></span> 
     </span>
     <span class='ocr_line' id='line_1_27' title="bbox 64 2914 850 3000; baseline 0.009 -25"><span class='ocrx_word' id='word_1_182' title='bbox 64 2914 303 2993; x_wconf 60' lang='lat' dir='ltr'><strong><em>manenter,</em></strong></span> <span class='ocrx_word' id='word_1_183' title='bbox 330 2920 739 3000; x_wconf 80' lang='lat' dir='ltr'><strong><em>nonobstanteqeocemqnc</em></strong></span> <span class='ocrx_word' id='word_1_184' title='bbox 754 2924 850 2999; x_wconf 86' lang='lat' dir='ltr'><strong><em>prici-</em></strong></span> 
     </span>
     <span class='ocr_line' id='line_1_28' title="bbox 64 3001 854 3086; baseline 0.003 -18"><span class='ocrx_word' id='word_1_185' title='bbox 64 3001 137 3081; x_wconf 75' lang='lat' dir='ltr'><strong><em>leaio,</em></strong></span> <span class='ocrx_word' id='word_1_186' title='bbox 152 3023 206 3068; x_wconf 82' lang='lat' dir='ltr'><strong><em>seu</em></strong></span> <span class='ocrx_word' id='word_1_187' title='bbox 221 3025 328 3086; x_wconf 87' lang='lat' dir='ltr'><strong><em>precra</em></strong></span> <span class='ocrx_word' id='word_1_188' title='bbox 349 3009 574 3078; x_wconf 77' lang='lat' dir='ltr'><strong><em>consuetudine,</em></strong></span> <span class='ocrx_word' id='word_1_189' title='bbox 597 3009 687 3069; x_wconf 88' lang='lat' dir='ltr'><strong><em>etiam</em></strong></span> <span class='ocrx_word' id='word_1_190' title='bbox 700 3009 854 3070; x_wconf 83' lang='lat' dir='ltr'><strong><em>immemo-</em></strong></span> 
     </span>
     <span class='ocr_line' id='line_1_29' title="bbox 63 3089 852 3176; baseline 0.009 -25"><span class='ocrx_word' id='word_1_191' title='bbox 63 3089 147 3151; x_wconf 74' lang='lat' dir='ltr'><strong><em>rnen</em></strong></span> <span class='ocrx_word' id='word_1_192' title='bbox 173 3095 250 3154; x_wconf 80' lang='lat' dir='ltr'><strong><em>Ilaec</em></strong></span> <span class='ocrx_word' id='word_1_193' title='bbox 266 3098 379 3173; x_wconf 85' lang='lat' dir='ltr'><strong><em>pastea</em></strong></span> <span class='ocrx_word' id='word_1_194' title='bbox 396 3094 561 3156; x_wconf 83' lang='lat' dir='ltr'><strong><em>renovavit</em></strong></span> <span class='ocrx_word' id='word_1_195' title='bbox 578 3099 650 3156; x_wconf 82' lang='lat' dir='ltr'><strong><em>Pius</em></strong></span> <span class='ocrx_word' id='word_1_196' title='bbox 664 3096 727 3172; x_wconf 89' lang='lat' dir='ltr'><strong><em>IV,·</em></strong></span> <span class='ocrx_word' id='word_1_197' title='bbox 741 3100 852 3176; x_wconf 78' lang='lat' dir='ltr'><strong><em>praete-</em></strong></span> 
     </span>
     <span class='ocr_line' id='line_1_30' title="bbox 65 3179 850 3260; baseline 0.004 -22"><span class='ocrx_word' id='word_1_198' title='bbox 65 3191 110 3238; x_wconf 86' lang='lat' dir='ltr'><strong><em>ree</em></strong></span> <span class='ocrx_word' id='word_1_199' title='bbox 122 3179 286 3260; x_wconf 78' lang='lat' dir='ltr'><strong><em>Greporirss</em></strong></span> <span class='ocrx_word' id='word_1_200' title='bbox 306 3181 394 3244; x_wconf 83' lang='lat' dir='ltr'><strong><em>XIII</em></strong></span> <span class='ocrx_word' id='word_1_201' title='bbox 412 3185 444 3243; x_wconf 90' lang='lat' dir='ltr'><strong><em>et</em></strong></span> <span class='ocrx_word' id='word_1_202' title='bbox 464 3182 597 3244; x_wconf 78' lang='lat' dir='ltr'><strong><em>Clemens</em></strong></span> <span class='ocrx_word' id='word_1_203' title='bbox 615 3183 700 3260; x_wconf 86' lang='lat' dir='ltr'><strong><em>VIII,</em></strong></span> <span class='ocrx_word' id='word_1_204' title='bbox 717 3183 850 3244; x_wconf 83' lang='lat' dir='ltr'><strong><em>eumden</em></strong></span> 
     </span>
     <span class='ocr_line' id='line_1_31' title="bbox 65 3269 853 3351; baseline 0.001 -21"><span class='ocrx_word' id='word_1_205' title='bbox 65 3281 177 3342; x_wconf 76' lang='lat' dir='ltr'><strong><em>punam</em></strong></span> <span class='ocrx_word' id='word_1_206' title='bbox 198 3269 416 3332; x_wconf 85' lang='lat' dir='ltr'><strong><em>extenderunt</em></strong></span> <span class='ocrx_word' id='word_1_207' title='bbox 437 3270 478 3332; x_wconf 87' lang='lat' dir='ltr'><strong><em>ed</em></strong></span> <span class='ocrx_word' id='word_1_208' title='bbox 500 3271 649 3351; x_wconf 78' lang='lat' dir='ltr'><strong><em>quelibet</em></strong></span> <span class='ocrx_word' id='word_1_209' title='bbox 670 3271 776 3332; x_wconf 88' lang='lat' dir='ltr'><strong><em>duella</em></strong></span> <span class='ocrx_word' id='word_1_210' title='bbox 788 3271 853 3349; x_wconf 90' lang='lat' dir='ltr'><strong><em>pri-</em></strong></span> 
     </span>
     <span class='ocr_line' id='line_1_32' title="bbox 66 3355 853 3438; baseline 0.005 -22"><span class='ocrx_word' id='word_1_211' title='bbox 66 3355 129 3416; x_wconf 76' lang='lat' dir='ltr'><strong><em>van</em></strong></span> <span class='ocrx_word' id='word_1_212' title='bbox 144 3359 174 3418; x_wconf 87' lang='lat' dir='ltr'><strong><em>et</em></strong></span> <span class='ocrx_word' id='word_1_213' title='bbox 193 3357 431 3420; x_wconf 81' lang='lat' dir='ltr'><strong><em>absulutionem</em></strong></span> <span class='ocrx_word' id='word_1_214' title='bbox 446 3377 466 3420; x_wconf 85' lang='lat' dir='ltr'><strong><em>a</em></strong></span> <span class='ocrx_word' id='word_1_215' title='bbox 479 3377 615 3420; x_wconf 86' lang='lat' dir='ltr'><strong><em>censura</em></strong></span> <span class='ocrx_word' id='word_1_216' title='bbox 628 3358 702 3422; x_wconf 90' lang='lat' dir='ltr'><strong><em>Sedi</em></strong></span> <span class='ocrx_word' id='word_1_217' title='bbox 722 3361 853 3438; x_wconf 81' lang='lat' dir='ltr'><strong><em>Aposto-</em></strong></span> 
     </span>
     <span class='ocr_line' id='line_1_33' title="bbox 64 3434 854 3526; baseline 0.006 -26"><span class='ocrx_word' id='word_1_218' title='bbox 64 3434 395 3506; x_wconf 61' lang='lat' dir='ltr'><strong><em>terminantium</em></strong></span> <span class='ocrx_word' id='word_1_219' title='bbox 407 3443 554 3518; x_wconf 82' lang='lat' dir='ltr'><strong><em>Clemens3</em></strong></span> <span class='ocrx_word' id='word_1_220' title='bbox 568 3444 703 3526; x_wconf 86' lang='lat' dir='ltr'><strong><em>denique</em></strong></span> <span class='ocrx_word' id='word_1_221' title='bbox 719 3465 756 3506; x_wconf 86' lang='lat' dir='ltr'><strong><em>cx</em></strong></span> <span class='ocrx_word' id='word_1_222' title='bbox 769 3464 795 3506; x_wconf 90' lang='lat' dir='ltr'><strong><em>a.</em></strong></span> <span class='ocrx_word' id='word_1_223' title='bbox 810 3447 854 3506; x_wconf 86' lang='lat' dir='ltr'><strong><em>De</em></strong></span> 
     </span>
     <span class='ocr_line' id='line_1_34' title="bbox 66 3522 850 3612; baseline 0.01 -24"><span class='ocrx_word' id='word_1_224' title='bbox 66 3522 170 3589; x_wconf 83' lang='lat' dir='ltr'><strong><em>Clericis</em></strong></span> <span class='ocrx_word' id='word_1_225' title='bbox 188 3533 407 3610; x_wconf 70' lang='lat' dir='ltr'><strong><em>preeuntibus</em></strong></span> <span class='ocrx_word' id='word_1_226' title='bbox 434 3537 468 3593; x_wconf 90' lang='lat' dir='ltr'><strong><em>in</em></strong></span> <span class='ocrx_word' id='word_1_227' title='bbox 489 3533 601 3612; x_wconf 75' lang='lat' dir='ltr'><strong><em>dndlo,</em></strong></span> <span class='ocrx_word' id='word_1_228' title='bbox 626 3534 719 3595; x_wconf 88' lang='lat' dir='ltr'><strong><em>docet</em></strong></span> <span class='ocrx_word' id='word_1_229' title='bbox 744 3534 850 3612; x_wconf 79' lang='lat' dir='ltr'><strong><em>Iteein.</em></strong></span> 
     </span>
     <span class='ocr_line' id='line_1_35' title="bbox 65 3617 854 3701; baseline 0.011 -27"><span class='ocrx_word' id='word_1_230' title='bbox 65 3631 92 3674; x_wconf 82' lang='lat' dir='ltr'><strong><em>e.</em></strong></span> <span class='ocrx_word' id='word_1_231' title='bbox 104 3617 149 3692; x_wconf 80' lang='lat' dir='ltr'><strong><em>m,</em></strong></span> <span class='ocrx_word' id='word_1_232' title='bbox 165 3634 290 3696; x_wconf 85' lang='lat' dir='ltr'><strong><em>omnes,</em></strong></span> <span class='ocrx_word' id='word_1_233' title='bbox 315 3619 369 3700; x_wconf 86' lang='lat' dir='ltr'><strong><em>qui</em></strong></span> <span class='ocrx_word' id='word_1_234' title='bbox 384 3620 580 3701; x_wconf 79' lang='lat' dir='ltr'><strong><em>praecipiunt,</em></strong></span> <span class='ocrx_word' id='word_1_235' title='bbox 606 3622 782 3699; x_wconf 89' lang='lat' dir='ltr'><strong><em>consulunt,</em></strong></span> <span class='ocrx_word' id='word_1_236' title='bbox 800 3621 854 3683; x_wconf 89' lang='lat' dir='ltr'><strong><em>de·</em></strong></span> 
     </span>
     <span class='ocr_line' id='line_1_36' title="bbox 65 3698 854 3786; baseline 0.008 -22"><span class='ocrx_word' id='word_1_237' title='bbox 65 3698 182 3768; x_wconf 64' lang='lat' dir='ltr'><strong><em>endunt</em></strong></span> <span class='ocrx_word' id='word_1_238' title='bbox 203 3711 386 3785; x_wconf 75' lang='lat' dir='ltr'><strong><em>pugnantes</em></strong></span> <span class='ocrx_word' id='word_1_239' title='bbox 408 3707 440 3768; x_wconf 90' lang='lat' dir='ltr'><strong><em>in</em></strong></span> <span class='ocrx_word' id='word_1_240' title='bbox 455 3726 504 3786; x_wconf 90' lang='lat' dir='ltr'><strong><em>eo,</em></strong></span> <span class='ocrx_word' id='word_1_241' title='bbox 521 3708 547 3770; x_wconf 88' lang='lat' dir='ltr'><strong><em>si</em></strong></span> <span class='ocrx_word' id='word_1_242' title='bbox 563 3708 781 3786; x_wconf 87' lang='lat' dir='ltr'><strong><em>homicidium,</em></strong></span> <span class='ocrx_word' id='word_1_243' title='bbox 804 3708 854 3770; x_wconf 87' lang='lat' dir='ltr'><strong><em>vel</em></strong></span> 
     </span>
     <span class='ocr_line' id='line_1_37' title="bbox 66 3789 856 3876; baseline 0.01 -27"><span class='ocrx_word' id='word_1_244' title='bbox 66 3789 205 3854; x_wconf 69' lang='lat' dir='ltr'><strong><em>antistio</em></strong></span> <span class='ocrx_word' id='word_1_245' title='bbox 234 3798 399 3874; x_wconf 82' lang='lat' dir='ltr'><strong><em>sequntur,</em></strong></span> <span class='ocrx_word' id='word_1_246' title='bbox 436 3815 505 3858; x_wconf 87' lang='lat' dir='ltr'><strong><em>csse</em></strong></span> <span class='ocrx_word' id='word_1_247' title='bbox 535 3796 735 3876; x_wconf 82' lang='lat' dir='ltr'><strong><em>irregulares.</em></strong></span> <span class='ocrx_word' id='word_1_248' title='bbox 765 3796 856 3859; x_wconf 84' lang='lat' dir='ltr'><strong><em>Circe</em></strong></span> 
     </span>
     <span class='ocr_line' id='line_1_38' title="bbox 67 3873 702 3947; baseline 0.011 -7"><span class='ocrx_word' id='word_1_249' title='bbox 67 3873 123 3940; x_wconf 77' lang='lat' dir='ltr'><strong><em>huo</em></strong></span> <span class='ocrx_word' id='word_1_250' title='bbox 134 3885 242 3942; x_wconf 76' lang='lat' dir='ltr'><strong><em>tamur</em></strong></span> <span class='ocrx_word' id='word_1_251' title='bbox 256 3883 409 3944; x_wconf 90' lang='lat' dir='ltr'><strong><em>nonnulla</em></strong></span> <span class='ocrx_word' id='word_1_252' title='bbox 422 3888 496 3946; x_wconf 89' lang='lat' dir='ltr'><strong><em>sunt</em></strong></span> <span class='ocrx_word' id='word_1_253' title='bbox 508 3884 702 3947; x_wconf 82' lang='lat' dir='ltr'><strong><em>annotanda.</em></strong></span> 
     </span>
    </p>

    <p class='ocr_par' dir='ltr' id='par_1_3' title="bbox 67 3967 856 5281">
     <span class='ocr_line' id='line_1_39' title="bbox 98 3967 856 4052; baseline 0.009 -23"><span class='ocrx_word' id='word_1_254' title='bbox 98 3967 151 4044; x_wconf 67' lang='lat' dir='ltr'><strong><em>ll.</em></strong></span> <span class='ocrx_word' id='word_1_255' title='bbox 175 3969 481 4048; x_wconf 61' lang='lat' dir='ltr'><strong><em>recommunicare,</em></strong></span> <span class='ocrx_word' id='word_1_256' title='bbox 506 3989 575 4052; x_wconf 83' lang='lat' dir='ltr'><strong><em>quae</em></strong></span> <span class='ocrx_word' id='word_1_257' title='bbox 599 3972 782 4042; x_wconf 84' lang='lat' dir='ltr'><strong><em>incurrItnr,</em></strong></span> <span class='ocrx_word' id='word_1_258' title='bbox 809 3978 856 4036; x_wconf 87' lang='lat' dir='ltr'><strong><em>eet</em></strong></span> 
     </span>
     <span class='ocr_line' id='line_1_40' title="bbox 67 4049 856 4136; baseline 0.008 -18"><span class='ocrx_word' id='word_1_259' title='bbox 67 4049 127 4118; x_wconf 70' lang='lat' dir='ltr'><strong><em>ltin</em></strong></span> <span class='ocrx_word' id='word_1_260' title='bbox 149 4059 328 4136; x_wconf 70' lang='lat' dir='ltr'><strong><em>serenae,</em></strong></span> <span class='ocrx_word' id='word_1_261' title='bbox 360 4059 404 4122; x_wconf 89' lang='lat' dir='ltr'><strong><em>uti</em></strong></span> <span class='ocrx_word' id='word_1_262' title='bbox 427 4079 500 4122; x_wconf 92' lang='lat' dir='ltr'><strong><em>cum</em></strong></span> <span class='ocrx_word' id='word_1_263' title='bbox 521 4060 682 4124; x_wconf 91' lang='lat' dir='ltr'><strong><em>communi</em></strong></span> <span class='ocrx_word' id='word_1_264' title='bbox 707 4063 798 4125; x_wconf 78' lang='lat' dir='ltr'><strong><em>Suae.</em></strong></span> <span class='ocrx_word' id='word_1_265' title='bbox 824 4069 856 4124; x_wconf 89' lang='lat' dir='ltr'><strong><em>et</em></strong></span> 
     </span>
     <span class='ocr_line' id='line_1_41' title="bbox 68 4139 852 4228; baseline 0.01 -24"><span class='ocrx_word' id='word_1_266' title='bbox 68 4139 178 4217; x_wconf 67' lang='lat' dir='ltr'><strong><em>Sunclu</em></strong></span> <span class='ocrx_word' id='word_1_267' title='bbox 203 4165 236 4208; x_wconf 86' lang='lat' dir='ltr'><strong><em>rr.</em></strong></span> <span class='ocrx_word' id='word_1_268' title='bbox 262 4149 322 4221; x_wconf 73' lang='lat'><strong><em>263</em></strong></span> <span class='ocrx_word' id='word_1_269' title='bbox 338 4146 500 4210; x_wconf 90' lang='lat' dir='ltr'><strong><em>incurrent</em></strong></span> <span class='ocrx_word' id='word_1_270' title='bbox 516 4154 625 4212; x_wconf 85' lang='lat' dir='ltr'><strong><em>eutem</em></strong></span> <span class='ocrx_word' id='word_1_271' title='bbox 648 4167 852 4228; x_wconf 73' lang='lat' dir='ltr'><strong><em>enimomnes,</em></strong></span> 
     </span>
     <span class='ocr_line' id='line_1_42' title="bbox 70 4226 856 4319; baseline 0.011 -28"><span class='ocrx_word' id='word_1_272' title='bbox 70 4226 280 4312; x_wconf 76' lang='lat' dir='ltr'><strong><em>quiiuellout,</em></strong></span> <span class='ocrx_word' id='word_1_273' title='bbox 304 4241 489 4315; x_wconf 83' lang='lat' dir='ltr'><strong><em>provocant,</em></strong></span> <span class='ocrx_word' id='word_1_274' title='bbox 514 4238 564 4298; x_wconf 91' lang='lat' dir='ltr'><strong><em>vel</em></strong></span> <span class='ocrx_word' id='word_1_275' title='bbox 588 4242 753 4319; x_wconf 85' lang='lat' dir='ltr'><strong><em>acceptent</em></strong></span> <span class='ocrx_word' id='word_1_276' title='bbox 767 4240 856 4300; x_wconf 92' lang='lat' dir='ltr'><strong><em>duel-</em></strong></span> 
     </span>
     <span class='ocr_line' id='line_1_43' title="bbox 67 4311 855 4403; baseline 0.01 -24"><span class='ocrx_word' id='word_1_277' title='bbox 67 4311 133 4394; x_wconf 84' lang='lat' dir='ltr'><strong><em>lum,</em></strong></span> <span class='ocrx_word' id='word_1_278' title='bbox 154 4318 321 4402; x_wconf 82' lang='lat' dir='ltr'><strong><em>instigant,</em></strong></span> <span class='ocrx_word' id='word_1_279' title='bbox 346 4322 424 4386; x_wconf 87' lang='lat' dir='ltr'><strong><em>dant</em></strong></span> <span class='ocrx_word' id='word_1_280' title='bbox 438 4325 616 4403; x_wconf 84' lang='lat' dir='ltr'><strong><em>consilium,</em></strong></span> <span class='ocrx_word' id='word_1_281' title='bbox 638 4344 728 4387; x_wconf 84' lang='lat' dir='ltr'><strong><em>arma</em></strong></span> <span class='ocrx_word' id='word_1_282' title='bbox 746 4326 855 4388; x_wconf 88' lang='lat' dir='ltr'><strong><em>minis·</em></strong></span> 
     </span>
     <span class='ocr_line' id='line_1_44' title="bbox 68 4402 852 4502; baseline 0.013 -33"><span class='ocrx_word' id='word_1_283' title='bbox 68 4402 152 4502; x_wconf 49' lang='grc' dir='ltr'><strong><em>ξω,</em></strong></span> <span class='ocrx_word' id='word_1_284' title='bbox 176 4405 295 4486; x_wconf 80' lang='lat' dir='ltr'><strong><em>invent,</em></strong></span> <span class='ocrx_word' id='word_1_285' title='bbox 320 4414 393 4474; x_wconf 89' lang='lat' dir='ltr'><strong><em>eunt</em></strong></span> <span class='ocrx_word' id='word_1_286' title='bbox 406 4412 532 4490; x_wconf 87' lang='lat' dir='ltr'><strong><em>patrini,</em></strong></span> <span class='ocrx_word' id='word_1_287' title='bbox 553 4431 610 4474; x_wconf 85' lang='lat' dir='ltr'><strong><em>eeu</em></strong></span> <span class='ocrx_word' id='word_1_288' title='bbox 624 4415 852 4478; x_wconf 87' lang='lat' dir='ltr'><strong><em>secundantes:</em></strong></span> 
     </span>
     <span class='ocr_line' id='line_1_45' title="bbox 67 4491 856 4582; baseline 0.016 -28"><span class='ocrx_word' id='word_1_289' title='bbox 67 4491 135 4554; x_wconf 59' lang='lat' dir='ltr'><strong><em>rem</em></strong></span> <span class='ocrx_word' id='word_1_290' title='bbox 145 4493 318 4578; x_wconf 71' lang='lat' dir='ltr'><strong><em>Principes,</em></strong></span> <span class='ocrx_word' id='word_1_291' title='bbox 330 4501 380 4562; x_wconf 85' lang='lat' dir='ltr'><strong><em>vel</em></strong></span> <span class='ocrx_word' id='word_1_292' title='bbox 390 4501 514 4564; x_wconf 85' lang='lat' dir='ltr'><strong><em>Domini</em></strong></span> <span class='ocrx_word' id='word_1_293' title='bbox 525 4501 686 4570; x_wconf 87' lang='lat' dir='ltr'><strong><em>territorii,</em></strong></span> <span class='ocrx_word' id='word_1_294' title='bbox 703 4502 756 4582; x_wconf 87' lang='lat' dir='ltr'><strong><em>qui</em></strong></span> <span class='ocrx_word' id='word_1_295' title='bbox 767 4504 856 4568; x_wconf 89' lang='lat' dir='ltr'><strong><em>duel-</em></strong></span> 
     </span>
     <span class='ocr_line' id='line_1_46' title="bbox 69 4573 855 4676; baseline 0.009 -32"><span class='ocrx_word' id='word_1_296' title='bbox 69 4573 218 4676; x_wconf 63' lang='lat' dir='ltr'><strong><em>[quintu</em></strong></span> <span class='ocrx_word' id='word_1_297' title='bbox 231 4585 422 4650; x_wconf 80' lang='lat' dir='ltr'><strong><em>Christianos</em></strong></span> <span class='ocrx_word' id='word_1_298' title='bbox 437 4589 634 4668; x_wconf 88' lang='lat' dir='ltr'><strong><em>permittunt,</em></strong></span> <span class='ocrx_word' id='word_1_299' title='bbox 652 4589 705 4669; x_wconf 83' lang='lat' dir='ltr'><strong><em>qui</em></strong></span> <span class='ocrx_word' id='word_1_300' title='bbox 720 4608 782 4651; x_wconf 90' lang='lat' dir='ltr'><strong><em>nen</em></strong></span> <span class='ocrx_word' id='word_1_301' title='bbox 796 4609 855 4670; x_wconf 89' lang='lat' dir='ltr'><strong><em>pu-</em></strong></span> 
     </span>
     <span class='ocr_line' id='line_1_47' title="bbox 70 4669 855 4764; baseline 0.009 -33"><span class='ocrx_word' id='word_1_302' title='bbox 70 4669 150 4732; x_wconf 78' lang='lat' dir='ltr'><strong><em>nunt</em></strong></span> <span class='ocrx_word' id='word_1_303' title='bbox 170 4669 323 4751; x_wconf 87' lang='lat' dir='ltr'><strong><em>duellum,</em></strong></span> <span class='ocrx_word' id='word_1_304' title='bbox 347 4675 401 4755; x_wconf 84' lang='lat' dir='ltr'><strong><em>qui</em></strong></span> <span class='ocrx_word' id='word_1_305' title='bbox 419 4677 597 4764; x_wconf 72' lang='lat' dir='ltr'><strong><em>aspiciunt:</em></strong></span> <span class='ocrx_word' id='word_1_306' title='bbox 624 4677 734 4738; x_wconf 84' lang='lat' dir='ltr'><strong><em>Clerici</em></strong></span> <span class='ocrx_word' id='word_1_307' title='bbox 749 4683 855 4740; x_wconf 86' lang='lat' dir='ltr'><strong><em>eutem</em></strong></span> 
     </span>
     <span class='ocr_line' id='line_1_48' title="bbox 72 4747 855 4845; baseline 0.014 -30"><span class='ocrx_word' id='word_1_308' title='bbox 72 4747 244 4836; x_wconf 72' lang='lat' dir='ltr'><strong><em>duellmtee,</em></strong></span> <span class='ocrx_word' id='word_1_309' title='bbox 259 4762 311 4822; x_wconf 83' lang='lat' dir='ltr'><strong><em>vel</em></strong></span> <span class='ocrx_word' id='word_1_310' title='bbox 321 4768 520 4842; x_wconf 80' lang='lat' dir='ltr'><strong><em>acceptantes</em></strong></span> <span class='ocrx_word' id='word_1_311' title='bbox 531 4764 672 4826; x_wconf 91' lang='lat' dir='ltr'><strong><em>duellum</em></strong></span> <span class='ocrx_word' id='word_1_312' title='bbox 685 4765 757 4845; x_wconf 88' lang='lat' dir='ltr'><strong><em>jure</em></strong></span> <span class='ocrx_word' id='word_1_313' title='bbox 772 4783 855 4826; x_wconf 91' lang='lat' dir='ltr'><strong><em>com-</em></strong></span> 
     </span>
     <span class='ocr_line' id='line_1_49' title="bbox 68 4843 852 4940; baseline 0.01 -34"><span class='ocrx_word' id='word_1_314' title='bbox 68 4843 148 4940; x_wconf 51' lang='grc' dir='ltr'><strong><em>μή</em></strong></span> <span class='ocrx_word' id='word_1_315' title='bbox 169 4847 300 4928; x_wconf 82' lang='lat' dir='ltr'><strong><em>antiqua</em></strong></span> <span class='ocrx_word' id='word_1_316' title='bbox 320 4849 414 4912; x_wconf 87' lang='lat' dir='ltr'><strong><em>etiem</em></strong></span> <span class='ocrx_word' id='word_1_317' title='bbox 428 4853 662 4932; x_wconf 88' lang='lat' dir='ltr'><strong><em>suspenduntur</em></strong></span> <span class='ocrx_word' id='word_1_318' title='bbox 676 4854 716 4915; x_wconf 91' lang='lat' dir='ltr'><strong><em>ab</em></strong></span> <span class='ocrx_word' id='word_1_319' title='bbox 732 4853 852 4927; x_wconf 68' lang='lat' dir='ltr'><strong><em>officim</em></strong></span> 
     </span>
     <span class='ocr_line' id='line_1_50' title="bbox 68 4937 854 5028; baseline 0.011 -35"><span class='ocrx_word' id='word_1_320' title='bbox 68 4943 132 5028; x_wconf 65' lang='lat' dir='ltr'><strong><em>June</em></strong></span> <span class='ocrx_word' id='word_1_321' title='bbox 148 4937 255 4996; x_wconf 80' lang='lat' dir='ltr'><strong><em>nutem</em></strong></span> <span class='ocrx_word' id='word_1_322' title='bbox 279 4955 365 4998; x_wconf 84' lang='lat' dir='ltr'><strong><em>novo</em></strong></span> <span class='ocrx_word' id='word_1_323' title='bbox 379 4939 425 4999; x_wconf 92' lang='lat' dir='ltr'><strong><em>Pii</em></strong></span> <span class='ocrx_word' id='word_1_324' title='bbox 438 4942 489 5018; x_wconf 82' lang='lat' dir='ltr'><strong><em>lv,</em></strong></span> <span class='ocrx_word' id='word_1_325' title='bbox 507 4941 532 5002; x_wconf 90' lang='lat' dir='ltr'><strong><em>si</em></strong></span> <span class='ocrx_word' id='word_1_326' title='bbox 549 4942 643 5004; x_wconf 87' lang='lat' dir='ltr'><strong><em>ctiam</em></strong></span> <span class='ocrx_word' id='word_1_327' title='bbox 658 4945 780 5004; x_wconf 81' lang='lat' dir='ltr'><strong><em>tuntum</em></strong></span> <span class='ocrx_word' id='word_1_328' title='bbox 794 4941 854 5002; x_wconf 76' lang='lat' dir='ltr'><strong><em>ine</em></strong></span> 
     </span>
     <span class='ocr_line' id='line_1_51' title="bbox 72 5015 854 5110; baseline 0.012 -29"><span class='ocrx_word' id='word_1_329' title='bbox 72 5015 170 5098; x_wconf 74' lang='lat' dir='ltr'><strong><em>emm,</em></strong></span> <span class='ocrx_word' id='word_1_330' title='bbox 194 5023 337 5102; x_wconf 81' lang='lat' dir='ltr'><strong><em>faveant,</em></strong></span> <span class='ocrx_word' id='word_1_331' title='bbox 356 5033 567 5106; x_wconf 86' lang='lat' dir='ltr'><strong><em>promoveant,</em></strong></span> <span class='ocrx_word' id='word_1_332' title='bbox 584 5035 658 5106; x_wconf 78' lang='lat' dir='ltr'><strong><em>ete,</em></strong></span> <span class='ocrx_word' id='word_1_333' title='bbox 675 5033 789 5110; x_wconf 87' lang='lat' dir='ltr'><strong><em>prester</em></strong></span> <span class='ocrx_word' id='word_1_334' title='bbox 804 5049 854 5090; x_wconf 84' lang='lat' dir='ltr'><strong><em>ex·</em></strong></span> 
     </span>
     <span class='ocr_line' id='line_1_52' title="bbox 73 5111 855 5196; baseline 0.014 -28"><span class='ocrx_word' id='word_1_335' title='bbox 73 5111 390 5190; x_wconf 71' lang='lat' dir='ltr'><strong><em>communicationem,</em></strong></span> <span class='ocrx_word' id='word_1_336' title='bbox 405 5116 506 5193; x_wconf 87' lang='lat' dir='ltr'><strong><em>etiam,</em></strong></span> <span class='ocrx_word' id='word_1_337' title='bbox 522 5119 685 5179; x_wconf 87' lang='lat' dir='ltr'><strong><em>incurrunt</em></strong></span> <span class='ocrx_word' id='word_1_338' title='bbox 705 5117 855 5196; x_wconf 85' lang='lat' dir='ltr'><strong><em>privatio·</em></strong></span> 
     </span>
     <span class='ocr_line' id='line_1_53' title="bbox 73 5198 854 5281; baseline 0.014 -26"><span class='ocrx_word' id='word_1_339' title='bbox 73 5205 136 5255; x_wconf 80' lang='lat' dir='ltr'><strong><em>rem</em></strong></span> <span class='ocrx_word' id='word_1_340' title='bbox 159 5198 304 5260; x_wconf 80' lang='lat' dir='ltr'><strong><em>amrium</em></strong></span> <span class='ocrx_word' id='word_1_341' title='bbox 336 5198 537 5281; x_wconf 71' lang='lat' dir='ltr'><strong><em>dignitatum,</em></strong></span> <span class='ocrx_word' id='word_1_342' title='bbox 567 5204 796 5266; x_wconf 82' lang='lat' dir='ltr'><strong><em>Beneficiorum</em></strong></span> <span class='ocrx_word' id='word_1_343' title='bbox 823 5209 854 5266; x_wconf 89' lang='lat' dir='ltr'><strong><em>et</em></strong></span> 
     </span>
    </p>
   </div>
   <div class='ocr_carea' id='block_1_3' title="bbox 98 5479 826 5570">
    <p class='ocr_par' dir='ltr' id='par_1_4' title="bbox 98 5479 826 5570">
     <span class='ocr_line' id='line_1_54' title="bbox 98 5479 826 5570; baseline 0.023 -33"><span class='ocrx_word' id='word_1_344' title='bbox 98 5479 151 5538; x_wconf 73' lang='lat' dir='ltr'><strong><em>lit</em></strong></span> <span class='ocrx_word' id='word_1_345' title='bbox 161 5485 188 5541; x_wconf 80' lang='lat' dir='ltr'><strong><em>P.</em></strong></span> <span class='ocrx_word' id='word_1_346' title='bbox 202 5486 316 5542; x_wconf 69' lang='lat' dir='ltr'><strong><em>macer</em></strong></span> <span class='ocrx_word' id='word_1_347' title='bbox 332 5487 359 5540; x_wconf 87' lang='lat' dir='ltr'><strong><em>in</em></strong></span> <span class='ocrx_word' id='word_1_348' title='bbox 374 5483 582 5553; x_wconf 66' lang='lat' dir='ltr'><strong><em>creterrae</em></strong></span> <span class='ocrx_word' id='word_1_349' title='bbox 597 5515 619 5554; x_wconf 88' lang='lat' dir='ltr'><strong><em>e.</em></strong></span> <span class='ocrx_word' id='word_1_350' title='bbox 634 5503 658 5568; x_wconf 89' lang='lat'><strong><em>8,</em></strong></span> <span class='ocrx_word' id='word_1_351' title='bbox 672 5502 722 5554; x_wconf 86' lang='lat' dir='ltr'><strong><em>nrt.</em></strong></span> <span class='ocrx_word' id='word_1_352' title='bbox 738 5505 761 5567; x_wconf 86' lang='lat' dir='ltr'><strong><em>l,</em></strong></span> <span class='ocrx_word' id='word_1_353' title='bbox 775 5497 790 5570; x_wconf 67' lang='grc' dir='ltr'><strong>ἓ</strong></span> <span class='ocrx_word' id='word_1_354' title='bbox 805 5499 826 5554; x_wconf 85' lang='lat' dir='ltr'><strong><em>l.</em></strong></span> 
     </span>
    </p>
   </div>
   <div class='ocr_carea' id='block_1_4' title="bbox 900 719 1768 5283">
    <p class='ocr_par' dir='ltr' id='par_1_5' title="bbox 900 719 1699 1768">
     <span class='ocr_line' id='line_1_55' title="bbox 902 719 1695 804; baseline 0.003 -22"><span class='ocrx_word' id='word_1_355' title='bbox 902 720 1077 783; x_wconf 86' lang='lat' dir='ltr'><strong><em>officiorum</em></strong></span> <span class='ocrx_word' id='word_1_356' title='bbox 1088 719 1380 800; x_wconf 83' lang='lat' dir='ltr'><strong><em>ecelesiasticorum,</em></strong></span> <span class='ocrx_word' id='word_1_357' title='bbox 1390 723 1530 804; x_wconf 81' lang='lat' dir='ltr'><strong><em>fiuntque</em></strong></span> <span class='ocrx_word' id='word_1_358' title='bbox 1541 722 1695 786; x_wconf 85' lang='lat' dir='ltr'><strong><em>inhabiles</em></strong></span> 
     </span>
     <span class='ocr_line' id='line_1_56' title="bbox 905 807 1696 888; baseline 0.005 -20"><span class='ocrx_word' id='word_1_359' title='bbox 905 807 946 868; x_wconf 86' lang='lat' dir='ltr'><strong><em>ed</em></strong></span> <span class='ocrx_word' id='word_1_360' title='bbox 961 807 1015 869; x_wconf 87' lang='lat' dir='ltr'><strong><em>illa</em></strong></span> <span class='ocrx_word' id='word_1_361' title='bbox 1030 814 1060 868; x_wconf 90' lang='lat' dir='ltr'><strong><em>ct</em></strong></span> <span class='ocrx_word' id='word_1_362' title='bbox 1074 807 1137 870; x_wconf 84' lang='lat' dir='ltr'><strong><em>alia</em></strong></span> <span class='ocrx_word' id='word_1_363' title='bbox 1148 807 1181 868; x_wconf 91' lang='lat' dir='ltr'><strong><em>in</em></strong></span> <span class='ocrx_word' id='word_1_364' title='bbox 1199 811 1361 887; x_wconf 87' lang='lat' dir='ltr'><strong><em>posterum</em></strong></span> <span class='ocrx_word' id='word_1_365' title='bbox 1382 809 1561 888; x_wconf 86' lang='lat' dir='ltr'><strong><em>obtinenda,</em></strong></span> <span class='ocrx_word' id='word_1_366' title='bbox 1584 812 1628 874; x_wconf 87' lang='lat' dir='ltr'><strong><em>uli</em></strong></span> <span class='ocrx_word' id='word_1_367' title='bbox 1646 831 1696 872; x_wconf 89' lang='lat' dir='ltr'><strong><em>re-</em></strong></span> 
     </span>
     <span class='ocr_line' id='line_1_57' title="bbox 900 896 1693 978; baseline 0.005 -22"><span class='ocrx_word' id='word_1_368' title='bbox 900 896 961 957; x_wconf 90' lang='lat' dir='ltr'><strong><em>lert</em></strong></span> <span class='ocrx_word' id='word_1_369' title='bbox 975 896 1089 958; x_wconf 88' lang='lat' dir='ltr'><strong><em>Sanch.</em></strong></span> <span class='ocrx_word' id='word_1_370' title='bbox 1106 917 1137 960; x_wconf 90' lang='lat' dir='ltr'><strong><em>n.</em></strong></span> <span class='ocrx_word' id='word_1_371' title='bbox 1155 900 1202 970; x_wconf 77' lang='lat'><strong><em>103</em></strong></span> <span class='ocrx_word' id='word_1_372' title='bbox 1215 897 1344 977; x_wconf 85' lang='lat' dir='ltr'><strong><em>Sannig.</em></strong></span> <span class='ocrx_word' id='word_1_373' title='bbox 1361 901 1466 958; x_wconf 89' lang='lat' dir='ltr'><strong><em>tamen</em></strong></span> <span class='ocrx_word' id='word_1_374' title='bbox 1480 899 1567 978; x_wconf 84' lang='lat' dir='ltr'><strong><em>injus</em></strong></span> <span class='ocrx_word' id='word_1_375' title='bbox 1583 897 1654 962; x_wconf 87' lang='lat' dir='ltr'><strong><em>Cen.</em></strong></span> <span class='ocrx_word' id='word_1_376' title='bbox 1670 899 1693 961; x_wconf 90' lang='lat' dir='ltr'><strong><em>l.</em></strong></span> 
     </span>
     <span class='ocr_line' id='line_1_58' title="bbox 900 983 1698 1066; baseline 0.005 -22"><span class='ocrx_word' id='word_1_377' title='bbox 900 986 930 1051; x_wconf 88' lang='grc'><strong><em>5,</em></strong></span> <span class='ocrx_word' id='word_1_378' title='bbox 946 991 968 1044; x_wconf 91' lang='lat' dir='ltr'><strong><em>t.</em></strong></span> <span class='ocrx_word' id='word_1_379' title='bbox 986 987 1035 1060; x_wconf 80' lang='lat' dir='ltr'><strong><em>lt,</em></strong></span> <span class='ocrx_word' id='word_1_380' title='bbox 1052 1004 1082 1043; x_wconf 92' lang='lat' dir='ltr'><strong><em>n.</em></strong></span> <span class='ocrx_word' id='word_1_381' title='bbox 1098 987 1128 1061; x_wconf 82' lang='lat' dir='ltr'><strong><em>l,</em></strong></span> <span class='ocrx_word' id='word_1_382' title='bbox 1152 983 1252 1044; x_wconf 88' lang='lat' dir='ltr'><strong><em>citans</em></strong></span> <span class='ocrx_word' id='word_1_383' title='bbox 1267 984 1358 1046; x_wconf 86' lang='lat' dir='ltr'><strong><em>Suar.</em></strong></span> <span class='ocrx_word' id='word_1_384' title='bbox 1376 989 1408 1046; x_wconf 91' lang='lat' dir='ltr'><strong><em>et</em></strong></span> <span class='ocrx_word' id='word_1_385' title='bbox 1421 985 1506 1048; x_wconf 90' lang='lat' dir='ltr'><strong><em>Pirh.</em></strong></span> <span class='ocrx_word' id='word_1_386' title='bbox 1524 986 1610 1064; x_wconf 88' lang='lat' dir='ltr'><strong><em>dicit,</em></strong></span> <span class='ocrx_word' id='word_1_387' title='bbox 1628 1004 1698 1066; x_wconf 86' lang='lat' dir='ltr'><strong><em>poe-</em></strong></span> 
     </span>
     <span class='ocr_line' id='line_1_59' title="bbox 901 1071 1698 1150; baseline 0.006 -19"><span class='ocrx_word' id='word_1_388' title='bbox 901 1089 957 1132; x_wconf 87' lang='lat' dir='ltr'><strong><em>nes</em></strong></span> <span class='ocrx_word' id='word_1_389' title='bbox 972 1071 1040 1134; x_wconf 88' lang='lat' dir='ltr'><strong><em>illes</em></strong></span> <span class='ocrx_word' id='word_1_390' title='bbox 1064 1071 1215 1150; x_wconf 84' lang='lat' dir='ltr'><strong><em>speciales</em></strong></span> <span class='ocrx_word' id='word_1_391' title='bbox 1230 1076 1454 1134; x_wconf 83' lang='lat' dir='ltr'><strong><em>concernentes</em></strong></span> <span class='ocrx_word' id='word_1_392' title='bbox 1469 1076 1592 1136; x_wconf 85' lang='lat' dir='ltr'><strong><em>Statum</em></strong></span> <span class='ocrx_word' id='word_1_393' title='bbox 1606 1075 1698 1136; x_wconf 90' lang='lat' dir='ltr'><strong><em>cleri-</em></strong></span> 
     </span>
     <span class='ocr_line' id='line_1_60' title="bbox 902 1159 1698 1240; baseline 0.008 -20"><span class='ocrx_word' id='word_1_394' title='bbox 902 1159 1001 1220; x_wconf 90' lang='lat' dir='ltr'><strong><em>calem</em></strong></span> <span class='ocrx_word' id='word_1_395' title='bbox 1016 1178 1078 1219; x_wconf 90' lang='lat' dir='ltr'><strong><em>non</em></strong></span> <span class='ocrx_word' id='word_1_396' title='bbox 1093 1159 1209 1220; x_wconf 92' lang='lat' dir='ltr'><strong><em>incurri</em></strong></span> <span class='ocrx_word' id='word_1_397' title='bbox 1233 1177 1253 1219; x_wconf 86' lang='lat' dir='ltr'><strong><em>a</em></strong></span> <span class='ocrx_word' id='word_1_398' title='bbox 1268 1159 1394 1222; x_wconf 84' lang='lat' dir='ltr'><strong><em>ClericIs</em></strong></span> <span class='ocrx_word' id='word_1_399' title='bbox 1408 1163 1651 1240; x_wconf 83' lang='lat' dir='ltr'><strong><em>provocantibus</em></strong></span> <span class='ocrx_word' id='word_1_400' title='bbox 1666 1168 1698 1226; x_wconf 91' lang='lat' dir='ltr'><strong><em>et</em></strong></span> 
     </span>
     <span class='ocr_line' id='line_1_61' title="bbox 902 1247 1697 1329; baseline 0.006 -21"><span class='ocrx_word' id='word_1_401' title='bbox 902 1252 974 1309; x_wconf 88' lang='lat' dir='ltr'><strong><em>actu</em></strong></span> <span class='ocrx_word' id='word_1_402' title='bbox 990 1265 1052 1308; x_wconf 92' lang='lat' dir='ltr'><strong><em>uon</em></strong></span> <span class='ocrx_word' id='word_1_403' title='bbox 1067 1247 1277 1309; x_wconf 84' lang='lat' dir='ltr'><strong><em>duellantibus</em></strong></span> <span class='ocrx_word' id='word_1_404' title='bbox 1294 1268 1301 1308; x_wconf 88' lang='lat'><strong>:</strong></span> <span class='ocrx_word' id='word_1_405' title='bbox 1321 1248 1457 1329; x_wconf 87' lang='lat' dir='ltr'><strong><em>denique</em></strong></span> <span class='ocrx_word' id='word_1_406' title='bbox 1472 1251 1613 1314; x_wconf 85' lang='lat' dir='ltr'><strong><em>Clemens</em></strong></span> <span class='ocrx_word' id='word_1_407' title='bbox 1628 1253 1697 1315; x_wconf 81' lang='lat' dir='ltr'><strong><em>vlu</em></strong></span> 
     </span>
     <span class='ocr_line' id='line_1_62' title="bbox 902 1335 1698 1419; baseline 0.004 -23"><span class='ocrx_word' id='word_1_408' title='bbox 902 1335 1054 1413; x_wconf 85' lang='lat' dir='ltr'><strong><em>civitates,</em></strong></span> <span class='ocrx_word' id='word_1_409' title='bbox 1080 1337 1207 1415; x_wconf 82' lang='lat' dir='ltr'><strong><em>oppida,</em></strong></span> <span class='ocrx_word' id='word_1_410' title='bbox 1230 1337 1279 1398; x_wconf 89' lang='lat' dir='ltr'><strong><em>vel</em></strong></span> <span class='ocrx_word' id='word_1_411' title='bbox 1303 1341 1415 1414; x_wconf 86' lang='lat' dir='ltr'><strong><em>terras,</em></strong></span> <span class='ocrx_word' id='word_1_412' title='bbox 1437 1338 1469 1399; x_wconf 91' lang='lat' dir='ltr'><strong><em>in</em></strong></span> <span class='ocrx_word' id='word_1_413' title='bbox 1483 1340 1597 1419; x_wconf 85' lang='lat' dir='ltr'><strong><em>quibus</em></strong></span> <span class='ocrx_word' id='word_1_414' title='bbox 1611 1340 1698 1406; x_wconf 86' lang='lat' dir='ltr'><strong><em>Prin·</em></strong></span> 
     </span>
     <span class='ocr_line' id='line_1_63' title="bbox 902 1424 1699 1504; baseline 0.005 -20"><span class='ocrx_word' id='word_1_415' title='bbox 902 1424 998 1502; x_wconf 87' lang='lat' dir='ltr'><strong><em>cipes,</em></strong></span> <span class='ocrx_word' id='word_1_416' title='bbox 1023 1425 1073 1486; x_wconf 87' lang='lat' dir='ltr'><strong><em>vel</em></strong></span> <span class='ocrx_word' id='word_1_417' title='bbox 1094 1424 1217 1485; x_wconf 87' lang='lat' dir='ltr'><strong><em>Domini</em></strong></span> <span class='ocrx_word' id='word_1_418' title='bbox 1233 1443 1390 1504; x_wconf 84' lang='lat' dir='ltr'><strong><em>expresse,</em></strong></span> <span class='ocrx_word' id='word_1_419' title='bbox 1417 1429 1472 1487; x_wconf 85' lang='lat' dir='ltr'><strong><em>ant</em></strong></span> <span class='ocrx_word' id='word_1_420' title='bbox 1485 1427 1579 1488; x_wconf 85' lang='lat' dir='ltr'><strong><em>tacite</em></strong></span> <span class='ocrx_word' id='word_1_421' title='bbox 1594 1427 1699 1488; x_wconf 88' lang='lat' dir='ltr'><strong><em>duella</em></strong></span> 
     </span>
     <span class='ocr_line' id='line_1_64' title="bbox 903 1511 1699 1594; baseline 0.001 -22"><span class='ocrx_word' id='word_1_422' title='bbox 903 1512 1094 1591; x_wconf 83' lang='lat' dir='ltr'><strong><em>permittent,</em></strong></span> <span class='ocrx_word' id='word_1_423' title='bbox 1111 1513 1178 1591; x_wconf 88' lang='lat' dir='ltr'><strong><em>ipso</em></strong></span> <span class='ocrx_word' id='word_1_424' title='bbox 1189 1513 1270 1574; x_wconf 88' lang='lat' dir='ltr'><strong><em>facta</em></strong></span> <span class='ocrx_word' id='word_1_425' title='bbox 1284 1511 1597 1594; x_wconf 88' lang='lat' dir='ltr'><strong><em>subjicitinterdicto,</em></strong></span> <span class='ocrx_word' id='word_1_426' title='bbox 1614 1513 1699 1594; x_wconf 91' lang='lat' dir='ltr'><strong><em>quod</em></strong></span> 
     </span>
     <span class='ocr_line' id='line_1_65' title="bbox 902 1599 1699 1678; baseline 0.005 -20"><span class='ocrx_word' id='word_1_427' title='bbox 902 1599 1043 1660; x_wconf 84' lang='lat' dir='ltr'><strong><em>relaxare</em></strong></span> <span class='ocrx_word' id='word_1_428' title='bbox 1058 1600 1157 1678; x_wconf 87' lang='lat' dir='ltr'><strong><em>pessit</em></strong></span> <span class='ocrx_word' id='word_1_429' title='bbox 1170 1601 1254 1660; x_wconf 91' lang='lat' dir='ltr'><strong><em>solus</em></strong></span> <span class='ocrx_word' id='word_1_430' title='bbox 1270 1604 1374 1678; x_wconf 84' lang='lat' dir='ltr'><strong><em>Papa:</em></strong></span> <span class='ocrx_word' id='word_1_431' title='bbox 1391 1601 1446 1662; x_wconf 90' lang='lat' dir='ltr'><strong><em>sed</em></strong></span> <span class='ocrx_word' id='word_1_432' title='bbox 1461 1601 1546 1664; x_wconf 85' lang='lat' dir='ltr'><strong><em>circe</em></strong></span> <span class='ocrx_word' id='word_1_433' title='bbox 1560 1602 1628 1664; x_wconf 87' lang='lat' dir='ltr'><strong><em>haec</em></strong></span> <span class='ocrx_word' id='word_1_434' title='bbox 1641 1601 1699 1662; x_wconf 92' lang='lat' dir='ltr'><strong><em>ite-</em></strong></span> 
     </span>
     <span class='ocr_line' id='line_1_66' title="bbox 903 1687 1505 1768; baseline 0.008 -22"><span class='ocrx_word' id='word_1_435' title='bbox 903 1705 974 1747; x_wconf 90' lang='lat' dir='ltr'><strong><em>rum</em></strong></span> <span class='ocrx_word' id='word_1_436' title='bbox 988 1687 1093 1767; x_wconf 73' lang='lat' dir='ltr'><strong><em>nique</em></strong></span> <span class='ocrx_word' id='word_1_437' title='bbox 1107 1687 1207 1768; x_wconf 80' lang='lat' dir='ltr'><strong><em>magis</em></strong></span> <span class='ocrx_word' id='word_1_438' title='bbox 1221 1694 1294 1748; x_wconf 87' lang='lat' dir='ltr'><strong><em>suut</em></strong></span> <span class='ocrx_word' id='word_1_439' title='bbox 1308 1689 1505 1767; x_wconf 82' lang='lat' dir='ltr'><strong><em>explicanda.</em></strong></span> 
     </span>
    </p>

    <p class='ocr_par' dir='ltr' id='par_1_6' title="bbox 903 1773 1767 2890">
     <span class='ocr_line' id='line_1_67' title="bbox 942 1773 1767 1856; baseline 0.006 -22"><span class='ocrx_word' id='word_1_440' title='bbox 942 1774 1003 1852; x_wconf 65' lang='lat'><strong><em>§2</em></strong></span> <span class='ocrx_word' id='word_1_441' title='bbox 1030 1773 1062 1835; x_wconf 91' lang='lat' dir='ltr'><strong><em>Si</em></strong></span> <span class='ocrx_word' id='word_1_442' title='bbox 1084 1774 1153 1854; x_wconf 89' lang='lat' dir='ltr'><strong><em>quis</em></strong></span> <span class='ocrx_word' id='word_1_443' title='bbox 1175 1777 1297 1835; x_wconf 89' lang='lat' dir='ltr'><strong><em>tantum</em></strong></span> <span class='ocrx_word' id='word_1_444' title='bbox 1311 1780 1472 1853; x_wconf 86' lang='lat' dir='ltr'><strong><em>provocet,</em></strong></span> <span class='ocrx_word' id='word_1_445' title='bbox 1492 1778 1542 1839; x_wconf 84' lang='lat' dir='ltr'><strong><em>vel</em></strong></span> <span class='ocrx_word' id='word_1_446' title='bbox 1557 1780 1700 1856; x_wconf 86' lang='lat' dir='ltr'><strong><em>acceptet</em></strong></span> <span class='ocrx_word' id='word_1_447' title='bbox 1725 1798 1767 1844; x_wconf 77' lang='lat' dir='ltr'><strong><em>erc</em></strong></span> 
     </span>
     <span class='ocr_line' id='line_1_68' title="bbox 903 1864 1698 1943; baseline 0.006 -22"><span class='ocrx_word' id='word_1_448' title='bbox 903 1865 935 1921; x_wconf 87' lang='lat' dir='ltr'><strong><em>et</em></strong></span> <span class='ocrx_word' id='word_1_449' title='bbox 957 1865 1067 1940; x_wconf 85' lang='lat' dir='ltr'><strong><em>postea</em></strong></span> <span class='ocrx_word' id='word_1_450' title='bbox 1089 1880 1152 1924; x_wconf 90' lang='lat' dir='ltr'><strong><em>non</em></strong></span> <span class='ocrx_word' id='word_1_451' title='bbox 1176 1867 1326 1941; x_wconf 85' lang='lat' dir='ltr'><strong><em>sequetur</em></strong></span> <span class='ocrx_word' id='word_1_452' title='bbox 1353 1881 1470 1942; x_wconf 84' lang='lat' dir='ltr'><strong><em>pugna,</em></strong></span> <span class='ocrx_word' id='word_1_453' title='bbox 1497 1867 1587 1926; x_wconf 83' lang='lat' dir='ltr'><strong><em>liunt.</em></strong></span> <span class='ocrx_word' id='word_1_454' title='bbox 1614 1864 1698 1943; x_wconf 83' lang='lat' dir='ltr'><strong><em>apud</em></strong></span> 
     </span>
     <span class='ocr_line' id='line_1_69' title="bbox 904 1949 1699 2031; baseline 0.005 -20"><span class='ocrx_word' id='word_1_455' title='bbox 904 1949 993 2011; x_wconf 85' lang='lat' dir='ltr'><strong><em>Dian.</em></strong></span> <span class='ocrx_word' id='word_1_456' title='bbox 1006 1969 1040 2030; x_wconf 91' lang='lat' dir='ltr'><strong><em>p.</em></strong></span> <span class='ocrx_word' id='word_1_457' title='bbox 1055 1953 1085 2018; x_wconf 88' lang='lat'><strong><em>5,</em></strong></span> <span class='ocrx_word' id='word_1_458' title='bbox 1103 1958 1125 2010; x_wconf 91' lang='lat' dir='ltr'><strong><em>t.</em></strong></span> <span class='ocrx_word' id='word_1_459' title='bbox 1139 1953 1188 2026; x_wconf 85' lang='lat' dir='ltr'><strong><em>ll,</em></strong></span> <span class='ocrx_word' id='word_1_460' title='bbox 1204 1949 1241 2010; x_wconf 89' lang='lat' dir='ltr'><strong><em>ll.</em></strong></span> <span class='ocrx_word' id='word_1_461' title='bbox 1260 1953 1328 2028; x_wconf 74' lang='lat'><strong><em>¹02,</em></strong></span> <span class='ocrx_word' id='word_1_462' title='bbox 1346 1951 1422 2012; x_wconf 90' lang='lat' dir='ltr'><strong><em>dicit</em></strong></span> <span class='ocrx_word' id='word_1_463' title='bbox 1435 1951 1530 2013; x_wconf 87' lang='lat' dir='ltr'><strong><em>etium</em></strong></span> <span class='ocrx_word' id='word_1_464' title='bbox 1544 1957 1615 2031; x_wconf 89' lang='lat' dir='ltr'><strong><em>post</em></strong></span> <span class='ocrx_word' id='word_1_465' title='bbox 1627 1953 1699 2015; x_wconf 89' lang='lat' dir='ltr'><strong><em>Bul·</em></strong></span> 
     </span>
     <span class='ocr_line' id='line_1_70' title="bbox 903 2036 1698 2118; baseline 0.005 -22"><span class='ocrx_word' id='word_1_466' title='bbox 903 2037 966 2096; x_wconf 86' lang='lat' dir='ltr'><strong><em>lam</em></strong></span> <span class='ocrx_word' id='word_1_467' title='bbox 982 2036 1149 2099; x_wconf 83' lang='lat' dir='ltr'><strong><em>Clementis</em></strong></span> <span class='ocrx_word' id='word_1_468' title='bbox 1159 2040 1239 2115; x_wconf 85' lang='lat' dir='ltr'><strong><em>Vlll,</em></strong></span> <span class='ocrx_word' id='word_1_469' title='bbox 1260 2057 1321 2100; x_wconf 89' lang='lat' dir='ltr'><strong><em>non</em></strong></span> <span class='ocrx_word' id='word_1_470' title='bbox 1332 2039 1492 2101; x_wconf 86' lang='lat' dir='ltr'><strong><em>incurrere</em></strong></span> <span class='ocrx_word' id='word_1_471' title='bbox 1507 2057 1627 2118; x_wconf 85' lang='lat' dir='ltr'><strong><em>poenas,</em></strong></span> <span class='ocrx_word' id='word_1_472' title='bbox 1643 2039 1698 2102; x_wconf 91' lang='lat' dir='ltr'><strong><em>sed</em></strong></span> 
     </span>
     <span class='ocr_line' id='line_1_71' title="bbox 904 2123 1696 2190; baseline 0.005 -6"><span class='ocrx_word' id='word_1_473' title='bbox 904 2123 1032 2184; x_wconf 90' lang='lat' dir='ltr'><strong><em>omnino</em></strong></span> <span class='ocrx_word' id='word_1_474' title='bbox 1048 2125 1217 2186; x_wconf 90' lang='lat' dir='ltr'><strong><em>dicendum</em></strong></span> <span class='ocrx_word' id='word_1_475' title='bbox 1227 2129 1356 2186; x_wconf 85' lang='lat' dir='ltr'><strong><em>estcnm</em></strong></span> <span class='ocrx_word' id='word_1_476' title='bbox 1371 2125 1480 2188; x_wconf 87' lang='lat' dir='ltr'><strong><em>Bonae.</em></strong></span> <span class='ocrx_word' id='word_1_477' title='bbox 1497 2125 1527 2188; x_wconf 88' lang='lat' dir='ltr'><em>F</em></span> <span class='ocrx_word' id='word_1_478' title='bbox 1526 2127 1574 2190; x_wconf 85' lang='lat' dir='ltr'><strong><em>ill.</em></strong></span> <span class='ocrx_word' id='word_1_479' title='bbox 1589 2126 1696 2188; x_wconf 81' lang='lat' dir='ltr'><strong><em>Escob.</em></strong></span> 
     </span>
     <span class='ocr_line' id='line_1_72' title="bbox 904 2207 1696 2293; baseline 0.005 -23"><span class='ocrx_word' id='word_1_480' title='bbox 904 2207 1006 2271; x_wconf 83' lang='lat' dir='ltr'><strong><em>Temb.</em></strong></span> <span class='ocrx_word' id='word_1_481' title='bbox 1022 2214 1055 2270; x_wconf 90' lang='lat' dir='ltr'><strong><em>ct</em></strong></span> <span class='ocrx_word' id='word_1_482' title='bbox 1069 2210 1138 2271; x_wconf 88' lang='lat' dir='ltr'><strong><em>aliis</em></strong></span> <span class='ocrx_word' id='word_1_483' title='bbox 1154 2211 1417 2290; x_wconf 83' lang='lat' dir='ltr'><strong><em>communissima,</em></strong></span> <span class='ocrx_word' id='word_1_484' title='bbox 1440 2214 1524 2293; x_wconf 89' lang='lat' dir='ltr'><strong><em>quod</em></strong></span> <span class='ocrx_word' id='word_1_485' title='bbox 1538 2213 1696 2276; x_wconf 84' lang='lat' dir='ltr'><strong><em>incurrat:</em></strong></span> 
     </span>
     <span class='ocr_line' id='line_1_73' title="bbox 904 2297 1699 2378; baseline 0.004 -20"><span class='ocrx_word' id='word_1_486' title='bbox 904 2297 948 2358; x_wconf 88' lang='lat' dir='ltr'><strong><em>sie</em></strong></span> <span class='ocrx_word' id='word_1_487' title='bbox 977 2299 1060 2358; x_wconf 88' lang='lat' dir='ltr'><strong><em>enim</em></strong></span> <span class='ocrx_word' id='word_1_488' title='bbox 1087 2298 1206 2360; x_wconf 87' lang='lat' dir='ltr'><strong><em>hebent</em></strong></span> <span class='ocrx_word' id='word_1_489' title='bbox 1233 2318 1380 2378; x_wconf 81' lang='lat' dir='ltr'><strong><em>expressa</em></strong></span> <span class='ocrx_word' id='word_1_490' title='bbox 1406 2301 1505 2362; x_wconf 88' lang='lat' dir='ltr'><strong><em>verba</em></strong></span> <span class='ocrx_word' id='word_1_491' title='bbox 1532 2299 1699 2362; x_wconf 83' lang='lat' dir='ltr'><strong><em>Clementis</em></strong></span> 
     </span>
     <span class='ocr_line' id='line_1_74' title="bbox 904 2385 1697 2465; baseline 0.001 -18"><span class='ocrx_word' id='word_1_492' title='bbox 904 2387 989 2465; x_wconf 86' lang='lat' dir='ltr'><strong><em>apud</em></strong></span> <span class='ocrx_word' id='word_1_493' title='bbox 1016 2385 1163 2448; x_wconf 87' lang='lat' dir='ltr'><strong><em>Dianam:</em></strong></span> <span class='ocrx_word' id='word_1_494' title='bbox 1196 2387 1260 2448; x_wconf 93' lang='lat' dir='ltr'><strong><em>imo</em></strong></span> <span class='ocrx_word' id='word_1_495' title='bbox 1288 2388 1361 2449; x_wconf 88' lang='lat' dir='ltr'><strong><em>inde</em></strong></span> <span class='ocrx_word' id='word_1_496' title='bbox 1389 2389 1484 2450; x_wconf 87' lang='lat' dir='ltr'><strong><em>etiam</em></strong></span> <span class='ocrx_word' id='word_1_497' title='bbox 1512 2389 1697 2464; x_wconf 85' lang='lat' dir='ltr'><strong><em>ostenditur,</em></strong></span> 
     </span>
     <span class='ocr_line' id='line_1_75' title="bbox 905 2474 1700 2558; baseline 0.001 -24"><span class='ocrx_word' id='word_1_498' title='bbox 905 2474 989 2555; x_wconf 87' lang='lat' dir='ltr'><strong><em>quod</em></strong></span> <span class='ocrx_word' id='word_1_499' title='bbox 1013 2475 1079 2536; x_wconf 83' lang='lat' dir='ltr'><strong><em>sola</em></strong></span> <span class='ocrx_word' id='word_1_500' title='bbox 1099 2475 1293 2555; x_wconf 87' lang='lat' dir='ltr'><strong><em>provocatio,</em></strong></span> <span class='ocrx_word' id='word_1_501' title='bbox 1315 2477 1459 2557; x_wconf 75' lang='lat' dir='ltr'><strong><em>quemvis</em></strong></span> <span class='ocrx_word' id='word_1_502' title='bbox 1472 2495 1534 2538; x_wconf 90' lang='lat' dir='ltr'><strong><em>non</em></strong></span> <span class='ocrx_word' id='word_1_503' title='bbox 1550 2481 1700 2558; x_wconf 83' lang='lat' dir='ltr'><strong><em>sequatur</em></strong></span> 
     </span>
     <span class='ocr_line' id='line_1_76' title="bbox 905 2563 1701 2642; baseline 0.001 -18"><span class='ocrx_word' id='word_1_504' title='bbox 905 2563 1099 2642; x_wconf 73' lang='lat' dir='ltr'><strong><em>acceptatio,</em></strong></span> <span class='ocrx_word' id='word_1_505' title='bbox 1127 2563 1168 2624; x_wconf 90' lang='lat' dir='ltr'><strong><em>sit</em></strong></span> <span class='ocrx_word' id='word_1_506' title='bbox 1187 2563 1346 2642; x_wconf 83' lang='lat' dir='ltr'><strong><em>prohibita</em></strong></span> <span class='ocrx_word' id='word_1_507' title='bbox 1368 2565 1427 2627; x_wconf 89' lang='lat' dir='ltr'><strong><em>sub</em></strong></span> <span class='ocrx_word' id='word_1_508' title='bbox 1449 2563 1701 2627; x_wconf 82' lang='lat' dir='ltr'><strong><em>exeommunica-</em></strong></span> 
     </span>
     <span class='ocr_line' id='line_1_77' title="bbox 904 2651 1698 2734; baseline 0.001 -20"><span class='ocrx_word' id='word_1_509' title='bbox 904 2653 991 2715; x_wconf 87' lang='lat' dir='ltr'><strong><em>tione</em></strong></span> <span class='ocrx_word' id='word_1_510' title='bbox 1018 2656 1189 2729; x_wconf 84' lang='lat' dir='ltr'><strong><em>reservata,</em></strong></span> <span class='ocrx_word' id='word_1_511' title='bbox 1220 2653 1245 2714; x_wconf 90' lang='lat' dir='ltr'><strong><em>si</em></strong></span> <span class='ocrx_word' id='word_1_512' title='bbox 1270 2653 1354 2712; x_wconf 91' lang='lat' dir='ltr'><strong><em>enim</em></strong></span> <span class='ocrx_word' id='word_1_513' title='bbox 1376 2651 1510 2714; x_wconf 88' lang='lat' dir='ltr'><strong><em>incurrit</em></strong></span> <span class='ocrx_word' id='word_1_514' title='bbox 1534 2651 1698 2734; x_wconf 79' lang='lat' dir='ltr'><strong><em>instigans,</em></strong></span> 
     </span>
     <span class='ocr_line' id='line_1_78' title="bbox 904 2740 1701 2822; baseline 0.001 -21"><span class='ocrx_word' id='word_1_515' title='bbox 904 2740 1003 2802; x_wconf 89' lang='lat' dir='ltr'><strong><em>multo</em></strong></span> <span class='ocrx_word' id='word_1_516' title='bbox 1018 2740 1118 2820; x_wconf 82' lang='lat' dir='ltr'><strong><em>magis</em></strong></span> <span class='ocrx_word' id='word_1_517' title='bbox 1132 2759 1307 2820; x_wconf 89' lang='lat' dir='ltr'><strong><em>provacans</em></strong></span> <span class='ocrx_word' id='word_1_518' title='bbox 1320 2744 1351 2803; x_wconf 89' lang='lat' dir='ltr'><strong><em>et</em></strong></span> <span class='ocrx_word' id='word_1_519' title='bbox 1361 2741 1400 2803; x_wconf 91' lang='lat' dir='ltr'><strong><em>de</em></strong></span> <span class='ocrx_word' id='word_1_520' title='bbox 1411 2743 1544 2822; x_wconf 86' lang='lat' dir='ltr'><strong><em>utroque</em></strong></span> <span class='ocrx_word' id='word_1_521' title='bbox 1558 2741 1701 2805; x_wconf 87' lang='lat' dir='ltr'><strong><em>similiter</em></strong></span> 
     </span>
     <span class='ocr_line' id='line_1_79' title="bbox 906 2828 1144 2890; baseline 0 0"><span class='ocrx_word' id='word_1_522' title='bbox 906 2828 1024 2890; x_wconf 85' lang='lat' dir='ltr'><strong><em>hebent</em></strong></span> <span class='ocrx_word' id='word_1_523' title='bbox 1037 2829 1144 2890; x_wconf 83' lang='lat' dir='ltr'><strong><em>verba.</em></strong></span> 
     </span>
    </p>

    <p class='ocr_par' dir='ltr' id='par_1_7' title="bbox 905 2909 1768 5016">
     <span class='ocr_line' id='line_1_80' title="bbox 945 2909 1768 2996; baseline 0.002 -18"><span class='ocrx_word' id='word_1_524' title='bbox 945 2915 1006 2994; x_wconf 71' lang='lat'><strong><em>§3-</em></strong></span> <span class='ocrx_word' id='word_1_525' title='bbox 1023 2915 1056 2978; x_wconf 88' lang='lat' dir='ltr'><strong><em>Si</em></strong></span> <span class='ocrx_word' id='word_1_526' title='bbox 1071 2916 1142 2996; x_wconf 89' lang='lat' dir='ltr'><strong><em>quis</em></strong></span> <span class='ocrx_word' id='word_1_527' title='bbox 1156 2921 1310 2996; x_wconf 87' lang='lat' dir='ltr'><strong><em>provocet</em></strong></span> <span class='ocrx_word' id='word_1_528' title='bbox 1332 2917 1374 2978; x_wconf 83' lang='lat' dir='ltr'><strong><em>ed</em></strong></span> <span class='ocrx_word' id='word_1_529' title='bbox 1397 2917 1547 2995; x_wconf 88' lang='lat' dir='ltr'><strong><em>duellum,</em></strong></span> <span class='ocrx_word' id='word_1_530' title='bbox 1566 2937 1628 2982; x_wconf 90' lang='lat' dir='ltr'><strong><em>non</em></strong></span> <span class='ocrx_word' id='word_1_531' title='bbox 1648 2937 1701 2980; x_wconf 82' lang='lat' dir='ltr'><strong><em>ex·</em></strong></span> <span class='ocrx_word' id='word_1_532' title='bbox 1726 2909 1768 2956; x_wconf 82' lang='lat'><strong><em>⁸⁵⁰</em></strong></span> 
     </span>
     <span class='ocr_line' id='line_1_81' title="bbox 905 3001 1700 3084; baseline 0.003 -20"><span class='ocrx_word' id='word_1_533' title='bbox 905 3003 1024 3083; x_wconf 90' lang='lat' dir='ltr'><strong><em>plicite,</em></strong></span> <span class='ocrx_word' id='word_1_534' title='bbox 1040 3003 1096 3064; x_wconf 87' lang='lat' dir='ltr'><strong><em>sed</em></strong></span> <span class='ocrx_word' id='word_1_535' title='bbox 1117 3001 1247 3064; x_wconf 85' lang='lat' dir='ltr'><strong><em>contuse</em></strong></span> <span class='ocrx_word' id='word_1_536' title='bbox 1261 3007 1394 3080; x_wconf 80' lang='lat' dir='ltr'><strong><em>tentum,</em></strong></span> <span class='ocrx_word' id='word_1_537' title='bbox 1411 3023 1442 3065; x_wconf 80' lang='lat' dir='ltr'><strong><em>v.</em></strong></span> <span class='ocrx_word' id='word_1_538' title='bbox 1459 3024 1491 3084; x_wconf 85' lang='lat' dir='ltr'><strong><em>g.</em></strong></span> <span class='ocrx_word' id='word_1_539' title='bbox 1508 3005 1534 3066; x_wconf 89' lang='lat' dir='ltr'><strong><em>si</em></strong></span> <span class='ocrx_word' id='word_1_540' title='bbox 1549 3005 1641 3068; x_wconf 83' lang='lat' dir='ltr'><strong><em>Caius</em></strong></span> <span class='ocrx_word' id='word_1_541' title='bbox 1655 3005 1700 3068; x_wconf 91' lang='lat' dir='ltr'><strong><em>sio</em></strong></span> 
     </span>
     <span class='ocr_line' id='line_1_82' title="bbox 907 3090 1701 3172; baseline 0.004 -20"><span class='ocrx_word' id='word_1_542' title='bbox 907 3091 1023 3154; x_wconf 87' lang='lat' dir='ltr'><strong><em>scribat</em></strong></span> <span class='ocrx_word' id='word_1_543' title='bbox 1036 3091 1136 3152; x_wconf 82' lang='lat' dir='ltr'><strong><em>risio:</em></strong></span> <span class='ocrx_word' id='word_1_544' title='bbox 1154 3090 1303 3152; x_wconf 87' lang='lat' dir='ltr'><strong><em>Desidere</em></strong></span> <span class='ocrx_word' id='word_1_545' title='bbox 1318 3110 1337 3152; x_wconf 87' lang='lat' dir='ltr'><strong><em>a</em></strong></span> <span class='ocrx_word' id='word_1_546' title='bbox 1350 3097 1381 3152; x_wconf 86' lang='lat' dir='ltr'><strong><em>te</em></strong></span> <span class='ocrx_word' id='word_1_547' title='bbox 1396 3091 1507 3154; x_wconf 86' lang='lat' dir='ltr'><strong><em>audire</em></strong></span> <span class='ocrx_word' id='word_1_548' title='bbox 1522 3093 1701 3172; x_wconf 89' lang='lat' dir='ltr'><strong><em>explicatio·</em></strong></span> 
     </span>
     <span class='ocr_line' id='line_1_83' title="bbox 906 3179 1700 3259; baseline 0 -19"><span class='ocrx_word' id='word_1_549' title='bbox 906 3197 980 3240; x_wconf 91' lang='lat' dir='ltr'><strong><em>nem</em></strong></span> <span class='ocrx_word' id='word_1_550' title='bbox 997 3183 1029 3240; x_wconf 92' lang='lat' dir='ltr'><strong><em>et</em></strong></span> <span class='ocrx_word' id='word_1_551' title='bbox 1046 3197 1173 3240; x_wconf 90' lang='lat' dir='ltr'><strong><em>sensum</em></strong></span> <span class='ocrx_word' id='word_1_552' title='bbox 1197 3179 1376 3255; x_wconf 83' lang='lat' dir='ltr'><strong><em>verborum,</em></strong></span> <span class='ocrx_word' id='word_1_553' title='bbox 1407 3197 1477 3259; x_wconf 82' lang='lat' dir='ltr'><strong><em>quae</em></strong></span> <span class='ocrx_word' id='word_1_554' title='bbox 1502 3180 1570 3242; x_wconf 90' lang='lat' dir='ltr'><strong><em>heri</em></strong></span> <span class='ocrx_word' id='word_1_555' title='bbox 1592 3185 1700 3243; x_wconf 86' lang='lat' dir='ltr'><strong><em>contra</em></strong></span> 
     </span>
     <span class='ocr_line' id='line_1_84' title="bbox 907 3265 1702 3339; baseline 0.001 -12"><span class='ocrx_word' id='word_1_556' title='bbox 907 3285 1013 3328; x_wconf 91' lang='lat' dir='ltr'><strong><em>meum</em></strong></span> <span class='ocrx_word' id='word_1_557' title='bbox 1028 3266 1180 3328; x_wconf 87' lang='lat' dir='ltr'><strong><em>honorem</em></strong></span> <span class='ocrx_word' id='word_1_558' title='bbox 1191 3266 1306 3339; x_wconf 82' lang='lat' dir='ltr'><strong><em>dixisti3</em></strong></span> <span class='ocrx_word' id='word_1_559' title='bbox 1319 3266 1359 3327; x_wconf 89' lang='lat' dir='ltr'><strong><em>ad</em></strong></span> <span class='ocrx_word' id='word_1_560' title='bbox 1374 3265 1434 3328; x_wconf 89' lang='lat' dir='ltr'><strong><em>hoe</em></strong></span> <span class='ocrx_word' id='word_1_561' title='bbox 1449 3271 1555 3329; x_wconf 87' lang='lat' dir='ltr'><strong><em>eutem</em></strong></span> <span class='ocrx_word' id='word_1_562' title='bbox 1570 3267 1702 3329; x_wconf 87' lang='lat' dir='ltr'><strong><em>audien-</em></strong></span> 
     </span>
     <span class='ocr_line' id='line_1_85' title="bbox 908 3353 1700 3435; baseline 0.003 -19"><span class='ocrx_word' id='word_1_563' title='bbox 908 3355 984 3416; x_wconf 93' lang='lat' dir='ltr'><strong><em>dum</em></strong></span> <span class='ocrx_word' id='word_1_564' title='bbox 998 3373 1068 3416; x_wconf 85' lang='lat' dir='ltr'><strong><em>cras</em></strong></span> <span class='ocrx_word' id='word_1_565' title='bbox 1083 3357 1112 3416; x_wconf 91' lang='lat' dir='ltr'><strong><em>te</em></strong></span> <span class='ocrx_word' id='word_1_566' title='bbox 1128 3354 1207 3416; x_wconf 84' lang='lat' dir='ltr'><strong><em>hore</em></strong></span> <span class='ocrx_word' id='word_1_567' title='bbox 1230 3353 1353 3416; x_wconf 87' lang='lat' dir='ltr'><strong><em>decime</em></strong></span> <span class='ocrx_word' id='word_1_568' title='bbox 1363 3355 1549 3434; x_wconf 78' lang='lat' dir='ltr'><strong><em>exspectubo</em></strong></span> <span class='ocrx_word' id='word_1_569' title='bbox 1563 3355 1596 3416; x_wconf 88' lang='lat' dir='ltr'><strong><em>in</em></strong></span> <span class='ocrx_word' id='word_1_570' title='bbox 1610 3361 1700 3435; x_wconf 86' lang='lat' dir='ltr'><strong><em>prate</em></strong></span> 
     </span>
     <span class='ocr_line' id='line_1_86' title="bbox 908 3442 1701 3523; baseline 0.001 -19"><span class='ocrx_word' id='word_1_571' title='bbox 908 3442 1101 3511; x_wconf 85' lang='lat' dir='ltr'><strong><em>suburbana,</em></strong></span> <span class='ocrx_word' id='word_1_572' title='bbox 1117 3447 1148 3504; x_wconf 88' lang='lat' dir='ltr'><strong><em>et</em></strong></span> <span class='ocrx_word' id='word_1_573' title='bbox 1162 3461 1252 3523; x_wconf 89' lang='lat' dir='ltr'><strong><em>spero</em></strong></span> <span class='ocrx_word' id='word_1_574' title='bbox 1277 3447 1307 3504; x_wconf 89' lang='lat' dir='ltr'><strong><em>te</em></strong></span> <span class='ocrx_word' id='word_1_575' title='bbox 1330 3443 1487 3506; x_wconf 84' lang='lat' dir='ltr'><strong><em>lecturum</em></strong></span> <span class='ocrx_word' id='word_1_576' title='bbox 1506 3442 1598 3523; x_wconf 80' lang='lat' dir='ltr'><strong><em>juxta</em></strong></span> <span class='ocrx_word' id='word_1_577' title='bbox 1614 3444 1701 3508; x_wconf 88' lang='lat' dir='ltr'><strong><em>debi-</em></strong></span> 
     </span>
     <span class='ocr_line' id='line_1_87' title="bbox 908 3530 1698 3612; baseline 0.003 -19"><span class='ocrx_word' id='word_1_578' title='bbox 908 3533 1099 3593; x_wconf 87' lang='lat' dir='ltr'><strong><em>tumtunm.</em></strong></span> <span class='ocrx_word' id='word_1_579' title='bbox 1130 3530 1162 3592; x_wconf 90' lang='lat' dir='ltr'><strong><em>Si</em></strong></span> <span class='ocrx_word' id='word_1_580' title='bbox 1186 3530 1293 3592; x_wconf 83' lang='lat' dir='ltr'><strong><em>veniet</em></strong></span> <span class='ocrx_word' id='word_1_581' title='bbox 1315 3535 1467 3612; x_wconf 88' lang='lat' dir='ltr'><strong><em>uterque,</em></strong></span> <span class='ocrx_word' id='word_1_582' title='bbox 1492 3537 1524 3592; x_wconf 85' lang='lat' dir='ltr'><strong><em>ct</em></strong></span> <span class='ocrx_word' id='word_1_583' title='bbox 1546 3536 1698 3612; x_wconf 80' lang='lat' dir='ltr'><strong><em>pugnent,</em></strong></span> 
     </span>
     <span class='ocr_line' id='line_1_88' title="bbox 908 3618 1700 3698; baseline 0.004 -17"><span class='ocrx_word' id='word_1_584' title='bbox 908 3618 1005 3698; x_wconf 87' lang='lat' dir='ltr'><strong><em>aliqui</em></strong></span> <span class='ocrx_word' id='word_1_585' title='bbox 1020 3619 1248 3697; x_wconf 83' lang='lat' dir='ltr'><strong><em>putaruntillos</em></strong></span> <span class='ocrx_word' id='word_1_586' title='bbox 1262 3638 1325 3681; x_wconf 90' lang='lat' dir='ltr'><strong><em>non</em></strong></span> <span class='ocrx_word' id='word_1_587' title='bbox 1339 3621 1507 3682; x_wconf 84' lang='lat' dir='ltr'><strong><em>incurrisse</em></strong></span> <span class='ocrx_word' id='word_1_588' title='bbox 1522 3637 1700 3684; x_wconf 82' lang='lat' dir='ltr'><strong><em>exeommu-</em></strong></span> 
     </span>
     <span class='ocr_line' id='line_1_89' title="bbox 909 3706 1701 3786; baseline 0.006 -21"><span class='ocrx_word' id='word_1_589' title='bbox 909 3706 1109 3783; x_wconf 86' lang='lat' dir='ltr'><strong><em>nicaticnem,</em></strong></span> <span class='ocrx_word' id='word_1_590' title='bbox 1126 3707 1201 3786; x_wconf 85' lang='lat' dir='ltr'><strong><em>quia</em></strong></span> <span class='ocrx_word' id='word_1_591' title='bbox 1219 3706 1310 3769; x_wconf 83' lang='lat' dir='ltr'><strong><em>Gaius</em></strong></span> <span class='ocrx_word' id='word_1_592' title='bbox 1334 3706 1452 3770; x_wconf 88' lang='lat' dir='ltr'><strong><em>directe</em></strong></span> <span class='ocrx_word' id='word_1_593' title='bbox 1466 3710 1588 3770; x_wconf 81' lang='lat' dir='ltr'><strong><em>tanturn</em></strong></span> <span class='ocrx_word' id='word_1_594' title='bbox 1602 3707 1701 3770; x_wconf 80' lang='lat' dir='ltr'><strong><em>voluit</em></strong></span> 
     </span>
     <span class='ocr_line' id='line_1_90' title="bbox 909 3794 1700 3876; baseline 0.003 -20"><span class='ocrx_word' id='word_1_595' title='bbox 909 3795 968 3857; x_wconf 87' lang='lat' dir='ltr'><strong><em>sibi</em></strong></span> <span class='ocrx_word' id='word_1_596' title='bbox 983 3794 1130 3873; x_wconf 85' lang='lat' dir='ltr'><strong><em>explicari</em></strong></span> <span class='ocrx_word' id='word_1_597' title='bbox 1145 3795 1243 3858; x_wconf 87' lang='lat' dir='ltr'><strong><em>verba</em></strong></span> <span class='ocrx_word' id='word_1_598' title='bbox 1266 3797 1428 3874; x_wconf 75' lang='lat' dir='ltr'><strong><em>etsensim,</em></strong></span> <span class='ocrx_word' id='word_1_599' title='bbox 1445 3801 1476 3857; x_wconf 91' lang='lat' dir='ltr'><strong><em>et</em></strong></span> <span class='ocrx_word' id='word_1_600' title='bbox 1495 3796 1638 3876; x_wconf 84' lang='lat' dir='ltr'><strong><em>quemvis</em></strong></span> <span class='ocrx_word' id='word_1_601' title='bbox 1652 3795 1700 3858; x_wconf 91' lang='lat' dir='ltr'><strong><em>in-</em></strong></span> 
     </span>
     <span class='ocr_line' id='line_1_91' title="bbox 909 3877 1701 3964; baseline 0.004 -19"><span class='ocrx_word' id='word_1_602' title='bbox 909 3882 1061 3945; x_wconf 88' lang='lat' dir='ltr'><strong><em>tendisset</em></strong></span> <span class='ocrx_word' id='word_1_603' title='bbox 1075 3877 1227 3953; x_wconf 80' lang='lat' dir='ltr'><strong><em>duellrre,</em></strong></span> <span class='ocrx_word' id='word_1_604' title='bbox 1239 3887 1345 3946; x_wconf 84' lang='lat' dir='ltr'><strong><em>temen</em></strong></span> <span class='ocrx_word' id='word_1_605' title='bbox 1360 3885 1400 3945; x_wconf 87' lang='lat' dir='ltr'><strong><em>ed</em></strong></span> <span class='ocrx_word' id='word_1_606' title='bbox 1414 3884 1618 3946; x_wconf 84' lang='lat' dir='ltr'><strong><em>incurrendae</em></strong></span> <span class='ocrx_word' id='word_1_607' title='bbox 1632 3901 1701 3964; x_wconf 81' lang='lat' dir='ltr'><strong><em>pea-</em></strong></span> 
     </span>
     <span class='ocr_line' id='line_1_92' title="bbox 910 3971 1701 4052; baseline 0.001 -21"><span class='ocrx_word' id='word_1_608' title='bbox 910 3989 966 4032; x_wconf 86' lang='lat' dir='ltr'><strong><em>nns</em></strong></span> <span class='ocrx_word' id='word_1_609' title='bbox 980 3971 1151 4052; x_wconf 87' lang='lat' dir='ltr'><strong><em>requiritur</em></strong></span> <span class='ocrx_word' id='word_1_610' title='bbox 1164 3971 1311 4032; x_wconf 92' lang='lat' dir='ltr'><strong><em>delictum</em></strong></span> <span class='ocrx_word' id='word_1_611' title='bbox 1327 3978 1501 4050; x_wconf 78' lang='lat' dir='ltr'><strong><em>externum,</em></strong></span> <span class='ocrx_word' id='word_1_612' title='bbox 1514 3991 1572 4034; x_wconf 89' lang='lat' dir='ltr'><strong><em>nee</em></strong></span> <span class='ocrx_word' id='word_1_613' title='bbox 1585 3972 1701 4034; x_wconf 82' lang='lat' dir='ltr'><strong><em>suffieit</em></strong></span> 
     </span>
     <span class='ocr_line' id='line_1_93' title="bbox 910 4058 1698 4141; baseline 0.005 -23"><span class='ocrx_word' id='word_1_614' title='bbox 910 4058 1040 4121; x_wconf 85' lang='lat' dir='ltr'><strong><em>intentio</em></strong></span> <span class='ocrx_word' id='word_1_615' title='bbox 1058 4078 1065 4119; x_wconf 75' lang='grc' dir='ltr'><strong>ι</strong></span> <span class='ocrx_word' id='word_1_616' title='bbox 1087 4059 1142 4121; x_wconf 89' lang='lat' dir='ltr'><strong><em>sed</em></strong></span> <span class='ocrx_word' id='word_1_617' title='bbox 1156 4061 1243 4139; x_wconf 82' lang='lat' dir='ltr'><strong><em>Lnga</em></strong></span> <span class='ocrx_word' id='word_1_618' title='bbox 1258 4059 1288 4120; x_wconf 87' lang='lat' dir='ltr'><strong><em>in</em></strong></span> <span class='ocrx_word' id='word_1_619' title='bbox 1302 4059 1389 4141; x_wconf 82' lang='lat' dir='ltr'><strong><em>Resp.</em></strong></span> <span class='ocrx_word' id='word_1_620' title='bbox 1407 4059 1516 4122; x_wconf 88' lang='lat' dir='ltr'><strong><em>Merel.</em></strong></span> <span class='ocrx_word' id='word_1_621' title='bbox 1534 4060 1556 4122; x_wconf 90' lang='lat' dir='ltr'><strong><em>l.</em></strong></span> <span class='ocrx_word' id='word_1_622' title='bbox 1573 4064 1603 4136; x_wconf 79' lang='lat'><strong><em>2,</em></strong></span> <span class='ocrx_word' id='word_1_623' title='bbox 1621 4059 1651 4120; x_wconf 82' lang='lat' dir='ltr'><strong><em>tl.</em></strong></span> <span class='ocrx_word' id='word_1_624' title='bbox 1669 4061 1698 4136; x_wconf 87' lang='lat' dir='ltr'><strong><em>l,</em></strong></span> 
     </span>
     <span class='ocr_line' id='line_1_94' title="bbox 909 4147 1702 4228; baseline 0 -20"><span class='ocrx_word' id='word_1_625' title='bbox 909 4152 993 4208; x_wconf 89' lang='lat' dir='ltr'><strong><em>recte</em></strong></span> <span class='ocrx_word' id='word_1_626' title='bbox 1009 4147 1101 4210; x_wconf 87' lang='lat' dir='ltr'><strong><em>docet</em></strong></span> <span class='ocrx_word' id='word_1_627' title='bbox 1114 4150 1282 4228; x_wconf 86' lang='lat' dir='ltr'><strong><em>utrumqne</em></strong></span> <span class='ocrx_word' id='word_1_628' title='bbox 1306 4148 1484 4225; x_wconf 87' lang='lat' dir='ltr'><strong><em>incurrisse,</em></strong></span> <span class='ocrx_word' id='word_1_629' title='bbox 1503 4148 1577 4228; x_wconf 86' lang='lat' dir='ltr'><strong><em>quie</em></strong></span> <span class='ocrx_word' id='word_1_630' title='bbox 1590 4147 1621 4208; x_wconf 90' lang='lat' dir='ltr'><strong><em>in</em></strong></span> <span class='ocrx_word' id='word_1_631' title='bbox 1636 4147 1702 4227; x_wconf 89' lang='lat' dir='ltr'><strong><em>pri-</em></strong></span> 
     </span>
     <span class='ocr_line' id='line_1_95' title="bbox 909 4235 1699 4316; baseline 0 -20"><span class='ocrx_word' id='word_1_632' title='bbox 909 4235 969 4296; x_wconf 84' lang='lat' dir='ltr'><strong><em>mis</em></strong></span> <span class='ocrx_word' id='word_1_633' title='bbox 992 4235 1092 4298; x_wconf 84' lang='lat' dir='ltr'><strong><em>adluit</em></strong></span> <span class='ocrx_word' id='word_1_634' title='bbox 1124 4235 1253 4298; x_wconf 88' lang='lat' dir='ltr'><strong><em>intentio</em></strong></span> <span class='ocrx_word' id='word_1_635' title='bbox 1284 4236 1463 4310; x_wconf 76' lang='lat' dir='ltr'><strong><em>duellandi3</em></strong></span> <span class='ocrx_word' id='word_1_636' title='bbox 1497 4236 1614 4316; x_wconf 83' lang='lat' dir='ltr'><strong><em>alioqui</em></strong></span> <span class='ocrx_word' id='word_1_637' title='bbox 1637 4254 1699 4298; x_wconf 88' lang='lat' dir='ltr'><strong><em>non</em></strong></span> 
     </span>
     <span class='ocr_line' id='line_1_96' title="bbox 910 4322 1702 4402; baseline 0.003 -20"><span class='ocrx_word' id='word_1_638' title='bbox 910 4326 978 4385; x_wconf 89' lang='lat' dir='ltr'><strong><em>erat</em></strong></span> <span class='ocrx_word' id='word_1_639' title='bbox 992 4341 1070 4402; x_wconf 84' lang='lat' dir='ltr'><strong><em>opus</em></strong></span> <span class='ocrx_word' id='word_1_640' title='bbox 1092 4323 1222 4386; x_wconf 89' lang='lat' dir='ltr'><strong><em>tendere</em></strong></span> <span class='ocrx_word' id='word_1_641' title='bbox 1237 4322 1277 4384; x_wconf 89' lang='lat' dir='ltr'><strong><em>ed</em></strong></span> <span class='ocrx_word' id='word_1_642' title='bbox 1292 4324 1387 4385; x_wconf 85' lang='lat' dir='ltr'><strong><em>talem</em></strong></span> <span class='ocrx_word' id='word_1_643' title='bbox 1406 4323 1520 4398; x_wconf 88' lang='lat' dir='ltr'><strong><em>locum,</em></strong></span> <span class='ocrx_word' id='word_1_644' title='bbox 1538 4327 1592 4386; x_wconf 85' lang='lat' dir='ltr'><strong><em>eut</em></strong></span> <span class='ocrx_word' id='word_1_645' title='bbox 1612 4340 1702 4386; x_wconf 84' lang='lat' dir='ltr'><strong><em>arma</em></strong></span> 
     </span>
     <span class='ocr_line' id='line_1_97' title="bbox 910 4410 1700 4474; baseline 0.001 -3"><span class='ocrx_word' id='word_1_646' title='bbox 910 4428 1033 4472; x_wconf 87' lang='lat' dir='ltr'><strong><em>sumere</em></strong></span> <span class='ocrx_word' id='word_1_647' title='bbox 1048 4429 1155 4474; x_wconf 89' lang='lat' dir='ltr'><strong><em>secum</em></strong></span> <span class='ocrx_word' id='word_1_648' title='bbox 1172 4431 1178 4473; x_wconf 94' lang='lat'><strong>:</strong></span> <span class='ocrx_word' id='word_1_649' title='bbox 1205 4410 1318 4472; x_wconf 90' lang='lat' dir='ltr'><strong><em>deinde</em></strong></span> <span class='ocrx_word' id='word_1_650' title='bbox 1333 4410 1387 4472; x_wconf 86' lang='lat' dir='ltr'><strong><em>illa</em></strong></span> <span class='ocrx_word' id='word_1_651' title='bbox 1401 4410 1531 4474; x_wconf 88' lang='lat' dir='ltr'><strong><em>intentio</em></strong></span> <span class='ocrx_word' id='word_1_652' title='bbox 1546 4411 1700 4473; x_wconf 85' lang='lat' dir='ltr'><strong><em>sufficien-</em></strong></span> 
     </span>
     <span class='ocr_line' id='line_1_98' title="bbox 909 4497 1699 4577; baseline 0 -16"><span class='ocrx_word' id='word_1_653' title='bbox 909 4502 958 4561; x_wconf 88' lang='lat' dir='ltr'><strong><em>ter</em></strong></span> <span class='ocrx_word' id='word_1_654' title='bbox 971 4498 1169 4561; x_wconf 82' lang='lat' dir='ltr'><strong><em>manifestata</em></strong></span> <span class='ocrx_word' id='word_1_655' title='bbox 1190 4503 1238 4562; x_wconf 89' lang='lat' dir='ltr'><strong><em>est</em></strong></span> <span class='ocrx_word' id='word_1_656' title='bbox 1256 4517 1312 4577; x_wconf 92' lang='lat' dir='ltr'><strong><em>per</em></strong></span> <span class='ocrx_word' id='word_1_657' title='bbox 1332 4498 1462 4575; x_wconf 85' lang='lat' dir='ltr'><strong><em>lilteras,</em></strong></span> <span class='ocrx_word' id='word_1_658' title='bbox 1479 4497 1529 4559; x_wconf 88' lang='lat' dir='ltr'><strong><em>vel</em></strong></span> <span class='ocrx_word' id='word_1_659' title='bbox 1543 4501 1699 4577; x_wconf 88' lang='lat' dir='ltr'><strong><em>nuntium,</em></strong></span> 
     </span>
     <span class='ocr_line' id='line_1_99' title="bbox 909 4584 1700 4666; baseline 0 -20"><span class='ocrx_word' id='word_1_660' title='bbox 909 4585 1052 4664; x_wconf 88' lang='lat' dir='ltr'><strong><em>adeoque</em></strong></span> <span class='ocrx_word' id='word_1_661' title='bbox 1067 4586 1161 4648; x_wconf 86' lang='lat' dir='ltr'><strong><em>etiam</em></strong></span> <span class='ocrx_word' id='word_1_662' title='bbox 1171 4585 1363 4648; x_wconf 84' lang='lat' dir='ltr'><strong><em>sufficienter</em></strong></span> <span class='ocrx_word' id='word_1_663' title='bbox 1372 4584 1455 4648; x_wconf 82' lang='lat' dir='ltr'><strong><em>lectu</em></strong></span> <span class='ocrx_word' id='word_1_664' title='bbox 1465 4586 1513 4646; x_wconf 89' lang='lat' dir='ltr'><strong><em>est</em></strong></span> <span class='ocrx_word' id='word_1_665' title='bbox 1526 4587 1700 4666; x_wconf 85' lang='lat' dir='ltr'><strong><em>acceptatio</em></strong></span> 
     </span>
     <span class='ocr_line' id='line_1_100' title="bbox 909 4672 1701 4754; baseline 0 -18"><span class='ocrx_word' id='word_1_666' title='bbox 909 4673 1034 4751; x_wconf 76' lang='lat' dir='ltr'><strong><em>e&#39;l&#39;itio,</em></strong></span> <span class='ocrx_word' id='word_1_667' title='bbox 1052 4674 1112 4736; x_wconf 91' lang='lat' dir='ltr'><strong><em>hcc</em></strong></span> <span class='ocrx_word' id='word_1_668' title='bbox 1133 4674 1211 4754; x_wconf 89' lang='lat' dir='ltr'><strong><em>ipso,</em></strong></span> <span class='ocrx_word' id='word_1_669' title='bbox 1230 4674 1314 4754; x_wconf 89' lang='lat' dir='ltr'><strong><em>qued</em></strong></span> <span class='ocrx_word' id='word_1_670' title='bbox 1337 4672 1558 4753; x_wconf 85' lang='lat' dir='ltr'><strong><em>comparuerit,</em></strong></span> <span class='ocrx_word' id='word_1_671' title='bbox 1575 4693 1701 4736; x_wconf 83' lang='lat' dir='ltr'><strong><em>nemer</em></strong></span> 
     </span>
     <span class='ocr_line' id='line_1_101' title="bbox 908 4761 1702 4842; baseline 0.004 -19"><span class='ocrx_word' id='word_1_672' title='bbox 908 4763 996 4842; x_wconf 84' lang='lat' dir='ltr'><strong><em>prari</em></strong></span> <span class='ocrx_word' id='word_1_673' title='bbox 1022 4762 1227 4824; x_wconf 87' lang='lat' dir='ltr'><strong><em>duellautium</em></strong></span> <span class='ocrx_word' id='word_1_674' title='bbox 1250 4761 1354 4824; x_wconf 87' lang='lat' dir='ltr'><strong><em>sciunt</em></strong></span> <span class='ocrx_word' id='word_1_675' title='bbox 1377 4779 1503 4838; x_wconf 88' lang='lat' dir='ltr'><strong><em>omnes,</em></strong></span> <span class='ocrx_word' id='word_1_676' title='bbox 1530 4766 1561 4822; x_wconf 86' lang='lat' dir='ltr'><strong><em>et</em></strong></span> <span class='ocrx_word' id='word_1_677' title='bbox 1583 4763 1702 4826; x_wconf 84' lang='lat' dir='ltr'><strong><em>sciebet</em></strong></span> 
     </span>
     <span class='ocr_line' id='line_1_102' title="bbox 909 4847 1700 4930; baseline 0 -19"><span class='ocrx_word' id='word_1_678' title='bbox 909 4850 1019 4926; x_wconf 83' lang='lat' dir='ltr'><strong><em>Tilius,</em></strong></span> <span class='ocrx_word' id='word_1_679' title='bbox 1035 4847 1200 4911; x_wconf 84' lang='lat' dir='ltr'><strong><em>verbailla</em></strong></span> <span class='ocrx_word' id='word_1_680' title='bbox 1222 4853 1363 4929; x_wconf 86' lang='lat' dir='ltr'><strong><em>spectare</em></strong></span> <span class='ocrx_word' id='word_1_681' title='bbox 1387 4847 1428 4908; x_wconf 88' lang='lat' dir='ltr'><strong><em>ad</em></strong></span> <span class='ocrx_word' id='word_1_682' title='bbox 1449 4848 1608 4922; x_wconf 84' lang='lat' dir='ltr'><strong><em>duellum3</em></strong></span> <span class='ocrx_word' id='word_1_683' title='bbox 1626 4868 1700 4930; x_wconf 89' lang='lat' dir='ltr'><strong><em>ergo</em></strong></span> 
     </span>
     <span class='ocr_line' id='line_1_103' title="bbox 909 4936 1320 5016; baseline -0.005 -18"><span class='ocrx_word' id='word_1_684' title='bbox 909 4941 1040 5016; x_wconf 85' lang='lat' dir='ltr'><strong><em>uterque</em></strong></span> <span class='ocrx_word' id='word_1_685' title='bbox 1055 4955 1166 5016; x_wconf 87' lang='lat' dir='ltr'><strong><em>poenas</em></strong></span> <span class='ocrx_word' id='word_1_686' title='bbox 1180 4936 1320 4998; x_wconf 87' lang='lat' dir='ltr'><strong><em>incurrit.</em></strong></span> 
     </span>
    </p>

    <p class='ocr_par' dir='ltr' id='par_1_8' title="bbox 908 5025 1702 5283">
     <span class='ocr_line' id='line_1_104' title="bbox 947 5025 1701 5105; baseline -0.003 -17"><span class='ocrx_word' id='word_1_687' title='bbox 947 5025 965 5103; x_wconf 83' lang='lat'>§</span> <span class='ocrx_word' id='word_1_688' title='bbox 979 5029 1008 5088; x_wconf 83' lang='lat' dir='ltr'><strong><em>ls.</em></strong></span> <span class='ocrx_word' id='word_1_689' title='bbox 1021 5026 1103 5087; x_wconf 82' lang='lat' dir='ltr'><strong><em>Fieri</em></strong></span> <span class='ocrx_word' id='word_1_690' title='bbox 1117 5029 1220 5105; x_wconf 86' lang='lat' dir='ltr'><strong><em>petest</em></strong></span> <span class='ocrx_word' id='word_1_691' title='bbox 1234 5025 1327 5086; x_wconf 86' lang='lat' dir='ltr'><strong><em>etlam</em></strong></span> <span class='ocrx_word' id='word_1_692' title='bbox 1339 5025 1399 5086; x_wconf 88' lang='lat' dir='ltr'><strong><em>hnc</em></strong></span> <span class='ocrx_word' id='word_1_693' title='bbox 1413 5026 1507 5088; x_wconf 89' lang='lat' dir='ltr'><strong><em>modo</em></strong></span> <span class='ocrx_word' id='word_1_694' title='bbox 1522 5025 1617 5087; x_wconf 83' lang='lat' dir='ltr'><strong><em>tacita</em></strong></span> <span class='ocrx_word' id='word_1_695' title='bbox 1631 5042 1701 5104; x_wconf 89' lang='lat' dir='ltr'><strong><em>pro·</em></strong></span> 
     </span>
     <span class='ocr_line' id='line_1_105' title="bbox 908 5111 1702 5194; baseline -0.005 -19"><span class='ocrx_word' id='word_1_696' title='bbox 908 5113 1030 5175; x_wconf 80' lang='lat' dir='ltr'><strong><em>vocatia</em></strong></span> <span class='ocrx_word' id='word_1_697' title='bbox 1054 5114 1094 5174; x_wconf 85' lang='lat' dir='ltr'><strong><em>ed</em></strong></span> <span class='ocrx_word' id='word_1_698' title='bbox 1119 5114 1268 5190; x_wconf 90' lang='lat' dir='ltr'><strong><em>ducllum,</em></strong></span> <span class='ocrx_word' id='word_1_699' title='bbox 1286 5133 1316 5176; x_wconf 77' lang='lat' dir='ltr'><strong><em>v,</em></strong></span> <span class='ocrx_word' id='word_1_700' title='bbox 1332 5132 1363 5194; x_wconf 79' lang='lat' dir='ltr'><strong><em>g.</em></strong></span> <span class='ocrx_word' id='word_1_701' title='bbox 1388 5114 1480 5175; x_wconf 84' lang='lat' dir='ltr'><strong><em>Ceius</em></strong></span> <span class='ocrx_word' id='word_1_702' title='bbox 1505 5114 1603 5175; x_wconf 83' lang='lat' dir='ltr'><strong><em>iratus</em></strong></span> <span class='ocrx_word' id='word_1_703' title='bbox 1626 5111 1702 5172; x_wconf 92' lang='lat' dir='ltr'><strong><em>dicit</em></strong></span> 
     </span>
     <span class='ocr_line' id='line_1_106' title="bbox 908 5201 1700 5283; baseline -0.004 -18"><span class='ocrx_word' id='word_1_704' title='bbox 908 5201 988 5265; x_wconf 81' lang='lat' dir='ltr'><strong><em>&#39;litio</em></strong></span> <span class='ocrx_word' id='word_1_705' title='bbox 1015 5221 1021 5264; x_wconf 94' lang='lat'>:</span> <span class='ocrx_word' id='word_1_706' title='bbox 1048 5203 1095 5263; x_wconf 85' lang='lat' dir='ltr'><strong><em>eri</em></strong></span> <span class='ocrx_word' id='word_1_707' title='bbox 1120 5202 1309 5283; x_wconf 78' lang='lat' dir='ltr'><strong><em>inpietatem</em></strong></span> <span class='ocrx_word' id='word_1_708' title='bbox 1332 5221 1477 5282; x_wconf 91' lang='lat' dir='ltr'><strong><em>mecum,</em></strong></span> <span class='ocrx_word' id='word_1_709' title='bbox 1502 5202 1573 5264; x_wconf 81' lang='lat' dir='ltr'><strong><em>volo</em></strong></span> <span class='ocrx_word' id='word_1_710' title='bbox 1596 5204 1700 5263; x_wconf 89' lang='lat' dir='ltr'><strong><em>tecum</em></strong></span> 
     </span>
    </p>
   </div>
   <div class='ocr_carea' id='block_1_5' title="bbox 0 0 2030 6340">
    <p class='ocr_par' dir='ltr' id='par_1_9' title="bbox 0 0 2030 6340">
     <span class='ocr_line' id='line_1_107' title="bbox 0 0 2030 6340; baseline 0 0"><span class='ocrx_word' id='word_1_711' title='bbox 0 0 2030 6340; x_wconf 95' lang='lat' dir='ltr'><strong><em> </em></strong></span> 
     </span>
    </p>
   </div>
  </div>
 </body>
</html>
