3998 6344
301 589 361 658 too
870 593 987 662 tiana
1014 590 1197 676 TERTIUS,
1223 593 1324 661 PARS
1346 593 1384 662 11.

317 781 473 844 edulitatis
488 784 519 844 et
542 781 680 845 caritatis
695 781 833 845 cilicium
850 784 923 865 jure
937 786 1091 864 postulat,
1149 785 1208 848 sub
1235 785 1359 849 Annulo
1387 783 1570 862 Piscatoris,
1595 783 1646 847 die
1669 786 1711 848 30
1732 785 1844 850 mensis
1862 785 1920 852 llaii
1986 770 1991 776 ¹

302 875 338 934 ut
351 871 495 933 omnihus
516 875 625 934 notum
640 871 762 934 faciatis
776 876 808 934 et
821 873 1023 952 annuntietis,
1040 892 1095 936 ne·
1150 877 1239 954 l'tll,
1256 875 1459 938 Pontificatus
1473 874 1576 939 Nostri
1591 879 1682 938 Anno
1698 876 1809 956 primo.
1824 899 1838 937 r

302 957 379 1019 mini
394 958 521 1039 quidem
536 958 602 1020 sine
615 958 756 1038 legitima
766 979 871 1038 causa,
882 967 914 1022 et
927 961 966 1022 de
981 962 1095 1023 utrius·

303 1063 363 1126 que
384 1045 496 1109 Medici
518 1046 662 1122 consilio;
679 1047 870 1110 multitudini
889 1069 980 1128 vero,
998 1049 1093 1112 velut'

301 1134 428 1214 populo,
441 1140 496 1197 aut
509 1135 639 1213 civitati,
656 1139 712 1197 aut
722 1137 807 1215 genti
824 1137 1095 1230 indiscriminatim

301 1221 442 1301 integrae,
459 1221 581 1286 nonnisi
596 1223 786 1303 gravissima
800 1231 831 1286 at
845 1230 976 1306 urgente
990 1244 1096 1287 neces·

1792 1194 1816 1217 a.

1349 1262 1399 1310 ss.
1430 1263 1575 1310 nortus
1602 1261 1749 1310 nosrnr
1844 1263 1905 1313 5·

215 1321 219 1326 ’
301 1308 402 1382 sitate‚
416 1317 447 1371 et
456 1309 487 1370 in
503 1310 626 1372 casibus
637 1329 793 1390 persacra
803 1314 965 1376 Ganonum
979 1316 1096 1376 statuta

301 1398 491 1479 praescriptis
501 1417 574 1461 cum
584 1399 690 1460 debita
700 1403 990 1484 Apostolicaehujus
999 1405 1095 1466 Sanc·
1262 1395 1286 1456 B
1297 1397 1321 1457 Ε
1333 1398 1357 1457 N
1369 1397 1394 1457 Ε
1406 1397 1485 1460 lilG
1497 1399 1540 1459 ΤΙ
1567 1398 1710 1460 PAPAE
1738 1397 1786 1460 XI
1797 1400 1823 1462 V

300 1491 340 1548 tte
353 1487 442 1551 Sedis
457 1489 632 1550 reverentia
646 1506 666 1550 a
681 1490 951 1569 Quadragesimali
969 1493 986 1555 J
990 1491 1094 1572 ejunio

301 1575 566 1655 dispensationem
599 1577 689 1638 toties
719 1579 839 1658 quoties
869 1598 948 1659 opus
979 1578 1092 1656 luerit,
1148 1587 1288 1668 Epistola
1303 1588 1526 1668 lincyelicaad
1542 1589 1756 1669 Patriarchas,
1775 1591 1926 1669 Primates,

301 1664 549 1742 concedendam,
562 1683 620 1727 nec
629 1666 780 1728 audacter
795 1667 991 1748 fidenterque
1006 1685 1094 1728 usur·
1189 1675 1460 1754 Metropolitanos,
1482 1677 1744 1758 Archiepiscopos
1765 1683 1799 1740 et
1820 1681 1928 1760 Episro
1988 1691 1991 1756 j

300 1752 450 1832 pandam,
467 1771 527 1814 nec
540 1753 674 1832 superbe
690 1757 721 1816 et
734 1760 920 1834 arroganter
933 1756 974 1817 ab
987 1754 1096 1817 Eccle·
1188 1782 1245 1843 pos
1269 1764 1449 1842 universos,
1472 1766 1607 1845 gratiam
1635 1771 1667 1829 et
1689 1772 1926 1830 communionem

300 1843 363 1920 sia,
385 1843 467 1906 sicut
487 1841 600 1903 alicubi
623 1843 654 1904 in
675 1861 762 1906 more
777 1845 913 1924 positum
927 1864 994 1906 esse
1007 1861 1094 1906 acce·
1189 1852 1279 1915 Sedis
1293 1852 1480 1931 Apostolicae
1495 1853 1657 1916 hahentes.

300 1931 423 2010 pimus,
445 1950 513 1992 esse
527 1931 759 2016 postulandam.
782 1935 1004 1996 Gravissimum
1019 1951 1093 1995 vero

301 2023 527 2099 urgentemque
545 2019 777 2100 hecessilatem,
797 2023 853 2086 etsi
875 2042 937 2085 non
960 2026 1017 2100 est,
1039 2041 1095 2084 cur

300 2109 389 2171 vobis
408 2108 613 2187 explicemus;
639 2111 785 2173 nolumus
802 2115 907 2174 tamen
922 2113 985 2176 Vos
1008 2111 1094 2191 igno·

299 2215 382 2275 rare,
407 2215 480 2259 eum
501 2197 681 2278 hujusmodi
703 2200 888 2262 necessitate
913 2205 945 2264 et
969 2218 1095 2262 serran-

300 2287 373 2348 dam
396 2305 465 2348 esse
486 2287 682 2365 potissimum
702 2288 828 2352 unicam
847 2291 1092 2366 domestionem,

300 2375 381 2437 sicut
403 2375 480 2437 alias
504 2375 555 2437 hic
578 2380 700 2455 Roma,
717 2395 754 2438 ac
777 2379 840 2440 Nos
857 2376 914 2457 ipsi
929 2378 989 2439 hoo
1012 2393 1095 2438 anno

300 2463 484 2542 urgentibus
498 2463 599 2525 causis
614 2463 843 2542 dispensantes,
857 2482 1003 2544 expresse
1016 2480 1095 2543 proe-

300 2551 493 2632 scripsimus,
509 2556 542 2614 et
554 2551 655 2614 licitas
674 2558 767 2632 atque
783 2553 965 2615 interdictas
978 2553 1095 2630 Epulas
1195 2579 1210 2616 a
1232 2555 1448 2620 Libentissime
1471 2555 1600 2636 quidem
1618 2555 1854 2636 amplectimur,
1877 2574 1933 2636 qua

300 2639 477 2720 promiscue
505 2639 635 2701 minimo
663 2641 866 2720 apponendas
895 2660 973 2702 esse.
997 2644 1094 2702 Porro
1150 2647 1246 2711 Nobis
1260 2646 1442 2721 atteruntur,
1453 2645 1634 2706 occasiones
1645 2645 1934 2708 advestrosanimos

301 2726 569 2808 quemadmodum
592 2727 630 2789 de
646 2727 799 2808 ejmmodi
818 2729 1015 2810 indulgentia
1029 2733 1094 2791 iam
1150 2735 1346 2811 excitandos,
1363 2737 1398 2795 ut
1415 2733 1642 2797 Ecclesiastioae
1661 2733 1838 2813 disciplina
1858 2751 1934 2812 repa·

300 2815 1096 2897 cauteimpertienda,sisecuslleret,Nospersua-
1149 2825 1256 2886 randae
1288 2823 1430 2884 sedulam
1467 2839 1575 2883 euram
1604 2821 1788 2885 conteratis.
1827 2821 1933 2884 Etenim

302 2922 372 2965 sum
388 2904 542 2966 habemus
556 2904 730 2967 districtam
743 2923 891 2986 supremo
913 2907 1025 2968 Divino
1039 2908 1096 2968 Ju-
1150 2911 1269 2976 Summi
1288 2910 1489 2972 Pontificatus
1503 2909 1669 2988 dignitati,
1686 2910 1729 2970 ad
1745 2929 1842 2991 quam
1865 2913 1930 2985 Nos,

1238 2105 1724 2169 BENEDlC'l'USPAPA
1749 2105 1849 2168 XIV.

1190 2271 1372 2336 Venerabiles
1385 2271 1516 2349 Fratres,
1531 2269 1698 2334 salutemet
1717 2272 1907 2356 Apostolorum

1422 2359 1668 2426 Benedictiooem·

301 2992 363 3054 dici
386 2992 547 3055 redditum
560 2991 598 3054 iri
614 2993 782 3070 rationem,
806 2995 850 3057 ita
872 2995 1095 3058 conscientiam
1148 3001 1221 3062 licet
1242 2999 1458 3074 immerentes,
1476 2998 1575 3060 evecti
1590 2997 1725 3073 luimus,
1747 2999 1934 3080 conjunctam

301 3080 547 3162 uniuscujusque
562 3083 708 3144 Vestrum
723 3083 917 3145 onerandam
928 3102 995 3146 esse
1007 3083 1095 3145 duci-

300 3187 381 3232 mus.
398 3168 527 3230 insimul
551 3170 774 3233 Fraternitates
789 3176 910 3235 vestras
931 3191 1091 3252 rogamus,

301 3263 332 3320 et
345 3255 377 3318 in
391 3256 522 3318 Domino
538 3257 755 3337 exhortantes,
773 3259 975 3322 obsecramus
990 3262 1025 3321 ut
1038 3276 1095 3336 po-

300 3345 402 3426 pulos,
428 3344 480 3426 qui
508 3363 707 3407 communem
734 3349 876 3409 omnium
902 3346 1095 3410 caristinde-

300 3434 377 3496 lium
392 3433 608 3512 paenitentiam
628 3454 665 3497 ac
679 3434 877 3514 disciplinam
895 3453 1021 3498 servare
1040 3453 1096 3495 ne-

301 3525 429 3601 queant,
446 3537 646 3582 commonere
661 3523 821 3602 satagatis,
833 3541 873 3583 ne
883 3541 939 3602 per
953 3523 1015 3584 alia
1028 3522 1095 3600 pie-

301 3609 376 3671 tatis
390 3627 505 3688 opera,
520 3613 556 3672 ut
578 3628 635 3670 sua
656 3611 768 3690 cuique
784 3610 909 3673 devotio
924 3613 1091 3689 suggeret,

1149 3106 1217 3150 esse
1241 3084 1835 3165 inteligimussollicitudinenraliaium
1845 3086 1937 3148 Eccle-

1149 3177 1268 3237 siarum
1291 3174 1450 3254 Nobisque
1474 3173 1747 3253 commendatam,
1773 3175 1828 3255 qui
1858 3173 1936 3254 piane

1148 3264 1333 3326 tenuitatem
1347 3261 1463 3322 virium
1478 3264 1656 3323 nostrarum
1671 3279 1736 3322 non
1752 3262 1933 3342 ignoramus.

1189 3375 1203 3411 n
1223 3354 1300 3414 Cum
1323 3350 1430 3430 itaque
1444 3348 1646 3428 presentium
1663 3349 1847 3412 litterarum
1860 3369 1937 3430 argu·

1148 3444 1290 3501 mentum
1312 3441 1413 3498 totum
1428 3436 1468 3497 sit
1482 3436 1521 3496 de
1538 3434 1680 3516 Jejunio,
1704 3438 1794 3517 quod
1811 3442 1936 3516 tempore

1149 3525 1424 3605 Quadrsgesimae,
1446 3523 1544 3584 veteri
1568 3524 1717 3585 Ecclesia
1742 3527 1884 3589 instituto
1906 3541 1935 3585 ac
1965 3519 1966 3556 ³

1148 3615 1217 3694 lege
1242 3613 1402 3674 Fidelibus
1420 3611 1579 3685 indicitur,
1597 3629 1874 3690 supervacaneum
1890 3613 1937 3674 dn·

301 3703 430 3775 paccata
451 3715 508 3758 sua
529 3697 655 3776 expiare
674 3703 706 3759 et
724 3700 788 3759 Deo
803 3698 982 3761 satisfacere
998 3697 1095 3776 negli-
1149 3701 1385 3780 cimuslongam
1399 3698 1573 3760 orationem
1588 3700 1746 3761 conticere
1756 3701 1936 3774 deOuadra·

300 3789 394 3864 gant;
418 3783 557 3865 quinimo
581 3785 730 3849 sanandis
754 3787 954 3866 vulneribus,
981 3787 1094 3867 quibus
1149 3791 1275 3871 gesimae
1285 3787 1490 3863 Institutione,
1505 3789 1537 3848 et
1550 3789 1678 3847 Petrum
1690 3791 1722 3849 et
1735 3789 1937 3850 Consiliorum

301 3869 441 3933 humana
462 3872 626 3934 infirmitas
650 3874 827 3952 sauciatur,
844 3875 1026 3954 diligentem
1040 3874 1094 3935 ad·
1149 3895 1257 3940 omnes
1271 3893 1366 3955 super
1380 3876 1439 3936 hac
1453 3893 1487 3935 re
1500 3875 1533 3935 in
1547 3873 1689 3935 medium
1707 3876 1854 3954 prolerre
1872 3893 1936 3938 auo·

301 3958 410 4021 hibere
419 3961 781 4040 studeantcurationem,
792 3967 827 4024 ut
836 3964 943 4043 culpas
954 3964 992 4024 de
1003 3981 1095 4024 mun·
1148 3966 1300 4029 toritates.
1317 3963 1450 4025 Difficile
1465 3962 1495 4022 id
1512 3961 1641 4042 quidem
1661 3963 1762 4025 Nobis
1777 3983 1891 4044 parum
1901 3962 1938 4023 ri·

301 4048 384 4111 dano
406 4048 533 4128 pulvere
557 4055 747 4129 contractas,
768 4052 843 4112 dum
868 4057 953 4115 casta
974 4052 1095 4133 jejunia
1149 4052 1294 4127 deretur,
1320 4051 1376 4111 sed
1399 4049 1503 4128 potius
1524 4048 1680 4126 alienum,
1698 4056 1731 4110 et
1755 4048 1937 4114 nullomodo

301 4135 481 4217 decoquere
496 4157 557 4200 non
573 4145 715 4217 possunt,
732 4139 901 4220 piaopera,
918 4141 1094 4203 orationum
1149 4145 1396 4201 consentaneum
1418 4137 1536 4214 Vobis,
1562 4156 1642 4218 quos
1664 4138 1815 4202 doctrina
1835 4138 1935 4212 laude,

300 4225 451 4305 suffragia
475 4231 506 4290 et
534 4226 740 4306 eleemosyna
767 4247 900 4290 munera
926 4229 1092 4290 redimant.
1149 4229 1312 4289 (lenonum
1334 4229 1366 4287 et
1386 4227 1490 4288 Sacrae
1505 4225 1649 4286 Historia
1664 4227 1849 4305 cognitione
1869 4243 1939 4305 pre-

301 4312 431 4374 lnterim
445 4314 592 4377 solatium
608 4320 639 4378 et
651 4316 795 4376 levamen
812 4335 872 4377 non
884 4317 952 4378 leve
967 4315 1094 4378 moerori
1149 4319 1269 4377 stantes
1286 4313 1487 4376 arbitramur.
1512 4315 1609 4374 Porro
1623 4313 1665 4374 ad
1679 4315 1875 4377 scribendas
1887 4313 1936 4374 has

300 4406 409 4463 nostro
423 4420 443 4462 a
457 4403 605 4481 pastorali
620 4403 783 4484 vigilantia
797 4408 828 4467 et
842 4406 971 4467 caritate
989 4409 1095 4466 vestra
1148 4405 1268 4466 litteras
1281 4402 1410 4463 adducti
1424 4401 1543 4463 luimus
1555 4400 1754 4480 gravissimis
1769 4402 1874 4464 verbis
1884 4397 1938 4462 ru·-

300 4490 537 4570 praestolantes,
568 4509 604 4552 ac
640 4497 726 4554 certo
761 4493 856 4554 Nobis
888 4493 1091 4572 pollicenteS,
1149 4493 1284 4554 dentinae
1309 4489 1446 4568 synodi,
1471 4507 1542 4570 quae
1559 4507 1624 4552 sess.
1645 4493 1695 4566 25,
1720 4489 1760 4552 de
1783 4489 1936 4570 liesorraut.

299 4579 512 4657 Apostolicam
526 4579 778 4642 benedictionem
792 4600 865 4642 oum
879 4582 967 4643 uberi
983 4583 1095 4643 ooeles·
1148 4580 1291 4660 praecipit
1313 4577 1476 4658 Episcopis
1497 4595 1592 4640 omne
1612 4578 1754 4641 studium
1769 4576 1937 4658 impendere

300 4666 379 4728 tium
400 4668 625 4730 charismatum
643 4671 735 4750 copia
752 4669 953 4751 conjunctam
976 4671 1007 4730 in
1028 4687 1094 4730 eos·
1149 4673 1184 4730 ut
1204 4668 1327 4730 Fideles
1347 4667 1489 4744 ipsorum
1507 4683 1592 4728 curae
1614 4665 1721 4728 traditi
1741 4685 1862 4746 magua
1877 4661 1938 4726 reli·

300 4755 373 4816 dem
395 4758 526 4836 populos
546 4763 666 4819 vestros
688 4757 955 4836 redundaturam,
978 4757 1092 4834 Vobis,
1148 4756 1243 4836 gione
1266 4753 1432 4834 perficiant
1450 4772 1488 4815 ea
1506 4771 1576 4834 quae
1600 4772 1620 4815 a
1642 4753 1749 4816 Sacris
1771 4753 1937 4816 canonibus

300 4845 502 4908 venerabiles
516 4849 650 4924 Fratres,
668 4855 871 4926 peramanter
884 4845 1091 4927 impertimus.
1149 4845 1412 4924 praescribuntur:
1429 4841 1468 4904 Ut
1482 4843 1540 4904 illes
1555 4842 1700 4919 omnibm,
1714 4851 1742 4903 rt
1757 4843 1797 4904 its
1802 4840 1939 4924 precipue

300 4932 452 4994 Volumus
476 4937 581 4994 autem
608 4941 643 4995 ut
664 4934 866 5014 praesentium
890 4933 1096 5012 transumptis
1148 4935 1207 4995 sint
1220 4933 1410 5014 obsequentes,
1434 4929 1554 5012 qaoad
1570 4929 1812 5013 mordfirondom
1835 4945 1936 4992 mss

299 5019 366 5080 sive
385 5021 534 5099 exemplis
555 5021 652 5083 etiam
670 5022 830 5102 impressis
848 5041 943 5083 manu
964 5021 1096 5102 alicujus
1150 5019 1326 5097 conducant,
1343 5019 1516 5081 attritorum
1530 5017 1656 5082 detectus
1668 5019 1839 5100 etjpsnia.

299 5108 418 5170 Notarii
433 5109 548 5188 publici
564 5111 759 5190 subscriptis,
778 5115 809 5173 et
829 5111 938 5191 Sigillo
953 5128 1095 5190 personae
1190 5133 1204 5169 o
1223 5109 1282 5173 Ubi
1297 5109 1435 5188 primum
1454 5107 1684 5170 Bononiensem
1705 5109 1877 5170 Ecclesiam
1889 5103 1937 5166 ad·

299 5195 332 5256 in
353 5196 505 5277 dignitate
523 5198 743 5260 Ecclesiastica
762 5200 939 5262 constitutae
953 5199 1094 5276 munitis,
1152 5197 1392 5259 ministrandam
1406 5195 1599 5274 suscepimus
1616 5194 1782 5276 (adquam
1797 5191 1934 5256 beneficio

299 5284 411 5346 eadem
423 5303 551 5364 prorsus
566 5287 682 5367 ubique
704 5288 784 5348 fides
805 5288 1005 5364 adhibeatur,
1024 5304 1095 5367 quar
1150 5287 1316 5349 Clementis
1339 5286 1409 5347 lllll
1424 5284 1476 5346 tel.
1498 5283 1622 5345 record.
1645 5282 1686 5344 ab
1709 5282 1794 5346 Sede
1816 5277 1936 5378 Anconi-

299 5374 507 5453 praesentibus
521 5375 725 5439 adhiberetur
734 5379 766 5438 et
779 5377 924 5440 adhiberi
940 5381 1056 5456 posset,
1069 5374 1096 5436 si
1150 5378 1224 5437 tana
1246 5371 1390 5434 translati
1411 5369 1551 5450 luimus),
1576 5371 1762 5432 illaudatum
1786 5367 1935 5445 evulgare·

299 5463 402 5525 forent
415 5462 560 5525 exhibitae
574 5465 624 5525 vel
641 5467 786 5526 ostensa.
1149 5481 1219 5524 mus
1235 5460 1330 5542 (quod
1345 5459 1437 5523 Libro
1451 5459 1552 5539 primo
1566 5458 1804 5521 Institutionum
1819 5457 1934 5518 Nostra·

339 5571 354 5612 u
372 5553 486 5614 Datum
505 5554 621 5632 Romae,
638 5552 722 5633 apud
737 5555 769 5616 S.
781 5552 914 5616 Mariam
930 5551 1094 5634 Maiorem,
1150 5569 1221 5614 rum
1234 5567 1292 5629 pro
1306 5547 1388 5616 viris
1397 5545 1624 5612 ecelesiasticis
1633 5539 1933 5628 decimoquarto
