4144 6336
341 371 360 429 lt
606 445 608 450 Ι
809 371 857 433 be
888 371 1193 435 <lamentatione
1229 377 1456 442 uastantur.

338 535 466 600 diversis
483 539 623 619 personis
641 539 828 601 habentibus
842 541 977 602 diversas
992 541 1110 620 obliga-

337 628 437 692 tiones
451 633 627 710 personales
640 633 679 692 ab
695 634 829 695 invicem
852 635 1107 714 independentes.

336 723 366 780 3.
397 723 473 796 Quia
499 725 553 804 qui
581 725 614 786 in
637 726 685 786 dic
716 726 831 804 J'cjunii
856 745 910 786 ser
929 727 1108 787 hominibus

335 816 454 892 suadet,
491 823 526 877 ut
561 837 671 898 parum
706 821 882 892 comedant,
911 839 975 880 non
1003 826 1109 900 peccat

291 899 297 914 '
334 909 481 986 graviter,
497 913 640 988 quamvis
654 930 750 990 parva
768 913 831 990 illa,
852 931 922 992 quae
941 931 960 973 a
978 913 1108 988 singulis

286 1017 288 1020 ·
334 1007 511 1078 sumuntur,
534 1011 636 1064 esseut
656 1005 788 1065 materia
808 1007 909 1081 gravis
931 1011 1106 1086 transgres-

333 1091 438 1168 sionis,
460 1094 484 1153 si
500 1095 539 1155 ab
553 1115 616 1158 uno
632 1102 829 1158 sumerentur
846 1118 853 1158 ι
871 1117 945 1178 ergo
963 1098 1047 1159 idem
1061 1105 1107 1161 est

332 1184 392 1246 laio.
414 1235 421 1247 .

248 1286 303 1348 581
372 1278 400 1358 ἕ.
422 1281 453 1340 2.
478 1281 619 1360 Spectata
632 1280 751 1344 ratione
772 1283 896 1347 videtur
915 1283 1105 1363 probabilius

330 1371 426 1440 talem
453 1375 655 1436 mandantem
686 1395 815 1456 peccare
843 1377 1025 1454 mortaliter,
1061 1379 1105 1438 ita

331 1465 479 1528 drsdech.
497 1475 521 1528 t.
538 1471 568 1528 1.
581 1471 651 1550 pe.
668 1477 689 1528 t.
707 1471 737 1530 s.
754 1489 778 1530 c.
797 1473 826 1530 3.
847 1470 875 1548 ἑ.
892 1473 918 1530 l.
932 1489 961 1550 q.
974 1473 1003 1530 4.
1016 1489 1101 1532 nam.

331 1561 533 1622 lutondans
558 1567 701 1622 censetur
735 1563 868 1640 ipsemet
892 1563 1104 1643 principaliter

328 1650 468 1714 laborare
483 1673 538 1734 per
549 1654 719 1716 notabilem
732 1654 793 1714 dici
809 1660 941 1732 partem,
956 1655 1102 1717 adhibitis

327 1744 395 1804 aliis
418 1746 505 1806 velrrt
527 1747 752 1820 instrumentis
777 1747 854 1808 adeo
878 1748 1048 1826 respective
1062 1749 1102 1809 ad

326 1836 430 1916 ipsum
444 1839 622 1899 coalescunt
632 1844 720 1918 parte
733 1839 847 1900 laboris
855 1859 863 1914 ;
879 1845 909 1899 et
923 1858 996 1900 ιιιιιιι
1011 1857 1102 1901 man-

326 1929 378 1988 det
404 1932 573 1992 successive
599 1931 679 2006 lieri,
709 1933 809 2010 reipsa
839 1933 967 2011 ponitur
996 1934 1100 2010 gravis

324 2019 522 2083 inhonoratio
539 2024 629 2098 Festi,
646 2023 720 2102 qrria
733 2025 861 2103 ponitur
877 2024 964 2084 labor
979 2043 1034 2104 per
1047 2044 1101 2086 sex

324 2113 415 2174 horas
438 2116 564 2192 durans,
590 2120 620 2175 et
641 2116 768 2194 quidem
789 2117 961 2176 mortaliter
980 2117 1098 2196 abipso

324 2207 445 2282 eodem,
461 2209 515 2286 qui
540 2227 633 2268 caiisa
661 2213 707 2267 est
727 2207 821 2286 hujus
844 2209 937 2268 totius
959 2209 1096 2270 laboris:

323 2315 397 2376 ergo
411 2301 617 2360 mandansest
631 2318 723 2360 carisa
735 2301 837 2374 gravis
851 2301 1099 2364 inhonorationis

322 2387 412 2446 Festi.
438 2391 467 2448 2.
490 2388 521 2447 Si
549 2389 641 2465 Cujus
664 2395 791 2448 eentum
811 2388 944 2450 farnulos
966 2391 1095 2467 babens,

321 2479 448 2558 singulis
460 2481 634 2556 marcuerat,
650 2487 687 2540 ιιι
700 2501 763 2540 ιιιιο
776 2482 948 2559 quadrante
962 2483 1097 2544 facerent

319 2570 499 2634 incendium
509 2573 746 2640 successive,illc
755 2574 911 2634 diceretur
925 2593 989 2634 esse
1007 2594 1097 2636 caiisa

319 2663 460 2724 diuturni
479 2664 625 2740 incendii,
652 2666 794 2744 quamvis
819 2664 934 2741 singuli
960 2665 1097 2728 facerent

318 2753 411 2816 breve
426 2757 586 2816 inocdium
601 2777 608 2831 ;
625 2761 655 2816 et
669 2757 790 2817 etiamsi
801 2757 884 2835 apud
899 2757 1096 2820 diversosilla

318 2846 462 2908 incendia
490 2849 638 2922 tacerent,
667 2854 773 2910 tamen
801 2855 880 2909 esset
911 2849 1097 2911 diuturnum

318 2938 511 3016 incendium,
542 2942 674 3018 ideoque
702 2941 727 3000 si
755 2941 794 3002 ad
820 2959 913 3020 grave
936 2949 1095 3021 peccatum

318 3031 455 3094 incendii
479 3033 633 3093 sufficeret
656 3033 852 3106 diuturnitas,
873 3034 924 3094 hic
944 3036 1096 3112 posuisset

318 3142 413 3201 gravo
440 3125 639 3198 incendium3
668 3126 721 3185 sed
749 3125 791 3184 sio
817 3125 964 3186 sehabet
988 3145 1037 3188 res
1061 3130 1093 3188 in

317 3221 422 3275 nostro
439 3235 522 3291 casu,
538 3235 611 3276 nam
626 3216 665 3276 ad
679 3234 806 3294 gravem
821 3217 1092 3280 inhonorationem

319 3307 398 3367 Festi
425 3309 537 3368 suflicit
562 3309 748 3368 diuturnitas
777 3309 1089 3371 inhononorationis:

318 3417 403 3477 crgo.
426 3403 456 3461 3.
480 3401 567 3477 Oajas
591 3401 743 3460 mandans
768 3401 874 3461 deccm
895 3401 1028 3478 famulis,
1058 3408 1092 3463 ut

318 3490 462 3570 singulis
476 3493 556 3552 Titio
571 3493 716 3552 furentur
730 3493 875 3569 solidum,
892 3499 997 3572 peccat
1010 3514 1092 3556 ntor-

317 3583 430 3660 taliter,
447 3585 518 3645 licet
526 3585 642 3662 singuli
654 3591 778 3644 tautum
790 3585 961 3660 venialiter,
972 3589 1043 3664 quia
1053 3587 1091 3648 ab

318 3677 427 3736 eaodem
435 3678 505 3756 Cajo
521 3677 680 3736 moraliter
694 3683 854 3755 ponuntur
867 3677 1088 3754 singulatirrta,

318 3773 470 3828 ettotam
494 3769 671 3828 damnum:
694 3787 768 3846 ergo
794 3767 935 3828 similiter
961 3769 1029 3844 hic;
1046 3773 1091 3830 uti

318 3859 402 3919 enim
424 3861 476 3920 illa
504 3859 645 3938 partialis
670 3859 753 3919 furta
786 3861 939 3918 uniuntur
972 3862 1090 3923 ratione

317 3953 411 4012 unius
425 3953 531 4012 damni
546 3951 647 4030 aCajo
662 3951 840 4028 causati,ita
850 3951 1090 4029 singulilabores

317 4047 438 4106 ratione
448 4045 541 4104 unius
549 4044 705 4102 diuturna
717 4044 967 4102 inhonorationis
976 4063 994 4104 a
1004 4064 1090 4118 mau-

317 4137 410 4197 dante
437 4141 577 4196 causata.
605 4137 634 4194 1.
661 4135 775 4196 Saltem
810 4135 868 4194 hoe
890 4141 936 4194 est
955 4138 1090 4214 graviter

318 4229 543 4294 scandalosum,
560 4245 634 4286 narn
648 4231 750 4304 presset
763 4226 832 4303 quis
846 4225 932 4284 abuti
948 4229 1088 4288 multitu-

318 4321 390 4381 dine
407 4320 584 4389 hominum,
601 4323 632 4378 et
655 4319 765 4392 faeere,
782 4321 816 4375 ut
833 4320 898 4376 toto
913 4317 963 4376 die
982 4318 1015 4378 in
1034 4337 1088 4379 sua

317 4413 411 4472 domo
436 4411 587 4471 serviliter
619 4408 828 4482 laboraretur,
864 4408 948 4485 quod
982 4410 1089 4488 utique

318 4510 395 4564 osset
409 4502 542 4582 graviter
551 4499 804 4560 inhonoretivum
818 4497 897 4557 Festi
916 4517 1018 4577 :ergo

233 4613 293 4672 582
358 4595 385 4674 ξ.
409 4598 438 4656 3.
466 4595 512 4654 Ad
536 4597 720 4669 argumenta
745 4588 897 4650 contraria
923 4590 1019 4650 t'acibs
1042 4600 1088 4654 est

316 4685 486 4766 responsio.
501 4682 589 4745 Adi.
606 4683 681 4759 Ncg.
699 4699 865 4741 ronanam
880 4680 993 4760 singuli
1004 4683 1087 4744 labo-

316 4798 366 4839 res
392 4796 457 4838 nou
482 4774 658 4836 coalescunt
689 4777 829 4850 respectu
863 4771 1083 4851 laborantium,

286 4869 288 4874 ’
315 4872 390 4951 quia
400 4869 434 4928 hi
446 4865 690 4944 independenter
699 4865 738 4922 ab
749 4863 881 4922 invicem
893 4863 1035 4924 laborant
1051 4886 1085 4926 :c

315 4968 423 5024 contra
445 4975 553 5019 omnes
574 4955 717 5015 laborant
743 4956 950 5033 dependenter
969 4957 1008 5016 ab
1022 4977 1084 5018 uuo

315 5054 483 5115 mandante
497 5068 503 5108 :
519 5065 592 5126 ergo
607 5046 755 5117 tetradia,
772 5065 826 5105 cur
839 5054 978 5125 respectu
992 5049 1085 5127 liujus

316 5146 507 5209 coalescant:
524 5145 555 5200 ct
569 5139 613 5198 sic
627 5143 711 5216 patet
725 5139 818 5197 etiam
833 5136 873 5196 ud
884 5139 914 5196 ιι.
929 5137 988 5199 Ad.
1001 5143 1030 5199 3.
1044 5142 1082 5202 Ν.

315 5256 439 5316 conseq.
458 5231 621 5312 llisparitas
646 5235 702 5294 est,
724 5229 808 5306 quod
822 5247 877 5306 per
897 5248 1003 5291 omnes
1017 5232 1084 5293 illas

315 5331 408 5392 etiam
433 5325 527 5387 simul
558 5325 695 5401 sumptas
718 5321 922 5381 comestiones
945 5325 1030 5384 nulla
1048 5327 1083 5385 tit

313 5421 417 5502 gravis
431 5413 632 5495 transgressio
646 5412 791 5492 praecepti
808 5423 821 5469 ι’
833 5412 905 5490 clivia
917 5431 982 5474 nnn
996 5417 1083 5494 poni-

313 5525 366 5579 tur
378 5509 512 5572 secunda
527 5504 767 5586 plenarel'ectio,
782 5504 836 5564 sed
853 5503 967 5582 singuli
980 5507 1080 5590 adhuc

1160 550 1282 606 servant
1294 547 1624 628 substantiamjejunii,
1639 554 1670 611 et
1683 553 1841 610 macerant
1854 563 1925 608 ror·
1955 569 1961 582 ι

1160 655 1228 716 pus,
1245 638 1299 717 qui
1313 647 1359 700 est
1371 639 1441 700 linis
1452 642 1597 732 praecepti
1613 645 1766 702 :econtra
1778 641 1812 700 iu
1818 645 1925 699 nostro
1955 715 1957 718 Ι

1160 747 1230 790 casu
1245 749 1300 810 per
1313 732 1381 792 illos
1393 733 1512 794 labores
1525 734 1650 812 ponitur
1668 733 1770 812 gravis
1790 731 1924 792 inhono-

1158 822 1237 882 ratio
1249 823 1442 900 festi,0mnes
1452 832 1555 886 autem
1564 825 1740 886 aliilabores
1748 823 1924 884 attribuun-

1158 919 1209 974 tur
1219 917 1275 976 uni
1287 918 1445 978 mandanti
1459 937 1550 998 :ergo
1564 919 1674 980 morito
1688 917 1733 978 illi
1742 915 1928 978 attribuitur

1156 1008 1259 1084 gravis
1271 1008 1467 1070 inhonoratio
1481 1011 1571 1086 Festi,
1586 1029 1651 1072 non
1664 1011 1779 1082 minus,
1791 1026 1886 1088 qrram
1901 1007 1925 1068 si

1157 1098 1227 1160 illos
1237 1100 1359 1163 labores
1369 1103 1432 1182 ipse
1444 1103 1569 1183 physice
1584 1108 1723 1183 poneret.

1435 1281 1584 1342 DUBlb'bl
1601 1281 1642 1340 II.

1157 1417 1228 1492 Oura
1243 1427 1485 1480 concrescerent
1499 1417 1536 1480 ab
1545 1418 1741 1480 obseruatione
1754 1413 1923 1489 Fertor-ura,

1273 1511 1308 1572 ob
1320 1531 1393 1593 qaus
1402 1531 1494 1593 opera
1505 1510 1656 1592 prohibitu
1668 1510 1802 1572 liceant?

1196 1653 1217 1684 “
1240 1651 1330 1712 Tales
1357 1653 1511 1732 praecipue
1539 1657 1612 1712 sunt
1635 1657 1779 1730 septem:
1800 1647 1923 1723 Ρπιιια,
1949 1641 2006 1702 581

1154 1745 1342 1823 Dispensatio
1357 1746 1505 1824 Episcopi,
1521 1745 1570 1806 vel
1583 1743 1724 1806 habentis
1739 1747 1925 1822 potestatem

1152 1837 1239 1914 quasi
1258 1838 1478 1916 Episcopalem‚
1508 1838 1553 1898 uti
1579 1837 1759 1915 Superiores
1785 1835 1924 1913 Religio-

1151 1945 1239 2001 num,
1268 1929 1331 1988 imo
1359 1934 1390 1990 et
1417 1928 1560 2002 Parachi,
1585 1929 1709 2007 quando
1735 1945 1799 1988 non
1827 1927 1924 1988 datur

1149 2020 1246 2081 facilis
1260 2039 1394 2082 accessus
1408 2022 1447 2081 ad
1460 2021 1655 2100 Episcopum.
1673 2019 1763 2080 Suar.
1785 2039 1850 2100 cup.
1867 2021 1921 2080 33.

1150 2114 1264 2174 Bonae.
1276 2120 1360 2194 part.
1374 2117 1402 2174 3.
1415 2131 1497 2172 ιιιιιιι.
1514 2115 1563 2172 30.

1192 2209 1212 2236 “
1238 2204 1381 2281 Secunda,
1409 2205 1630 2265 Consuetudo:
1656 2223 1729 2266 nam
1756 2205 1798 2266 sic
1822 2205 1923 2265 licent

1149 2297 1297 2357 nundinae
1312 2297 1384 2369 ille,
1395 2297 1429 2357 in
1445 2298 1539 2358 Festis
1553 2297 1668 2376 passim
1678 2296 1786 2358 haberi
1796 2296 1919 2358 solitae:

1148 2396 1179 2448 et
1192 2377 1431 2468 praeparationes
1449 2389 1629 2450 ‹leticiarum
1648 2407 1713 2449 non
1730 2388 1921 2450 neeessaria-

1147 2498 1233 2540 rum:
1263 2487 1297 2540 ut
1311 2481 1522 2559 cupediarum,
1538 2481 1764 2560 placentarum,
1786 2486 1816 2540 et
1830 2481 1921 2541 sirni-

1146 2571 1225 2632 lium
1239 2573 1380 2634 ciborum
1394 2573 1640 2646 artificiosorum,
1657 2574 1734 2633 item
1744 2573 1922 2652 emptiones

1146 2669 1177 2724 et
1201 2666 1393 2726 venditiones
1420 2665 1595 2726 recideram
1629 2665 1719 2743 parvi
1752 2665 1918 2727 momenti.

1146 2757 1261 2820 Bonae.
1273 2756 1326 2816 loc.
1345 2755 1666 2836 cr't.La5manb'b.1t.
1688 2763 1776 2818 tract.
1798 2760 1829 2816 7.
1848 2773 1919 2836 erp.

1146 2851 1175 2907 ι).
1193 2868 1272 2909 ιιιιιιι.
1290 2852 1320 2908 6.

1188 2945 1209 2973 “
1236 2941 1348 3017 l'ecn'c,
1362 2941 1459 3002 Pietas
1473 2943 1507 3000 in
1525 2941 1634 3006 licum,
1647 2959 1702 3020 per
1712 2958 1808 3019 quam
1821 2939 1923 3002 licent

1145 3051 1250 3110 opera,
1266 3051 1336 3111 queo
1350 3033 1491 3112 proxime
1514 3031 1670 3114 (nonque
1684 3031 1813 3114 remote)
1830 3052 1921 3112 spec-

1144 3129 1211 3184 tant
1224 3125 1263 3184 ad
1273 3125 1393 3185 cultum
1403 3125 1458 3186 Dei
1472 3145 1479 3199 ;
1491 3129 1527 3185 ut
1538 3125 1661 3204 pulsare
1671 3143 1848 3203 campanas,
1862 3127 1924 3186 eir·
1948 3185 1952 3192 .

1145 3216 1296 3276 eumlcrre
1316 3217 1465 3294 imagines
1480 3217 1530 3276 vel
1543 3235 1647 3278 cruces
1663 3217 1697 3276 in
1720 3217 1922 3296 supplicatio-

1144 3326 1194 3367 ne.
1220 3309 1335 3368 Ornare
1363 3314 1478 3380 autem,
1508 3313 1538 3369 et
1571 3326 1693 3378 verrere
1718 3309 1847 3386 templa,
1883 3329 1921 3371 ae

1143 3399 1336 3478 similiaque
1351 3401 1504 3480 adipsum
1518 3400 1655 3461 officium
1675 3413 1740 3460 non
1760 3407 1918 3479 spectant,

1143 3492 1169 3549 si
1196 3493 1311 3571 absquo
1341 3492 1461 3553 ratione
1493 3493 1528 3552 in
1552 3493 1680 3553 Festum
1715 3491 1918 3574 differantur,

1142 3585 1275 3644 venialia
1291 3585 1455 3645 habentur.
1472 3583 1537 3644 Fill.
1555 3591 1595 3644 ιι.
1611 3587 1662 3645 at.
1683 3603 1715 3644 ιι.
1740 3585 1811 3646 318.
1834 3587 1915 3648 Βοιι.

1144 3674 1166 3733 l.
1183 3695 1207 3736 c.

1184 3770 1204 3798 “
1231 3768 1356 3846 Quarto,
1375 3767 1515 3828 Charitas
1534 3786 1607 3846 erga
1631 3767 1814 3829 Proximum
1832 3791 1840 3830 :
1858 3789 1919 3850 per

1141 3859 1339 3936 quamlicent
1351 3865 1382 3920 et
1395 3861 1498 3920 valent
1509 3863 1595 3918 actrrs
1610 3859 1774 3936 judiciales
1791 3881 1917 3942 paupe-

1140 3968 1211 4010 rum
1220 3952 1444 4029 orphanorum,
1461 3950 1637 4019 viduarum,
1647 3955 1677 4010 et
1685 3951 1918 4016 miserabilium

1140 4061 1353 4121 personarum,
1363 4061 1403 4102 ne
1415 4041 1554 4120 expensis
1564 4053 1743 4120 graventur.
1755 4043 1807 4105 Sic
1815 4048 1916 4110 etiam

1140 4139 1268 4212 possunt
1287 4133 1526 4208 rusticanorum,
1546 4133 1580 4190 iu
1602 4133 1705 4210 parvis
1728 4137 1862 4214 oppidis
1888 4143 1917 4201 si

1140 4225 1206 4285 aliis
1233 4224 1340 4285 dicbus
1364 4225 1468 4284 adesse
1491 4229 1657 4301 ncqrreant,
1683 4245 1784 4288 cavisse
1806 4229 1918 4294 civiles

1139 4317 1259 4392 agitari.
1277 4315 1427 4376 Similiter
1436 4315 1506 4375 licet
1519 4315 1708 4394 pauperibus
1721 4325 1752 4378 ct
1766 4319 1915 4398 infirmis,

1138 4425 1194 4484 pro
1208 4413 1281 4467 tunc
1305 4407 1476 4486 egentibus,
1497 4407 1672 4468 subvenire.
1702 4411 1783 4470 Item
1806 4417 1917 4478 cmcr‘e

1138 4503 1169 4558 ei
1182 4500 1314 4584 rendere
1328 4499 1517 4576 rusticisqui
1531 4499 1598 4558 eliis
1611 4499 1721 4560 diebus
1733 4500 1918 4582 impediun.

1136 4596 1198 4650 tur.
1226 4592 1336 4670 Laym.
1360 4609 1391 4650 ιι.
1421 4592 1449 4651 1.
1481 4591 1514 4650 V.
1546 4590 1634 4650 Dian.
1663 4612 1696 4671 p.
1726 4595 1756 4653 2.
1786 4602 1825 4657 tr.
1858 4601 1912 4661 15.

1137 4701 1191 4742 res.
1206 4685 1254 4743 31.

1177 4774 1299 4850 (intutu,
1324 4773 1491 4833 Necessitas
1514 4773 1640 4851 propria
1658 4775 1708 4836 vel
1725 4773 1827 4841 aliena
1843 4803 1915 4844 cor-

1135 4867 1219 4946 poris
1241 4867 1291 4926 vel
1310 4865 1433 4940 animae,
1458 4863 1483 4922 si
1504 4864 1654 4925 nimirum
1673 4867 1740 4929 sinc
1758 4873 1847 4950 gravi
1863 4875 1913 4938 in-

1135 4958 1309 5029 commodo,
1326 4962 1379 5017 aut
1393 4956 1579 5016 detrimento
1593 4956 1712 5034 aliquid
1724 4963 1829 5026 omitti
1843 4985 1914 5030 non

1135 5049 1238 5128 possit.
1256 5049 1423 5121 Quomodo
1439 5051 1674 5115 circumstant.
1690 5049 1825 5132 iudicia,
1837 5077 1913 5136 quae

1135 5139 1319 5200 celeritatem
1340 5139 1512 5217 requirunt,
1534 5156 1564 5197 v.
1586 5157 1618 5216 g.
1641 5141 1667 5200 si
1680 5140 1760 5204 latro
1774 5147 1816 5206 sit
1828 5149 1913 5231 fugi-

1134 5238 1231 5304 turus,
1251 5232 1313 5291 nisi
1330 5236 1404 5291 tunc
1422 5229 1569 5308 capiatur.
1585 5232 1616 5289 2.
1634 5231 1768 5296 Saeviet
1783 5241 1912 5306 aneilloe

1133 5323 1229 5384 coacti
1242 5341 1260 5380 a
1274 5321 1400 5383 domino
1414 5320 1566 5394 laborare,
1583 5340 1640 5383 nec
1654 5325 1807 5390 audentes
1820 5350 1913 5396 rectr-

1132 5433 1200 5475 sare
1213 5435 1220 5474 ι
1235 5414 1319 5495 quod
1329 5414 1357 5473 si
1367 5418 1472 5473 tamen
1484 5411 1664 5492 Frequenter
1675 5419 1843 5502 contingit,
1855 5446 1912 5490 ρος

1131 5510 1271 5570 ‹lescrere
1297 5504 1420 5566 debent.
1450 5503 1538 5563 Sum.
1570 5505 1677 5585 Laym.
1708 5527 1734 5570 c.
1762 5515 1792 5574 t.
1818 5535 1850 5578 n.
1874 5524 1907 5582 3,
