4086 6348
309 671 374 760 tte
966 695 1090 762 monn
1106 671 1302 771 cotenus,
1372 759 1378 772 ,

330 872 365 974 ⁸i
384 863 437 946 V'I.
459 878 547 946 Licet
568 880 649 945 Reus
670 879 899 947 confessionem
920 881 1033 964 injuste
1051 901 1105 944 cx·
1159 877 1277 946 inomni
1305 881 1317 946 τ’
1347 880 1420 946 sunt
1452 881 1559 944 eutem
1589 887 1719 963 migne,¹
1748 878 1876 964 maiore
1904 878 1953 944 vei

308 973 424 1034 tortam
467 969 595 1035 ostridia
616 971 758 1052 ratificet,
780 971 981 1036 nihilominus
999 969 1103 1034 iudex
1157 969 1305 1046 maxima,
1318 969 1432 1052 Moqno
1441 969 1592 1048 dicentur,
1604 987 1674 1050 que
1684 969 1824 1033 reddunt
1834 971 1952 1034 loomin

309 1075 372 1147 nou
391 990 494 1144 poigst
512 1054 683 1140 procedere
705 1062 743 1124 ud
767 1061 961 1142 punitionem
983 1061 1037 1122 Rei
1051 1059 1101 1122 vei
1155 1058 1248 1120 valde
1265 1059 1433 1132 credibiie;
1450 1057 1582 1141 Majoro,
1599 1075 1669 1140 ques
1683 1059 1823 1122 reddunt
1834 1059 1952 1121 lectum

309 1142 471 1228 complicis
494 1143 619 1224 o'ccuiti,
644 1149 718 1230 quie
741 1169 813 1212 cum
835 1149 987 1212 confessio
1009 1149 1103 1211 fuerit
1157 1145 1223 1210 ie're
1238 1167 1292 1209 seu
1313 1150 1403 1230 quasi
1417 1147 1579 1226 moraliter
1592 1151 1713 1210 certum
1733 1153 1766 1210 et
1778 1147 1849 1210 haec
1863 1151 1954 1210 vocnt

309 1229 408 1315 irrita,
439 1241 668 1321 consequenter
694 1238 788 1300 etiam
812 1238 976 1301 notificatio
1002 1255 1039 1298 ex
1064 1255 1102 1298 ea
1157 1235 1368 1310 vehementia;
1384 1237 1470 1298 Less.
1488 1235 1581 1314 ons,
1596 1229 1723 1317 rupit,
1738 1228 1955 1313 n.idi,iteut

310 1317 380 1388 o'rta
402 1341 441 1387 ex
462 1325 484 1387 i.
510 1325 627 1404 penult.
653 1329 685 1390 ff.
712 1328 756 1389 De
780 1331 890 1409 quaest.
915 1333 1009 1408 atque
1030 1325 1101 1389 ideo
1157 1322 1199 1386 a'd
1209 1325 1336 1404 plenam
1350 1323 1570 1388 certitudinem
1585 1324 1663 1384 nihil
1676 1322 1950 1402 reascendentes,

311 1409 407 1476 eliam
430 1411 567 1494 cognitio
591 1433 649 1495 per
670 1416 746 1478 iliud
769 1416 909 1479 medium
929 1419 1030 1498 parts,
1056 1419 1104 1477 est
1157 1413 1215 1474 nisi
1237 1413 1305 1476 sola
1325 1413 1490 1492 confessio,
1514 1413 1548 1474 ut
1568 1412 1669 1474 innuit
1688 1413 1739 1474 lert
1757 1415 1891 1497 niu&
1910 1411 1954 1474 ei·

310 1495 445 1592 injuria3
474 1503 605 1564 Naiarr.
635 1503 740 1567 Salon.
766 1507 850 1567 Less'.
882 1503 972 1584 Seyr.
1002 1504 1098 1567 Truii.
1158 1497 1266 1580 tanda,
1287 1501 1353 1564 si‘ve
1372 1507 1407 1564 ut
1425 1501 1469 1564 aii
1487 1503 1549 1583 Spe
1568 1499 1800 1582 conponant
1812 1501 1950 1583 proten.

309 1587 340 1654 d.
359 1591 406 1660 io,
1157 1588 1688 1672 utplonceonoineont,voideentein
1702 1589 1952 1672 adprodutt'em

322 1758 330 1770 .
349 1701 365 1738 u
384 1682 478 1760 Resp.
494 1681 532 1744 11.
555 1681 686 1756 Grauius
705 1685 844 1764 torqueri
863 1686 976 1763 potest,
994 1685 1103 1744 contre
1153 1675 1274 1761 plenam
1288 1677 1435 1746 accedant,
1455 1677 1542 1760 quusi
1559 1678 1644 1747 tuno.
1665 1695 1730 1739 eom
1744 1677 1786 1740 od
1799 1677 1895 1740 lucem
1908 1678 1954 1740 iri-

310 1785 404 1852 quem
417 1769 564 1849 graviore
584 1774 656 1832 sunt
677 1767 794 1833 indicia
813 1793 819 1833 :
843 1790 905 1834 non
928 1776 1032 1833 tamen
1044 1771 1101 1849 itu,·
1157 1773 1269 1850 reprom
1282 1767 1365 1828 ultra
1380 1766 1428 1828 sni
1441 1765 1598 1828 dimidium
1612 1766 1736 1848 aspiret.

309 1860 345 1946 qt
357 1845 518 1920 moraliter
527 1854 567 1920 sit
579 1858 769 1938 impossihile
780 1864 936 1922 tormenta
950 1857 1102 1921 sustinere
1196 1857 1342 1936 Monimo,
1370 1875 1440 1938 quse
1467 1855 1678 1938 undequaque
1705 1855 1900 1919 convineunt
1922 1857 1954 1920 oi

309 1934 418 2014 habita
431 1937 553 2030 retloue
566 1965 790 2031 personarum:
806 1950 896 2012 Unde
911 1949 935 2011 si
950 1949 1001 2010 hic
1016 1963 1103 2010 exce·
1158 1948 1284 2030 plenam
1298 1946 1417 2009 iaciunt
1430 1945 1661 2025 probationem.

310 2021 413 2120 datur,
438 2029 590 2120 confessio
614 2037 735 2100 extorta
758 2037 818 2100 erit
840 2037 1050 2100 involuntarie
1072 2039 1104 2100 et
1196 2038 1257 2118 52.
1275 2035 1324 2100 Ad
1344 2038 1516 2114 capturam,
1537 2034 1601 2096 imo
1621 2039 1653 2095 et
1666 2033 1707 2095 ed
1721 2032 1893 2113 specialem
1905 2032 1954 2093 iu-
1978 2037 2024 2087 Μ

309 2117 457 2209 lenienda
479 2139 547 2209 pro
562 2123 657 2213 nulla,
687 2123 808 2185 etiamsi
837 2130 926 2187 extra
947 2127 1104 2188 tormenta
1158 2119 1357 2208 quisitionem
1375 2125 1485 2186 contra
1505 2121 1643 2204 aliquem
1662 2121 1890 2185 instituendam
1904 2137 1954 2184 re-

309 2229 416 2298 conem
436 2210 548 2276 iudice
569 2211 712 2291 notificet,
734 2219 820 2277 metu
841 2233 930 2276 novoe
950 2218 1100 2290 torturae3
1158 2212 1325 2298 quiruutur
1343 2210 1460 2274 indicia
1476 2227 1603 2290 magna,
1624 2215 1699 2271 nem
1718 2210 1789 2290 cepi
1808 2215 1865 2274 aut
1882 2219 1954 2289 spe*

308 2301 417 2378 Laym.
436 2321 466 2362 n.
485 2297 533 2363 ii.
1158 2303 1277 2366 cialiter
1303 2299 1418 2382 inquiri
1450 2299 1482 2361 iu
1515 2299 1652 2380 aliquem
1683 2303 1836 2380 tanquem'
1863 2297 1954 2364 ioum

347 2411 362 2448 n
382 2389 475 2470 Resp.
491 2390 545 2452 iii.
558 2389 662 2455 Semel
676 2393 787 2469 tor'tus,
800 2389 825 2452 si
836 2389 913 2454 nihil
928 2393 976 2456 e'st
988 2387 1099 2469 lassus,
1157 2391 1248 2454 affert
1256 2385 1556 2472 mereminiamiam
1566 2387 1950 2468 etmegnaineoirimode:

308 2475 423 2539 iterum
435 2475 573 2564 torqueri
588 2497 652 2540 uon
670 2475 774 2557 dehet,
795 2479 855 2542 uisi
869 2499 950 2543 nove
963 2479 1102 2542 criminis
1157 2497 1231 2562 ergo
1247 2477 1366 2543 cantas
1381 2481 1413 2541 et
1422 2477 1543 2560 justitia
1554 2481 1664 2540 vetunt
1677 2477 1718 2539 ed
1733 2477 1796 2541 iste
1808 2475 1950 2558 procedi,

307 2561 666 2644 indiciasupervenieni‚
678 2565 753 2646 quin
762 2586 819 2648 per
829 2571 982 2630 torturam
996 2567 1103 2649 priora
1157 2566 1216 2631 nisi
1227 2583 1264 2631 ex
1275 2565 1397 2630 indiciis
1407 2565 1549 2646 magnis:
1565 2565 1735 2647 etquidem
1743 2569 1807 2648 quo
1817 2573 1956 2646 perbene

309 2649 401 2744 elisit.¹
420 2651 453 2714 Si
471 2671 547 2716 vero
567 2653 685 2714 crimen
704 2654 736 2715 in
756 2658 876 2716 tortura
894 2654 995 2718 fassus
1014 2659 1103 2718 extre
1158 2663 1206 2720 est
1219 2657 1354 2738 dignior,
1364 2652 1414 2718 vei
1429 2655 1594 2735 captivitas
1609 2659 1665 2720 not
1677 2653 1838 2737 inquisitio
1848 2655 1953 2718 Mum

308 2733 379 2828 dam
392 2736 520 2824 revocet
532 2759 639 2803 coram
652 2741 775 2822 iudice,
796 2744 895 2823 repeti
907 2747 1029 2807 tortura
1043 2763 1101 2826 po·
1159 2752 1206 2810 est
1215 2744 1453 2828 ignominiosior
1475 2747 1530 2808 aut
1552 2743 1745 2822 damnosior,
1769 2760 1808 2806 eo
1830 2741 1953 2826 majore

308 2832 378 2918 test)
392 2825 459 2922 tuni
474 2829 548 2909 quia
568 2827 682 2892 iudicio
700 2835 830 2894 manent
848 2833 879 2893 in
900 2851 956 2894 suo
971 2833 1100 2914 vigore3
1157 2832 1361 2919 ¹requiruntur
1373 2832 1499 2907 indicis,
1522 2833 1567 2896 uti
1588 2835 1672 2896 recte
1694 2833 1757 2914 Spe
1778 2843 1887 2918 suere.
1903 2821 1952 2894 Ad

308 2921 376 2977 tum
390 2915 430 2977 ob
445 2916 697 2980 inconstantiam.
716 2919 748 2982 Si
759 2938 834 2981 vero
844 2921 936 2984 tertio
950 2925 1051 2984 tortus
1065 2935 1102 2984 ao
1158 2921 1451 2986 condemnationem
1466 2921 1668 3002 requiruntur
1680 2920 1802 2983 indicia
1814 2919 1952 2982 manne

308 3003 479 3098 coufessus,
503 3005 596 3068 tertio
619 3010 777 3086 retractet,
802 3008 1012 3072 absolvendus
1033 3012 1100 3083 est:
1159 3013 1232 3095 quia
1249 3007 1388 3092 quandiu
1402 3009 1494 3092 piene
1512 3010 1680 3092 probatum
1699 3025 1737 3072 ae
1756 3009 1954 3071 demeum*

309 3091 384 3179 quia
392 3093 646 3172 praesumendum
657 3100 714 3176 est,
727 3096 757 3158 vi
773 3101 1002 3180 tormentorum
1011 3107 1103 3162 cosc-
1156 3103 1225 3162 tum
1244 3117 1306 3161 non
1327 3104 1374 3160 est
1393 3097 1553 3176 delictum,
1575 3097 1724 3160 standum
1744 3101 1793 3160 est
1812 3113 1870 3177 pro
1884 3113 1947 3173 neo.

306 3179 473 3248 temtuisse
482 3182 721 3264 confessionem,
731 3185 864 3268 ideoque
876 3179 1099 3262 uullam;Ldss.
1158 3186 1247 3269 cujus
1261 3185 1440 3250 innocentia
1460 3191 1507 3250 est
1526 3185 1559 3248 in
1578 3183 1949 3266 commestionem

306 3256 337 3354 d.
356 3268 403 3360 ii.
422 3267 591 3357 Excipiunt
609 3271 748 3353 quidam,
768 3273 793 3335 si
813 3274 929 3338 indicia
947 3276 1010 3337 sint
1030 3294 1103 3358 gre·
1157 3282 1313 3339 torturam
1334 3291 1451 3355 magne
1472 3291 1534 3336 non
1558 3273 1726 3352 sufficiunt,
1751 3273 1827 3355 quie
1847 3271 1950 3336 mulne

306 3353 447 3448 pissima,
470 3376 541 3442 quae
559 3359 730 3424 violentam
751 3364 1027 3443 praesumptionem
1046 3381 1103 3445 ps·
1158 3363 1260 3428 modis
1270 3362 1397 3444 gravior
1406 3365 1453 3425 est
1469 3379 1563 3444 quam
1577 3367 1709 3444 captura
1718 3363 1770 3424 vei
1780 3359 1946 3441 inquisitio

306 3445 400 3524 riant,
417 3445 708 3511 crimen'i'naiitiose
727 3469 746 3512 a
765 3446 1100 3533 Reonegar13La'ym.
1159 3453 1223 3516 Nec
1245 3451 1449 3536 requiruntur
1468 3453 1617 3530 maxima,
1642 3467 1716 3514 nam
1739 3449 1868 3534 quande
1884 3449 1949 3512 hor

305 3539 362 3608 tor.
378 3534 429 3615 ιιι.
446 3533 517 3596 vid.
533 3537 625 3615 Lug„
641 3539 866 3613 n.ie·1;1iiau.
883 3548 952 3603 toni.
970 3543 1000 3620 3,
1013 3549 1053 3605 tr.
1068 3545 1101 3622 6,

305 3617 343 3710 B.
361 3600 399 3686 ld
411 3631 441 3684 et
453 3620 508 3716 S&
520 3608 617 3688 iruli.
635 3621 691 3689 ior.
708 3626 759 3688 cit.
772 3645 802 3689 v.
820 3625 981 3691 intrarint.
999 3633 1100 3695 eerr.

308 3713 357 3788 nn
370 3713 402 3772 et
423 3711 561 3794 quaudo,
586 3716 619 3776 et
639 3714 797 3794 quomodo
821 3715 923 3778 iudex
937 3717 1044 3800 ¹possit
1057 3719 1103 3780 in·

304 3801 467 3954 qerqqgsre
497 3818 586 3862 reum
619 3801 659 3863 de
691 3802 908 3884 complicibus,
934 3806 972 3868 V.
1002 3807 1099 3870 'i'rult

606 4138 805 4210 ADDENDA.

224 4351 275 4404 un
326 4325 457 4418 nonest.
473 4305 542 4413 Sili.
552 4335 593 4382 ·'-
610 4331 658 4396 An
672 4330 793 4417 clipeis,
815 4331 868 4396 hoe
886 4327 949 4416 ipso
962 4331 1042 4418 qnod
1052 4341 1102 4398 ρῳ

300 4422 419 4504 pietur,
436 4418 535 4483 statim
548 4421 769 4504 prosternendos
780 4422 819 4484 sit
832 4421 920 4484 retes?
933 4425 1026 4506 Resp.
1043 4427 1101 4486 Ne'·

304 4507 430 4589 galive3
448 4509 532 4590 quod
546 4509 681 4572 menime
695 4527 806 4573 verum
818 4513 869 4583 ,cst
881 4509 913 4572 in
929 4509 1101 4596 inquisitio-

1159 3532 1284 3619 'adsunt
1300 3557 1363 3605 non
1378 3542 1427 3602 est
1439 3539 1525 3602 licita
1541 3543 1673 3617 tortura,
1690 3553 1763 3602 cum
1776 3532 1900 3602 tnnlnm
1911 3537 1949 3601 an

1157 3629 1190 3690 in
1205 3629 1315 3692 ordine
1329 3626 1371 3689 od
1385 3627 1565 3690 habendam
1579 3628 1706 3708 plenem
1719 3617 1946 3706 probationem

1159 3718 1214 3781 sed
1233 3716 1392 3780 sufficiunt
1404 3715 1546 3797 majore:
1563 3715 1636 3778 hinc
1649 3716 1671 3777 l.
1688 3717 1719 3793 ι,
1735 3717 1768 3778 ii.
1786 3714 1826 3777 de
1839 3717 1945 3797 quest

1158 3807 1292 3870 dicitur:
1313 3805 1391 3867 end
1409 3807 1568 3866 tormenta
1586 3821 1749 3866 serrorum
1764 3801 1811 3866 its
1824 3801 1948 3865 demum

1158 3920 1173 3957 n
1191 3895 1299 3959 venire
1322 3895 1460 3973 oportet,
1482 3911 1556 3956 cum
1575 3895 1739 3973 strepentes
1760 3894 1809 3954 est
1827 3909 1901 3954 reus
1919 3893 1949 3953 et

1157 4008 1173 4046 o
1191 3983 1260 4047 aliia
1280 3981 1475 4064 argumentis
1496 3982 1540 4044 ite
1553 3979 1731 4061 probationi
1752 3979 1947 4058 admovetur,

1157 4095 1172 4153 n
1191 4076 1227 4137 ut
1235 4071 1301 4134 sola
1310 4068 1463 4133 confessio
1474 4085 1637 4131 servorum
1646 4067 1756 4132 deesse
1765 4065 1944 4131 videntum

1157 4161 1202 4223 ite
1215 4177 1288 4222 cum
1301 4157 1408 4221 multis
1422 4157 1491 4220 eliis
1506 4157 1568 4237 Spe
1582 4159 1689 4237 supr'a.
1710 4155 1833 4220 Dicitur
1843 4159 1950 4219 eutem

1156 4249 1210 4311 hio
1226 4248 1390 4325 deservis,
1411 4244 1486 4328 quia
1503 4246 1559 4308 soli
1579 4245 1659 4308 servi
1675 4244 1811 4309 antehoc
1824 4249 1951 4328 torque·

1157 4333 1285 4414 bantur,
1302 4332 1370 4418 jain
1383 4352 1460 4397 vero
1479 4333 1609 4414 intelligi
1624 4333 1721 4397 debet
1733 4329 1774 4398 de
1788 4331 1948 4410 umbus,

1158 4423 1210 4506 qui
1223 4420 1264 4484 ad
1276 4427 1431 4486 torturam
1443 4425 1607 4485 noeannrr.

1195 4511 1256 4592 §3-
1273 4511 1404 4574 Difficile
1419 4515 1451 4574 et
1471 4511 1683 4594 periculosum
1701 4514 1750 4575 est
1761 4509 1948 4594 dijudicare,

305 4597 397 4687 nibus
411 4597 495 4672 circa
508 4595 611 4679 sagas,
628 4599 674 4662 uti
687 4601 771 4662 re'cte
786 4599 923 4662 ostendit
937 4601 999 4680 Spe
1014 4599 1045 4663 d.
1062 4594 1101 4666 {S
1155 4597 1257 4665 ¹sintne
1272 4600 1389 4663 indicia
1403 4601 1454 4662 nie
1468 4603 1500 4662 et
1514 4617 1599 4662 nuno
1613 4613 1741 4680 magne,
1756 4599 1886 4682 usion
1896 4599 1951 4664 eui

303 4689 335 4750 et
348 4690 434 4766 patet
447 4686 665 4752 universaliter
680 4706 718 4749 ex
727 4687 813 4770 jure,
831 4686 884 4750 lib.
897 4690 946 4766 ii,
966 4686 1038 4755 Cori.
1054 4687 1100 4757 De
1154 4685 1303 4768 maxima,
1319 4688 1364 4752 uti
1380 4693 1463 4752 reete
1476 4690 1555 4751 Tan.
1572 4687 1717 4771 dejeetit.
1731 4685 1805 4756 tone.
1822 4693 1854 4768 Ξ,
1869 4689 1903 4752 d.
1918 4693 1948 4766 t,

304 4765 441 4862 decusat.
454 4777 576 4838 Seruari
578 4774 727 4860 jubemus,
739 4775 947 4859 etquicunque
954 4776 988 4838 tn
998 4775 1098 4840 dt'scn‘·
1156 4799 1185 4862 q.
1202 4782 1231 4842 5.
1258 4779 1348 4842 Unde
1365 4777 1502 4860 prudens
1523 4771 1626 4842 tuden
1640 4777 1688 4839 sui
1701 4773 1802 4842 solius
1820 4778 1950 4842 arbitrio

303 4869 367 4926 men
381 4859 486 4950 ruptiis
504 4865 674 4942 necentur,
695 4881 753 4926 non
771 4865 868 4927 stetim
888 4883 964 4944 rene,
985 4866 1039 4948 qni
1050 4884 1100 4928 oo-
1155 4865 1211 4942 niti
1219 4883 1281 4928 non
1289 4869 1409 4946 potest3
1422 4885 1480 4928 nec
1494 4865 1571 4944 satis
1579 4883 1637 4947 per
1645 4863 1769 4946 praxim
1782 4863 1951 4930 'retenem-

302 4953 403 5020 cnrori
413 4951 520 5036 potnit,
536 4953 726 5021 centimeter.
743 4971 779 5014 ne
791 4952 950 5034 subjeetum
965 4951 1100 5016 innocen·
1154 4955 1207 5035 pia
1232 4954 1335 5033 dirigi,
1362 4971 1432 5016 cum
1453 4954 1598 5034 piun'mse
1625 4955 1887 5034 circumstantiae,
1911 4953 1950 5016 ed

304 5043 378 5106 tiam
387 5042 539 5124 feriamus.
550 5041 590 5104 lit
599 5041 678 5104 ratio
687 5045 734 5105 esi
743 5043 919 5120 manifesta,
930 5043 1005 5125 quia
1014 5052 1098 5126 saepe
1155 5061 1233 5125 quas
1247 5042 1299 5103 vix
1314 5046 1419 5124 potest
1432 5041 1527 5104 homo
1540 5057 1625 5104 unus
1637 5041 1833 5106 sufficienter
1844 5043 1951 5106 refl'ee

303 5128 389 5194 rusae
402 5135 475 5194 sunt
488 5129 756 5206 denuntiationes;
774 5135 806 5193 et
820 5131 850 5192 in
866 5131 961 5193 dubio
975 5148 1100 5212 semper
1153 5137 1351 5210 tenerorum
1360 5132 1483 5194 variare
1490 5130 1620 5211 possint,
1632 5129 1719 5193 unde
1727 5131 1947 5194 adhibendum

303 5219 557 5304 presumendum
581 5224 627 5282 est
649 5219 681 5281 in
708 5228 832 5300 partem
854 5221 1018 5283 meliorem
1039 5237 1098 5303 pro
1154 5223 1213 5284 erit
1227 5219 1491 5304 simuijudicinm,
1505 5217 1948 5302 sinonuieujmeoademne

303 5307 491 5392 innocentia,
506 5325 564 5393 pro
580 5327 643 5390 que
656 5312 704 5372 esi
717 5309 870 5388 possessio
884 5328 891 5370 :
909 5327 995 5389 ergo.
1126 5378 1128 5382 Α
1153 5310 1264 5373 saltem
1279 5303 1947 5394 aliorumpmdentiu'miuri'sconloi'torimi,

345 5395 452 5474 Οιιαει.
478 5391 597 5462 2te-'-
619 5395 690 5474 Once
709 5395 820 5458 indicio
841 5397 1042 5480 requiruntur,
1065 5391 1099 5460 ιιι
1154 5399 1206 5482 qui
1226 5398 1397 5462 ereduntur
1411 5412 1485 5459 cum
1508 5393 1949 5480 indifferentiadepmiupnni

302 5483 400 5568 ledor
416 5487 515 5574 poerit
532 5481 697 5576 sperml'ter
718 5485 879 5570 inqur'rere,
902 5501 1015 5570 cupere,
1038 5495 1098 5550 tor·
1152 5507 1256 5566 suum,
1279 5487 1397 5568 alioqui
1420 5506 1455 5549 se
1477 5491 1614 5566 exponet
1636 5483 1881 5568 pencunnspe
1901 5499 1948 5546 ee*

303 5591 401 5654 quere,
417 5571 635 5664 condonante?
676 5592 742 5660 esp.
1150 5576 1256 5654 randi,
1272 5579 1303 5638 et
1316 5576 1456 5655 graviter
1469 5574 1690 5638 damnificandi
1705 5572 1898 5655 proximum.
1964 5637 1974 5656 ‚

222 5687 278 5738 m
343 5653 1096 5746 §Lindiciadicuniuneirqulbusooitigipotest
1149 5691 1152 5696 ·
1190 5665 1329 5746 §irino
1347 5664 1567 5748 dignoscenda
1581 5663 1614 5727 in
1636 5664 1742 5744 specie
1756 5661 1944 5728 sumone·
