4086 6348
291 617 350 685 isi
488 701 493 710 ι
572 705 575 712 Δ
945 607 1279 688 transemirus

291 805 334 869 sis
353 805 517 887 speciebus
540 801 777 884 probationum,
795 821 825 864 1.
842 799 991 865 liesccrd.
1014 822 1043 884 q.
1064 807 1084 863 1
1139 789 1926 882 1111111111,1111111111111111111111111

291 902 408 978 etaeqq.
1137 890 1257 952 feratur
1267 889 1337 954 talis
1347 886 1502 950 sententie
1514 890 1569 950 aut
1578 886 1649 950 talis
1658 891 1817 950 statuatur
1825 905 1925 967 poena,

125 1039 130 1048 .
209 997 264 1048 1111
330 980 1082 1064 51.Βί1111111110111111111111,11]“111(11·
1139 977 1253 1044 dicitur
1267 976 1469 1058 praesumptio
1484 975 1566 1058 juris
1581 979 1613 1038 et
1626 975 1760 1058 dejure.
1777 975 1928 1040 Praesum·

288 1071 354 1149 bet,
370 1086 436 1153 cap.
455 1071 535 1149 Oves,
552 1075 583 1147 6,
599 1089 629 1150 q.
641 1074 669 1131 l.
688 1069 863 1131 Probabilis
878 1072 1082 1150 purgationes
1137 1065 1202 1146 ptio
1216 1065 1311 1128 solius
1326 1064 1461 1130 hominis
1480 1070 1538 1142 est,
1560 1081 1630 1146 quae
1649 1081 1712 1126 nou
1725 1061 1886 1126 iuvenitur
1900 1064 1927 1126 iu

291 1157 437 1221 admittit.
467 1159 584 1237 listque
602 1161 734 1234 certum,
759 1157 843 1237 quod
859 1163 1082 1238 argumentum
1136 1153 1206 1233 iure
1220 1170 1378 1231 expressa,
1395 1150 1529 1230 ideoque
1540 1147 1747 1212 debetJudex
1761 1149 1794 1209 in
1809 1149 1863 1211 illa
1876 1168 1927 1230 pro

288 1245 452 1327 piphehite
466 1263 527 1308 nen
543 1245 679 1308 sufficiet
691 1245 734 1307 ed
748 1246 962 1309 damnandum
977 1266 1079 1326 reum,
1136 1239 1187 1301 uel
1200 1245 1310 1302 contra
1324 1257 1413 1302 reum
1428 1235 1665 1316 rationabiliter,
1682 1237 1859 1300 secundum
1870 1238 1928 1300 dic·

288 1335 351 1396 imo
379 1351 437 1399 nec
464 1332 679 1416 presumptio
694 1334 877 1414 vehemens,
906 1337 1081 1398 secundum
1135 1331 1242 1392 tamen
1262 1327 1439 1408 prudentiae
1459 1331 1597 1390 statuere
1615 1346 1622 1386 :
1639 1343 1696 1406 pro
1719 1326 1805 1388 omui
1827 1331 1927 1390 autem

290 1421 365 1506 Cap.
381 1422 523 1501 Litteras,
540 1425 579 1485 de
588 1432 758 1504 presumpt.
776 1425 885 1504 Neque
899 1423 1010 1486 unicus
1020 1428 1080 1486 tes-
1135 1414 1379 1495 praesumptioue
1396 1413 1493 1478 solius
1505 1411 1641 1503 hominis
1651 1415 1736 1475 recte
1751 1413 1844 1478 docet
1857 1413 1926 1477 1111.

286 1512 326 1574 tis
340 1512 554 1595 cujuscunque
567 1513 825 1590 sitauotoritatis,
839 1513 1080 1576 sedcommuni-
1134 1523 1216 1568 uum.
1227 1505 1276 1581 11,
1299 1521 1361 1564 non
1375 1520 1468 1582 posse
1490 1505 1574 1566 certo
1594 1499 1728 1579 definiri,
1752 1518 1824 1584 quae
1838 1519 1929 1582 argu·

286 1601 434 1664 teretubi
445 1606 635 1681 essapotest,
651 1601 1079 1682 requiriturtalispraesump-
1133 1598 1241 1656 mente
1254 1592 1413 1655 sufficiant
1429 1592 1470 1654 ad
1488 1609 1557 1652 rem
1576 1589 1784 1691 evincendum
1799 1592 1928 1691 111111-

287 1689 342 1767 uo,
367 1689 714 1770 iustissimorum
731 1689 975 1764 certitudinem
996 1693 1074 1772 nug.
1134 1682 1283 1746 tuendam
1299 1686 1575 1762 assumpseram
1591 1675 1647 1740 sed
1665 1678 1696 1740 in
1711 1677 1833 1742 tucius
1848 1679 1928 1741 arhi-

284 1772 322 1836 ἀρ·
332 1774 439 1839 Jeettt
457 1777 487 1840 d,
503 1782 553 1855 ll,
565 1797 624 1841 en,
636 1782 686 1855 23,
704 1777 778 1858 quii
788 1777 829 1838 ed
841 1777 1079 1842 offieiumJudj.
1132 1771 1193 1834 trio
1206 1789 1274 1834 esse
1287 1767 1547 1832 committendum
1561 1765 1709 1848 spectatis
1724 1766 1929 1829 circumstan-

286 1861 330 1924 cis
343 1869 465 1944 spectac
477 1867 611 1928 iustitiae
622 1866 850 1928 administrato
868 1871 876 1928 ε
891 1868 1077 1946 cigestem
1132 1859 1183 1922 tiis
1198 1864 1230 1922 et
1243 1858 1351 1922 audita
1361 1857 1541 1919 defensione
1558 1855 1624 1933 nei,
1636 1873 1709 1917 nam
1724 1855 1926 1936 praesumptio

285 1949 425 2014 defensio
445 1953 594 2030 accusati,
615 1954 640 2013 si
657 1953 781 2014 delendi
800 1957 917 2032 potest:
939 1973 1014 2035 ergo
1038 1973 1076 2017 eo
1133 1947 1269 2011 hominis
1284 1964 1346 2010 nou
1366 1945 1504 2010 excludit
1519 1941 1739 2026 probationem
1756 1942 1790 2004 in
1806 1947 1928 2006 contra·

286 2038 365 2119 ipso,
396 2041 480 2121 quod
494 2041 596 2104 iudex
624 2041 761 2122 aliquem
777 2043 916 2121 damnet,
933 2043 1008 2106 dicit
1021 2045 1102 2112 de„
1132 2034 1227 2114 rium,
1253 2035 1308 2097 sed
1332 2034 1400 2096 sola
1421 2033 1624 2116 presumptio
1643 2031 1726 2114 juris
1749 2029 1928 2116 etquidem

284 2125 370 2190 feudi
385 2147 447 2192 uon
462 2147 565 2210 posse,
583 2135 614 2192 et
631 2149 666 2191 se
677 2131 749 2210 cogi
774 2131 900 2193 nomina
915 2133 969 2194 lici
985 2133 1075 2196 fateri
1132 2128 1266 2204 quaeest
1288 2123 1327 2185 de
1348 2121 1432 2204 jure.
1455 2122 1665 2185 Nihilominus
1686 2121 1822 2184 multum
1838 2119 1929 2203 juvet

284 2215 444 2298 delictam,
460 2219 568 2299 sicque
589 2237 656 2281 essa
680 2219 841 2281 moraliter
854 2226 985 2285 certum.
1012 2223 1076 2289 Ma·
1131 2214 1296 2276 1111111111
1307 2213 1348 2274 ad
1363 2212 1601 2292 exemplaque
1615 2211 1647 2272 iu
1657 2212 1730 2294 jure
1740 2210 1791 2273 vel
1805 2229 1825 2272 a
1838 2212 1925 2272 Dect.

280 2303 333 2386 jor
347 2309 452 2368 autem
466 2309 619 2370 certitudo
627 2308 799 2389 requiritur
807 2309 848 2370 ed
859 2311 1075 2374 damnandum
1131 2303 1311 2380 traduntur,
1324 2301 1442 2382 poterit
1456 2302 1540 2364 euim
1550 2300 1689 2380 prudens
1701 2300 1806 2364 iudex
1820 2318 1928 2362 secuu-

284 2391 488 2457 crimiualiter
507 2413 602 2478 quam
625 2396 768 2473 civiliter,
794 2398 835 2458 ed
859 2397 1075 2461 damnandum
1131 2391 1208 2456 dum
1236 2411 1346 2454 10111111
1373 2391 1612 2454 similitudinem
1639 2409 1672 2452 se
1699 2390 1806 2472 1111111111
1833 2389 1927 2452 1110110

283 2479 322 2542 de
332 2483 421 2562 greti
434 2483 718 2564 criminequamde
728 2485 800 2562 levi,
811 2485 1074 2550 addamnandum
1130 2479 1328 2542 conformare
1343 2479 1375 2541 in
1387 2479 1520 2560 judicio,
1536 2479 1586 2542 uel
1601 2497 1696 2558 poeua
1709 2478 1890 2541 statuenda.

281 2570 407 2650 publice
421 2589 517 2652 quam
538 2573 685 2653 privatim
702 2574 794 2647 3Mol.
816 2573 851 2636 dc
869 2577 972 2638 Justit
997 2587 1019 2638 1.
1040 2581 1072 2655 5,
1169 2569 1187 2646 ἓ
1205 2572 1235 2630 6.
1257 2568 1401 2650 violenta
1423 2568 1625 2649 presumptio
1646 2567 1685 2629 de
1705 2565 1878 2632 homicidio
1899 2567 1929 2628 et
1950 2579 1993 2628 1111

193 2651 196 2660 ’
281 2665 366 2722 trost,
383 2664 414 2737 t,
433 2658 465 2721 d,
490 2664 539 2738 15,
555 2679 586 2722 η,
604 2665 653 2722 tit,
670 2664 709 2722 itt
723 2663 930 2725 nemoralem
945 2667 1074 2728 certitu.
1129 2657 1289 2718 sufficiens
1303 2675 1360 2736 pro
1378 2658 1531 2720 criminali
1546 2654 1809 2720 condemnatione
1829 2657 1887 2733 est,
1903 2653 1928 2716 si

281 2745 387 2810 dinem
402 2749 517 2810 sufficit
530 2750 670 2830 legitima
688 2751 841 2812 confessio
856 2755 1005 2831 accusati,
1022 2755 1074 2816 vel
1130 2744 1200 2825 quis
1223 2743 1309 2808 1ῑὸ01
1333 2747 1374 2808 sii
1396 2745 1502 2826 8100ῑο
1530 2746 1697 2826 0101110000
1721 2747 1753 2808 ei
1775 2741 1928 2823 00081000

280 2834 593 2916 si-huhcudaestper
606 2843 711 2915 testes,
728 2840 941 2920 requiruntur,
958 2847 1074 2922 preter
1129 2852 1297 2913 0000110030
1319 2853 1337 2894 0
1359 2837 1440 2913 10001
1465 2836 1500 2896 10
1522 2852 1583 2916 (100
1607 2834 1797 2914 relinquitur
1814 2833 1928 2914 0Ιί(1100

280 2928 497 2986 accusatorem
506 2943 561 2987 seu
576 2932 690 3005 praeter
705 2928 748 3004 id,
765 2928 849 3008 quod
865 2931 1073 2996 accusationis
1128 2923 1321 3001 interiectus,
1339 2924 1384 2984 uti
1398 2919 1634 2986 teneuthrtoI.
1654 2918 1795 2985 Panem.
1813 2921 1928 3004 aliique

212 3023 222 3034 “
243 3023 261 3062 ’ῑ
279 3010 348 3073 1000
359 3016 406 3074 est
421 3012 538 3094 (quale
555 3017 602 3075 est
616 3014 711 3076 etiem
722 3015 817 3088 fama,
834 3019 974 3096 Fagnan.
995 3019 1027 3080 tri
1041 3022 1070 3096 t,
1128 3028 1201 3074 611111
1220 3011 1327 3074 Molin.
1344 3031 1424 3074 num.
1443 3015 1491 3075 13.
1512 3012 1537 3073 Ε
1554 3015 1662 3074 conire
1682 3009 1778 3072 fnisse
1793 3013 1927 3072 moriem

274 3109 357 3182 part.
368 3099 390 3162 1.
400 3104 431 3163 5.
441 3100 557 3165 Decret.
569 3102 709 3165 deaceae.
719 3103 794 3185 Cap.
807 3104 949 3184 Qualiter,
964 3126 995 3169 a.
1009 3108 1071 3187 11.)
1127 3099 1280 3162 minatam
1298 3099 1338 3179 ei,
1357 3101 1410 3181 qui
1430 3105 1539 3181 postea
1557 3099 1711 3180 reperitur
1730 3098 1924 3176 interiectus,

279 3187 341 3250 duo
356 3193 452 3251 testes
462 3190 567 3271 jurato
581 3192 773 3271 deponentes
787 3193 827 3254 de
842 3195 954 3256 eodem
974 3196 1069 3275 iacto,
1128 3206 1191 3249 non
1222 3188 1336 3250 sufficit
1365 3189 1405 3251 ad
1430 3189 1600 3252 violentam
1631 3185 1923 3268 presumptionem,

278 3292 341 3358 quo
356 3295 448 3340 seusu
464 3283 592 3342 externo
604 3279 729 3358 ipsimet
743 3283 953 3361 perceperint,
971 3287 1002 3347 et
1016 3285 1070 3364 qui
1128 3275 1272 3355 quamvis
1291 3275 1387 3356 aliqui
1406 3279 1517 3356 putent
1535 3275 1678 3338 sulficere
1698 3273 1738 3336 ad
1754 3274 1927 3336 vehemen-

276 3366 340 3428 sint
352 3365 437 3427 omui
459 3367 641 3448 exceptione
662 3368 819 3451 majorem
837 3371 907 3434 Vid.
932 3374 1018 3434 lese,
1036 3370 1071 3435 de
1127 3369 1210 3438 lem;
1228 3365 1301 3427 Mol.
1318 3361 1393 3426 idid.
1411 3365 1559 3428 Similiter
1572 3364 1710 3427 violenta
1720 3362 1925 3444 praesumptio

275 3453 381 3516 lustit.
399 3453 452 3517 tit.
469 3459 499 3533 1,
514 3474 580 3538 cap.
597 3459 647 3519 66.
664 3456 694 3518 d.
711 3461 816 3520 1115.
940 3517 943 3524 ,
1126 3453 1166 3514 de
1182 3452 1387 3528 fornicatione
1402 3457 1494 3532 esset,
1508 3454 1539 3536 si
1554 3454 1616 3516 duo
1632 3453 1844 3532 probarentur
1858 3470 1925 3514 esse

195 3565 251 3626 1111
316 3543 377 3622 15·
399 3543 448 3606 Ad
467 3545 741 3606 wudemnandum
759 3547 875 3609 suflicit
893 3548 988 3610 etiam
1002 3549 1071 3612 vio-
1127 3541 1243 3620 reperti
1266 3542 1370 3604 nudus
1391 3546 1423 3604 et
1445 3543 1531 3604 nuda
1554 3543 1586 3604 iu
1609 3541 1723 3605 eodem
1742 3540 1836 3620 lecto,
1858 3560 1921 3622 cup.

276 3628 362 3692 lenta
371 3631 584 3712 praesumptio,
599 3631 672 3715 Cap.
684 3632 797 3713 Afferes
805 3643 833 3696 et
844 3633 920 3716 Cap.
933 3634 1068 3715 Litteris,
1125 3627 1258 3707 Littera,
1275 3649 1392 3710 supra:
1409 3636 1465 3692 aut
1483 3629 1509 3691 si
1528 3629 1715 3710 probaretur
1733 3629 1839 3691 solum
1853 3647 1925 3690 oum

276 3717 313 3780 de
329 3729 500 3801 precaepit.
528 3724 561 3782 et
585 3724 692 3784 tenent
712 3723 921 3786 communiter
942 3724 1069 3788 Juristae
1125 3718 1193 3780 sola
1207 3717 1302 3780 fuisse
1317 3738 1374 3798 per
1385 3723 1509 3782 noctem
1519 3723 1628 3798 totam,
1640 3735 1744 3798 neque
1757 3715 1823 3780 alia
1836 3717 1923 3780 ades·

276 3823 349 3868 cum
369 3807 442 3871 Mol.
462 3827 562 3890 supra,
585 3809 721 3871 maxime
742 3810 774 3871 in
795 3811 978 3891 questione,
999 3831 1069 3894 quie
1125 3807 1352 3887 setprobabilis
1366 3803 1747 3888 etjustacausauocturni
1761 3805 1921 3880 consortii

276 3893 355 3959 alias
368 3895 548 3966 difficillime
562 3900 725 3979 probatur.
741 3901 947 3981 Praesumptio
961 3908 1068 3965 autem
1125 3896 1246 3975 Sperel.
1262 3895 1346 3956 dures
1366 3894 1481 3956 Eccles.
1504 3891 1565 3957 dec.
1582 3897 1650 3972 136,
1671 3913 1754 3957 num.
1770 3897 1810 3956 24
1831 3897 1922 3972 1115,

274 3984 412 4049 violenta
431 3989 480 4048 est
502 3986 688 4049 existimatio
712 3992 865 4067 concepta
887 4007 926 4050 ex
945 3988 1069 4060 indiciis
1125 3983 1179 4046 uhi
1190 4003 1272 4046 num.
1285 3987 1333 4062 19,
1347 3983 1422 4046 dicit
1432 4003 1504 4046 cum
1513 3981 1671 4046 communi
1681 3987 1754 4064 post
1765 3981 1920 4046 Muscard.

275 4073 315 4136 de
330 4093 375 4152 re,
392 4092 463 4155 qum
477 4094 579 4157 neque
594 4075 626 4136 iu
639 4095 675 4137 se
688 4081 735 4139 est
749 4077 889 4154 evidens,
905 4096 1009 4158 neque
1022 4083 1070 4141 est
1124 4071 1268 4136 Menooh.
1287 4076 1318 4136 et
1336 4073 1413 4136 alios
1432 4074 1526 4136 etiam
1546 4069 1666 4136 censeri
1681 4070 1827 4154 copulam
1842 4091 1924 4153 prie-

273 4159 366 4243 pleue
380 4164 513 4243 probata
524 4164 655 4227 testibus
674 4165 759 4226 omui
775 4166 956 4245 exceptione
970 4165 1068 4246 majo·
1124 4161 1499 4248 sumptiveprohatampi
1507 4162 1577 4244 quis
1585 4158 1720 4224 iudomo
1728 4159 1783 4224 ubi
1790 4161 1922 4242 pulchra

274 4251 372 4329 ribus,
389 4269 491 4334 neque
505 4271 576 4314 eam
589 4271 662 4314 reus
681 4258 729 4316 est
741 4252 1066 4334 legitime'eonfessus,
1123 4248 1238 4309 mulier
1251 4255 1309 4328 est,
1325 4249 1502 4329 reperiatur
1515 4247 1700 4314 occultatus.
1716 4250 1797 4312 Item
1810 4250 1921 4330 pmba-

274 4341 684 4416 tamenteliasuntindicie,
698 4341 930 4406 utiaciautnou
944 4346 1068 4407 tantum
1090 4333 1103 4357 ⁶
1123 4334 1165 4398 tio
1180 4335 1340 4400 sufficiens
1358 4341 1416 4416 est,
1437 4337 1538 4417 inquit
1555 4337 1711 4402 Mascerd.
1727 4337 1787 4404 vol.
1805 4340 1837 4415 1,
1856 4355 1921 4399 ccc·
1972 4333 1990 4344 ''

274 4427 455 4507 opinionem
464 4429 559 4506 dere,
572 4429 628 4490 sed
642 4429 737 4492 etiem
751 4429 980 4509 credulitatem,
994 4429 1068 4511 quie
1123 4425 1195 4486 clus.
1207 4427 1258 4499 59,
1275 4425 1300 4486 si
1316 4425 1364 4486 vir
1378 4425 1555 4488 invenietur
1573 4425 1691 4489 habere
1706 4427 1811 4490 soluta
1823 4425 1921 4489 ieme·

273 4515 321 4579 soi
335 4517 553 4596 magnitudine
563 4535 601 4579 eo
612 4517 833 4598 perspicuitate
844 4517 985 4598 judicem
994 4536 1068 4598 pru·
1123 4513 1202 4575 ralia
1211 4518 1243 4578 at
1251 4514 1366 4576 mulier
1372 4515 1631 4594 recusetaperive
1641 4517 1784 4584 clausum
1793 4515 1916 4579 ostium.

273 4602 400 4666 dautem
413 4605 541 4666 omnino
555 4611 694 4683 movent,
711 4611 747 4669 ut
760 4607 886 4668 exclusa
898 4604 1066 4667 tormidine
1124 4601 1286 4665 Sustinent
1300 4601 1395 4663 etiam
1410 4601 1506 4682 aliqui
1525 4600 1610 4681 apud
1629 4601 1750 4682 Sperel.
1767 4622 1851 4664 nmo.
1870 4605 1916 4679 19,

271 4691 390 4768 credat,
419 4692 503 4772 qood
528 4711 578 4754 res
604 4693 647 4756 ita
674 4693 724 4771 sit,
753 4693 897 4773 quamvis
923 4693 1065 4754 absolute
1124 4707 1162 4751 ex
1176 4691 1242 4752 solo
1258 4689 1401 4772 ingressu
1422 4686 1574 4754 nocturno
1593 4690 1624 4752 in
1646 4689 1787 4769 domum,
1804 4689 1919 4753 uhimt

269 4779 369 4860 possit
380 4779 471 4842 aliter
484 4799 572 4842 esse:
588 4785 620 4843 et
633 4781 709 4844 talia
720 4781 836 4844 iudicia
850 4781 966 4844 habeat
979 4780 1065 4844 Salo·
1122 4778 1254 4859 pulchra
1268 4778 1392 4858 mulier,
1413 4797 1504 4860 posse
1525 4779 1652 4860 procedi
1671 4780 1712 4842 ad
1727 4779 1917 4842 condemna·

268 4883 343 4929 mon
366 4869 396 4945 3,
422 4867 494 4950 Rep.
521 4871 551 4946 3,
577 4869 703 4949 quaudo
727 4870 792 4948 illa,
818 4887 888 4950 quae
910 4889 973 4930 non
998 4873 1066 4932 erat
1120 4867 1238 4928 tionem
1254 4867 1916 4948 inpoenamextraordinariam33eddicen·
2022 4923 2024 4934 .

268 4958 379 5031 meter,
391 4955 678 5018 solebatiuiantem
688 4955 798 5034 dividi,
808 4957 865 5020 sed
878 4961 1065 5020 verameter
1121 4953 1197 5014 dum
1214 4958 1259 5015 est
1272 4953 1521 5015 circumstantias
1535 4952 1613 5016 uliae
1628 4973 1695 5015 esse
1710 4954 1805 5017 simul
1820 4953 1915 5019 cousi·
2023 4981 2024 4988 ¹

269 5043 397 5122 petebat
414 5043 573 5124 integrum
590 5063 766 5108 remanere.
788 5046 944 5110 Dividitur
958 5051 1064 5108 autem
1120 5041 1296 5103 deraudas:
1313 5042 1358 5104 sic
1372 5043 1467 5104 etiam
1481 5061 1518 5103 ex
1533 5061 1582 5120 eo,
1598 5042 1682 5123 quod
1697 5041 1837 5106 Clericus
1852 5059 1915 5104 am-

267 5130 471 5210 presumptio
481 5132 660 5194 violentain
669 5133 767 5211 illam,
780 5153 849 5216 quea
864 5134 970 5198 estvel
981 5133 1062 5214 juris
1119 5132 1277 5210 plectetur
1307 5129 1482 5210 mulierem,
1517 5150 1579 5194 non
1612 5131 1767 5213 probatur
1793 5131 1914 5194 animus

267 5219 317 5279 rel
330 5218 427 5281 solius
441 5219 577 5282 hominis
595 5221 696 5303 :juris
715 5222 841 5301 dicitur,
862 5241 932 5304 quae
946 5221 1061 5303 injure
1117 5218 1305 5282 fornicarius
1331 5215 1471 5300 :neque
1501 5221 1526 5282 si
1556 5222 1734 5295 osculetur;
1758 5217 1911 5284 Mascard.

266 5303 428 5368 invenitur
441 5325 589 5387 expressa
602 5314 634 5370 et
651 5309 825 5373 secuudum
840 5327 936 5390 quem
947 5309 1000 5390 jus
1015 5307 1062 5370 di·
1116 5307 1207 5370 ccccl.
1228 5309 1277 5386 61,
1298 5328 1378 5369 cum.
1400 5311 1429 5371 6.
1452 5309 1483 5372 Si
1504 5311 1609 5370 tamen
1629 5305 1729 5370 multe
1747 5327 1913 5374 concurre-

267 5392 349 5455 citur
371 5393 491 5476 aliquid
510 5414 701 5475 praesumere
723 5417 730 5460 :
757 5397 842 5478 quod
865 5397 890 5458 si
910 5397 963 5478 jus
977 5395 1060 5458 uude
1117 5399 1196 5472 rent,
1210 5395 1330 5474 Regula
1336 5393 1417 5476 juris
1428 5401 1485 5475 est,
1497 5395 1627 5479 stipula,
1638 5415 1705 5481 qma
1715 5415 1776 5458 non
1780 5400 1910 5481 posteat,

265 5487 439 5562 presumat
461 5486 493 5545 et
514 5483 592 5548 nihil
613 5489 731 5551 statuat
753 5502 810 5564 pro
833 5483 990 5547 sententia
1011 5483 1061 5546 vel
1115 5483 1214 5560 idest,
1226 5479 1465 5564 nonsufficiunt,
1476 5485 1599 5547 collecta
1600 5485 1723 5568 juvant.
1734 5483 1911 5550 Notandum

264 5583 368 5652 piena,
393 5568 508 5632 dicitur
533 5572 735 5652 presumptio
755 5571 835 5652 juris
862 5576 1005 5646 tantum;
1031 5567 1058 5632 si
1117 5571 1210 5633 etiam
1238 5573 1351 5652 estid,
1380 5573 1464 5655 quod
1491 5574 1649 5638 sufficeret
1676 5573 1719 5636 ad
1741 5573 1909 5654 violentum
