4166 6346
681 574 734 640 uu
755 571 983 641 poscumus
1004 571 1214 640 oocussm.
1553 551 1560 560 '
1711 575 1769 642 ue

126 763 233 844 posteo
251 779 284 824 a.
300 765 352 840 st,
368 777 440 824 oum
460 763 553 844 Pssq.
579 760 667 827 decis.
682 765 752 841 296,
769 762 922 844 prbsbi-
977 763 1117 826 euu‘onem
1130 760 1326 846 quorumdem
1340 761 1456 824 retium
1469 759 1577 824 latoris
1588 761 1637 824 vel
1646 759 1771 843 officii?

126 851 184 912 lius
195 849 243 913 sie
256 850 423 931 distinguit
437 870 445 912 :
461 850 494 914 Si
506 851 803 914 diiiieultasoristur
814 869 853 914 es
868 853 923 915 bs·
977 852 1014 913 li.
1032 852 1128 932 Seqq.

1 968 2 1006 1
125 937 190 1002 bitu
213 937 343 1014 vitioso,
368 956 400 999 v.
429 956 460 1017 g.
507 937 766 1018 intemperantias,
796 943 924 1002 tenetur
1016 935 1773 1020 §Louitislabornonexeusstajejunio.nsm

127 1025 206 1086 buno
221 1023 348 1086 sineere
372 1025 405 1086 et
422 1023 579 1105 jejunare,
601 1025 642 1088 ob
665 1027 819 1089 rationem
838 1026 920 1101 bille
976 1027 1065 1089 Alex.
1080 1027 1134 1089 Vll
1150 1027 1312 1089 damnavit
1325 1027 1591 1106 bane30propos.
1610 1025 1714 1088 Omnes
1728 1025 1772 1106 os-

125 1113 151 1174 si
164 1117 274 1174 sutem
288 1112 409 1176 orimur
422 1113 603 1174 exnaturali
618 1114 797 1176 conditione
806 1119 923 1178 stoma·
977 1113 1100 1195 ficiales,
1116 1114 1172 1194 qui
1193 1117 1224 1174 ta
1245 1112 1316 1195 llep.
1333 1114 1529 1196 corporaliter
1542 1112 1688 1191 tuterunt,
1705 1121 1774 1176 suut

1 1211 2 1286 ξ
125 1199 176 1264 obi
198 1199 294 1264 nimis
322 1199 427 1263 callidi
455 1202 487 1262 et
512 1201 647 1278 voraris,
671 1208 777 1281 potest
798 1219 923 1265 sumere
978 1202 1154 1264 excusatior
1168 1201 1348 1284 obligatione
1358 1203 1482 1284 jejunii,
1499 1221 1551 1264 aar
1565 1201 1773 1265 debentserer·

1 1311 2 1341 ι
126 1293 280 1371 quantum
300 1289 415 1352 suffieit
431 1289 472 1351 nd
490 1291 731 1369 temperandum
751 1290 811 1352 boo
824 1307 923 1370 greve
977 1290 1139 1374 tifieereoa
1152 1289 1237 1354 lutor
1248 1293 1289 1352 sit
1301 1289 1700 1372 eomputibib‘seumjejunio.

1 1400 2 1406 ¹
125 1378 373 1455 incommodum,
391 1377 431 1439 ob
455 1379 610 1440 rationem
631 1380 709 1441 Bon.
726 1378 877 1444 Similiter
897 1377 922 1441 si
1016 1380 1077 1460 §2
1098 1381 1159 1442 Ars
1174 1399 1211 1442 ex
1226 1380 1773 1459 selaboriosaliberatunumquom·
1799 1377 1854 1424 Μ

1 1543 2 1547 ¹
126 1465 197 1547 quis
209 1465 337 1528 nimiam
353 1465 763 1530 diiiloultetembaberotob
778 1467 924 1530 denium
978 1485 1039 1549 que
1056 1486 1082 1530 'a
1102 1467 1234 1548 jejunio,
1252 1469 1347 1530 etium
1373 1469 1537 1531 robustum
1560 1474 1592 1528 et
1613 1473 1772 1547 potentem

1 1565 2 1634 J
125 1561 191 1616 tem
213 1552 380 1630 stomsebi,
397 1551 527 1615 deberet
545 1571 639 1615 mune
658 1573 782 1618 sumere
804 1554 923 1636 aliquid
977 1575 1048 1618 eum
1064 1573 1101 1619 eo
1116 1555 1223 1620 labore
1234 1555 1391 1638 jejunare,
1407 1558 1481 1635 quia
1495 1557 1636 1620 lteolesia
1647 1574 1711 1619 non
1724 1557 1774 1618 in·

126 1641 337 1724 posmodum
356 1640 533 1719 medicine,
550 1659 609 1704 nee
629 1642 700 1705 ideo
719 1643 925 1724 impediretur
978 1644 1076 1707 eludit
1094 1646 1139 1708 sie
1156 1646 1348 1724 laborantes,
1364 1651 1396 1709 et
1415 1647 1465 1708 lex
1487 1649 1534 1708 est
1553 1645 1726 1707 seeundum
1740 1643 1772 1709 id

128 1732 169 1794 sb
195 1729 356 1792 ordinaris
382 1729 548 1792 oolletiono
574 1731 774 1812 vespertina3
804 1731 921 1794 Saneh.
978 1735 1062 1815 quod
1091 1733 1302 1798 communiter
1328 1739 1397 1810 est3
1432 1734 1640 1797 cummuniter
1666 1737 1773 1796 autem

128 1819 197 1882 dud.
211 1823 263 1882 22.
978 1841 1041 1885 non
1067 1827 1198 1904 possunt
1220 1823 1363 1886 hominen
1386 1843 1458 1886 eum
1481 1821 1636 1905 ejusmodi
1664 1821 1772 1884 labore

1 1957 2 1979 ,
58 1905 105 1954 ¹³!
166 1907 238 1986 52.
267 1905 326 1980 Oui
349 1905 486 1968 dormire
510 1923 573 1970 non
592 1911 698 1988 potest
719 1905 778 1970 nisi
801 1905 924 1987 vesperi
974 1911 1130 1992 jejunare.
1156 1915 1447 1990 Eoontretamen,
1467 1910 1610 1992 quamvis
1630 1908 1773 1974 lebordo

1 2031 2 2034 =
128 1995 220 2077 ptem
235 1996 372 2058 relectus
386 1996 479 2060 debet
495 1996 527 2058 in
545 1997 678 2077 prandio
689 2015 815 2060 sumere
830 1997 925 2060 oolla·
978 2019 1013 2062 se
1027 2019 1090 2062 non
1104 2001 1145 2064 sit
1158 2001 1229 2063 talis
1244 2005 1278 2064 ut
1291 2005 1428 2078 excuset,
1442 2001 1467 2061 si
1482 2005 1588 2063 minen
1598 1997 1772 2078 complexio

128 2085 248 2148 donem
267 2089 298 2147 et
315 2085 438 2164 vesperi
452 2087 637 2166 prandium
654 2087 698 2149 ita
711 2087 800 2149 multi
815 2092 926 2150 eontra
978 2105 1121 2168 personne
1135 2088 1177 2151 sit
1188 2088 1260 2151 tulis
1281 2095 1316 2151 ut
1342 2089 1492 2168 offleium,
1514 2089 1599 2169 quod
1622 2087 1691 2150 aliis
1704 2087 1773 2150 leve

128 2179 299 2253 utrumque
314 2173 428 2238 Saneh.
440 2175 530 2240 Dian.
541 2193 573 2257 p.
591 2179 620 2252 l,
637 2183 659 2238 t.
675 2178 706 2253 9,
721 2173 759 2238 It.
775 2179 834 2250 513
850 2179 925 2239 Ces-
979 2179 1037 2253 est,
1055 2177 1122 2256 ipse
1140 2195 1203 2240 non
1226 2178 1325 2257 possit
1344 2179 1411 2239 sine
1435 2194 1551 2257 magno
1574 2175 1774 2239 incommodo

1 2283 2 2314 2
128 2267 210 2343 trop.
226 2263 290 2342 ἐῢ,
314 2281 346 2324 a.
370 2267 408 2336 93
429 2263 539 2326 'lamb
557 2282 588 2326 a.
608 2268 665 2338 lt;
680 2265 772 2328 both.
789 2269 821 2328 et
833 2265 922 2344 elios,
979 2265 1172 2346 conjungere
1194 2284 1266 2328 oum
1287 2265 1419 2348 jejunio,
1446 2270 1630 2341 excusatum
1655 2263 1771 2329 Saneh.

128 2351 182 2434 qui
196 2351 307 2414 dieunt
320 2368 383 2412 non
396 2349 495 2413 teneri
506 2352 589 2414 buno
602 2353 746 2415 ordinem
754 2354 922 2430 invertere,
979 2355 1056 2434 leeg.
1074 2355 1184 2418 'lamb
1201 2374 1232 2418 a.
1250 2359 1298 2418 18.

1 2457 2 2515 l
128 2440 184 2504 sed
198 2443 324 2520 sumpto
333 2441 776 2504 seeundumoonsnetudinem
791 2441 924 2523 prandio
1018 2441 1037 2521 ἓ
1054 2443 1084 2504 3.
1102 2443 1206 2522 Opera
1227 2461 1266 2504 ex
1288 2461 1322 2505 se
1342 2443 1502 2506 laboriosa
1515 2447 1589 2506 suut
1602 2459 1674 2524 quse
1686 2458 1774 2504 exer·
1801 2463 1855 2510 raso

1 2579 2 2604 ,
128 2545 222 2609 posse
236 2526 351 2590 iterum
364 2527 491 2607 plenam
501 2529 705 2594 retentionem
718 2549 843 2593 sumere
857 2548 925 2593 res·
979 2535 1090 2594 eentur
1114 2548 1187 2592 eum
1211 2549 1326 2612 magno
1347 2531 1520 2612 ag'tstione
1542 2531 1694 2612 eorporis,
1715 2549 1774 2612 per

1 2612 2 2665 ἲ
128 2617 209 2696 peri.
226 2615 317 2678 italio
327 2621 435 2678 nostra
448 2615 580 2698 estquis
589 2617 634 2679 sio
643 2621 747 2697 potest
759 2618 924 2681 commode
980 2615 1063 2678 hene
1082 2618 1167 2680 enim
1185 2618 1313 2698 spiritus
1335 2621 1471 2682 multum
1489 2621 1726 2696 consumuntur,
1742 2621 1773 2682 et

1 2706 2 2716 ²
129 2703 249 2770 serrari
264 2703 440 2766 substsntia
454 2702 585 2785 jejunii;
604 2705 656 2786 qui
676 2709 782 2770 autem
802 2709 926 2771 tenetur
979 2704 1056 2768 tolia
1072 2710 1145 2768 sunt
1165 2712 1280 2786 praeter
1298 2705 1592 2770 relstsaBusemb.
1608 2725 1711 2779 erare,
1725 2707 1774 2770 io·

1 2792 3 2808 '
130 2794 172 2854 ad
189 2792 394 2856 tinemetiam
407 2798 533 2857 tenetur
551 2795 590 2856 ad
611 2794 716 2857 media
734 2815 797 2858 non
815 2795 926 2858 difflet-
979 2792 1065 2872 dere,
1082 2794 1360 2873 interamnenses
1375 2796 1506 2876 lapides,
1522 2801 1770 2877 portemoners,

1 2898 2 2956 l
131 2882 183 2959 lia,
209 2881 339 2944 otidsm
362 2885 411 2944 est
431 2881 458 2943 si
478 2882 548 2963 quis
571 2900 633 2944 non
655 2889 761 2963 posset
780 2882 925 2966 jejunare
979 2886 1084 2945 terem
1098 2883 1178 2946 letos
1191 2901 1313 2964 pannus
1327 2883 1422 2946 etiam
1435 2885 1553 2966 pedum
1567 2883 1770 2960 adminiculo,

1 2999 2 3002 ¹
131 2969 190 3033 nisi
204 2973 329 3049 sumpto
336 2985 429 3032 mene
436 2969 608 3051 jentnoulo,
621 2971 666 3033 uti
679 2971 795 3034 fatetur
806 2973 921 3035 Saneh.
979 2970 1146 3050 remigare,
1157 2990 1342 3052 percursare
1356 2973 1623 3036 urbesvendendo
1637 2989 1771 3050 meroes,

131 3058 201 3122 dut.
216 3061 267 3135 27,
283 3077 315 3120 a.
331 3062 363 3122 t.
380 3057 540 3136 Similiter,
561 3057 631 3120 dut.
647 3062 696 3137 32,
713 3059 806 3123 doeet
825 3061 924 3123 teneri
978 3065 1038 3122 eto.
1056 3061 1129 3121 Haee
1143 3059 1239 3139 enim,
1250 3061 1277 3122 si
1287 3061 1381 3141 longo
1397 3066 1541 3141 tempore
1556 3064 1771 3136 exemerentur,

131 3146 297 3211 comedere
322 3163 382 3207 oua
404 3147 457 3228 qui
483 3146 574 3210 aliter
596 3165 659 3210 non
679 3152 925 3228 possetservers
979 3149 1114 3212 multum
1132 3148 1275 3230 fatigant.

128 3235 303 3318 jejunium
319 3234 403 3296 addo
423 3252 483 3314 ego
507 3235 602 3298 etium
625 3255 747 3315 earnes,
764 3237 838 3318 quia
852 3253 924 3299 oum
1019 3237 1078 3316 gl.
1091 3237 1234 3317 Fagund.
1246 3242 1278 3298 et
1289 3237 1453 3316 ledesma,
1469 3238 1553 3318 apud
1563 3237 1694 3302 Dianam
1699 3239 1771 3320 pt,
1801 3259 1852 3308 sest

1 3317 2 3356 ³
132 3324 246 3386 barum
259 3341 314 3386 esu
328 3320 469 3384 oonsistit
476 3321 644 3404 jejunium,
654 3324 828 3387 seeundum
840 3324 925 3388 diets
977 3333 1000 3386 t.
1016 3330 1046 3401 9,
1062 3325 1101 3388 Il.
1117 3329 1147 3402 8,
1164 3331 1314 3389 excusant
1328 3330 1464 3389 sartores
1478 3323 1770 3405 etbarbitonsores,

1 3461 2 3466 1
131 3432 164 3476 n.
180 3415 268 3476 litt.
977 3415 1034 3474 sed
1057 3414 1199 3476 absolute
1226 3413 1399 3476 tenendum
1426 3418 1474 3476 est
1500 3413 1680 3494 oppositum
1699 3429 1772 3476 oum

1 3507 2 3566 J
59 3516 110 3566 tm
174 3501 282 3577 Ouoeu.
298 3504 369 3564 260.
384 3501 821 3585 -Aseaeuseturpuellauel
833 3502 924 3566 uidua
977 3501 1091 3565 Mende
1106 3500 1137 3564 d.
1152 3506 1183 3580 8,
1195 3522 1225 3584 q.
1241 3505 1272 3580 8,
1289 3502 1363 3583 quia
1376 3503 1428 3564 hie
1442 3503 1532 3565 labor
1544 3505 1581 3565 lit
1593 3503 1660 3564 sine
1674 3501 1773 3581 egitu-

1 3609 2 3650 l
133 3589 230 3654 soleas
240 3589 401 3667 moereri
416 3589 926 3674 jejunior-eddmdueesetdelormtsl
977 3591 1063 3655 tione
1078 3593 1110 3652 et
1123 3589 1323 3652 incommodo
1334 3609 1460 3672 magno.
1478 3590 1627 3671 stepha.
1638 3591 1705 3666 tur,
1722 3605 1773 3650 ex·

134 3681 226 3759 ltesp.
243 3678 411 3742 Affirmant
430 3680 507 3758 Lop.
534 3679 649 3743 Saneh.
675 3680 786 3744 'lamb
810 3701 841 3744 a.
863 3685 923 3756 453
979 3684 1069 3740 susat
1092 3682 1244 3756 sartores,
1270 3677 1296 3740 si
1323 3679 1495 3758 impensius
1521 3679 1666 3741 laborent
1679 3676 1774 3740 etism

133 3768 289 3831 Beudena.
304 3784 338 3848 p.
362 3769 392 3845 l,
413 3786 444 3849 q.
460 3771 500 3829 tl
513 3786 536 3844 ς,
547 3768 637 3831 both.
665 3769 749 3850 apud
764 3770 874 3850 Steph.
890 3789 922 3832 a.
978 3784 1036 3846 per
1061 3783 1209 3846 magnum
1224 3771 1346 3847 partem
1361 3767 1470 3845 noetis,
1498 3767 1555 3829 sed
1571 3767 1621 3828 bie
1636 3769 1669 3829 et
1686 3781 1774 3846 spea-

134 3860 202 3935 tel,
218 3855 293 3937 quis
309 3855 334 3918 si
349 3859 518 3936 propterea
531 3857 635 3919 minus
649 3858 861 3938 desideretur,
878 3863 926 3922 est
979 3854 1083 3917 taudae
1106 3858 1179 3918 sunt
1199 3855 1292 3934 uires,
1311 3873 1384 3916 uam
1402 3855 1493 3918 labor
1511 3855 1565 3917 ille
1587 3855 1628 3917 de
1649 3871 1685 3924 se
1710 3871 1773 3916 non

133 3945 270 4008 neutile
289 3943 460 4018 damnum
476 3945 601 4024 signum
624 3950 730 4008 eutem
744 3949 839 4009 unte
858 3947 925 4027 jeu·
978 3946 1110 4005 excusat
1126 3961 1134 4004 ε
1151 3961 1228 4024 ergo
1242 3943 1269 4006 si
1284 3944 1366 4006 vires
1380 3943 1443 4008 sint
1456 3961 1548 4024 pares
1559 3942 1691 4026 jejunio,
1707 3961 1775 4006 ma·

133 4038 211 4098 ture
225 4035 300 4094 tuno
314 4031 375 4093 erit
397 4031 422 4092 si
444 4035 489 4093 its
516 4032 603 4094 solor
623 4032 859 4114 deperderetur,
875 4037 926 4099 sel
979 4038 1035 4094 not
1049 4030 1209 4111 obligatio.

133 4119 336 4184 induraretur
357 4119 486 4196 moues,
502 4123 538 4182 ut
559 4120 631 4183 telis
653 4122 770 4184 femina
783 4123 851 4186 viss
864 4130 926 4186 sto·
1004 4120 1066 4199 55.
1080 4118 1198 4200 Angles
1211 4118 1327 4201 aliique
1341 4137 1413 4181 eum
1427 4119 1523 4199 Burg.
1540 4128 1613 4182 reat.
1625 4121 1655 4198 3,
1666 4137 1725 4182 eus.
1741 4123 1771 4199 e,
1800 4142 1855 4193 ress

133 4209 190 4273 um
203 4209 244 4272 de
258 4225 297 4272 eo
311 4207 437 4271 deiectu
458 4211 636 4282 notaretur;
658 4209 702 4272 ita
715 4213 825 4274 rumh.
842 4215 925 4276 Vero
980 4213 1013 4270 et
1025 4207 1115 4270 Dian.
1132 4209 1165 4268 ia
1178 4207 1328 4290 eumpeotd.
1347 4206 1380 4270 V.
1394 4207 1561 4288 Jejunr'um,
1574 4227 1603 4270 n.
1616 4211 1666 4286 ¹0,
1682 4225 1775 4271 exuu-

1 4317 2 4328 ³
134 4315 196 4360 nou
218 4296 308 4360 iseile
331 4295 392 4358 erit
413 4296 588 4376 perieulum
608 4296 690 4359 illius
713 4298 924 4374 incommodi3
979 4300 1119 4359 sauteos
1133 4296 1186 4377 qui
1205 4297 1338 4359 multum
1357 4297 1509 4376 scribunt,
1533 4315 1565 4359 v.
1594 4315 1627 4378 g.
1641 4300 1775 4378 'Regum

1 4443 2 4456 ,
133 4405 206 4450 reru
240 4385 324 4448 enirn
360 4385 541 4447 notabiliter
575 4384 804 4449 deformabitur
832 4383 926 4450 humo
980 4384 1181 4462 secretarios,
1201 4383 1275 4464 quia
1297 4383 1358 4446 tale
1386 4385 1524 4446 oiliuium
1547 4385 1679 4466 requirit
1700 4398 1776 4447 oon·

133 4481 264 4557 propter
275 4473 398 4556 jejunis
410 4473 573 4536 ordinarie
587 4474 744 4552 bleolesiae,
761 4476 846 4538 unde
859 4493 928 4538 sen·
974 4475 1100 4536 xstantes
1112 4472 1206 4535 vires.
1231 4472 1295 4536 Sed
1308 4471 1478 4535 dicendum
1495 4477 1543 4535 est
1561 4490 1634 4534 oum
1656 4470 1773 4534 Sonab-

133 4565 233 4628 tentis
245 4563 300 4624 ills
312 4562 363 4624 vix
376 4579 434 4642 pro
448 4561 538 4642 prasi
553 4561 805 4626 babebitloeum.
981 4561 1051 4624 dub.
1068 4567 1102 4637 7,
1118 4579 1180 4624 non
1195 4562 1354 4637 exeusmi3
1370 4565 1502 4644 possunt
1524 4563 1608 4624 onim
1622 4561 1705 4622 vires
1721 4557 1776 4620 bs·

61 4671 110 4722 rm
173 4653 285 4730 Queat.
310 4653 380 4714 eol.
398 4683 439 4698 -
456 4651 504 4713 Aa
527 4665 678 4713 excreetur
692 4651 847 4734 quilebet
870 4648 929 4714 duo
981 4650 1058 4713 bere
1072 4650 1272 4728 suilleientes,
1289 4650 1434 4731 quemvis
1444 4649 1599 4731 jejunent.
1615 4651 1682 4711 lmo
1697 4652 1775 4710 tem·

133 4739 290 4806 maele?
310 4743 347 4803 n.
374 4739 522 4802 Aillrmat
532 4739 562 4802 J.
580 4739 697 4803 Saneh.
713 4738 744 4802 d.
760 4743 811 4817 at,
827 4759 858 4803 u.
878 4741 926 4818 l’l,
982 4739 1126 4820 porentia
1139 4743 1171 4800 et
1178 4736 1334 4821 jejunium
1342 4736 1710 4801 maximecoudueuntad
1723 4753 1776 4798 vn·

133 4829 209 4911 quis
219 4827 292 4892 telis
305 4826 449 4889 redditur
457 4826 594 4888 maxime
605 4827 728 4904 debilis,
744 4830 824 4890 teste
837 4845 930 4908 expe·
982 4828 1155 4893 latudinem
1169 4827 1349 4890 sedeutsrii.

1 4945 2 4966 κ
132 4917 248 4980 nentia
271 4915 448 4997 aliquorum
471 4915 512 4976 nb
539 4932 577 4978 eo
611 4915 842 4990 consultorum
873 4915 929 4978 sed
1023 4918 1083 4997 §tt
1109 4915 1168 4988 Qui
1182 4914 1345 4978 laboriosis
1359 4913 1506 4996 operibus
1526 4913 1777 4977 incumbuntex·
1803 4957 1858 5009 m,

135 5003 243 5086 opinio
257 5003 312 5066 ille
325 5002 486 5085 sequenda
501 5021 563 5064 non
579 5008 645 5081 est,
667 5003 725 5066 nisi
740 5005 930 5066 ooneurrant
984 5007 1145 5080 eusantur,
1162 5001 1235 5065 lieet
1258 5019 1321 5065 uno
1345 5003 1393 5064 vol
1417 5001 1516 5065 altero
1540 5001 1591 5064 die
1612 4999 1777 5063 nonlabo-

1 5135 2 5166 ,
133 5093 241 5174 plures
265 5091 507 5155 eironmstsutioe
531 5091 701 5154 debilitatis
728 5092 779 5154 rel
799 5091 927 5170 laboris,
983 5095 1065 5166 rent,
1089 5089 1115 5151 si
1137 5108 1167 5151 v.
1193 5107 1224 5169 g.
1249 5089 1429 5167 sitlestum,
1446 5088 1668 5168 Seurbsuprs
1682 5085 1773 5150 uim.

1 5175 2 5178 ’
134 5197 208 5243 nam
231 5178 425 5260 experientia
446 5179 605 5242 senueris
625 5178 739 5259 probat
753 5179 838 5260 quod
857 5197 930 5242 eum
984 5178 1023 5242 Il.
1052 5182 1090 5253 93
1119 5177 1230 5240 'lamb
1251 5197 1283 5240 a.
1309 5182 1364 5253 2⁴3
1389 5177 1502 5240 ldendo
1525 5197 1555 5258 q.
1579 5181 1610 5255 l,
1638 5173 1777 5236 reterens

1 5295 2 5300 ¹
134 5268 259 5332 duebm
273 5267 338 5331 imo
360 5272 393 5332 et
411 5267 554 5348 pluribus
568 5268 726 5336 cauteriis.
748 5285 807 5348 per
828 5283 862 5330 so
886 5266 931 5328 lo·
984 5268 1063 5332 elios
1084 5266 1210 5330 multos.
1228 5266 1260 5330 Si
1274 5285 1351 5330 varo
1364 5266 1491 5330 trassel
1505 5261 1777 5347 quatuordissje·

135 5357 274 5440 quendo,
294 5355 459 5420 dommodo
483 5361 566 5420 stare
592 5356 868 5439 possitjejunium,
885 5354 929 5419 uti
980 5353 1062 5437 junii
1091 5359 1322 5438 sequerentur,
1348 5354 1463 5437 quibus
1491 5372 1553 5416 non
1581 5353 1775 5430 laborarent,

135 5451 221 5511 reete
235 5450 328 5528 Pesq.
340 5443 402 5510 deo.
417 5447 488 5509 260.
985 5446 1102 5510 Saneh.
1119 5453 1151 5508 et
1163 5445 1215 5507 alli
1225 5445 1333 5508 dieunt
1341 5444 1457 5506 debere
1466 5442 1610 5525 jejunare
1620 5439 1777 5521 aliquibus

64 5561 114 5614 m
178 5533 289 5610 θυαε.
304 5536 375 5598 itt.
385 5565 427 5584 ·-
437 5533 517 5612 (incid
527 5530 692 5599 addendum
706 5535 744 5599 sit
757 5533 838 5598 atrro
850 5549 928 5597 erre·
987 5532 1098 5598 diebus
1110 5551 1149 5596 ex
1164 5533 1224 5616 bis,
1241 5552 1273 5598 v.
1289 5551 1321 5618 g.
1337 5531 1476 5598 alternis.
