4032 6340
336 527 375 591 66
1026 529 1076 592 ou
1105 525 1318 593 HOMIGIDIO.

337 731 409 776 cum
424 733 443 776 a
457 717 648 793 provocante
667 713 877 794 designatum,
895 715 967 778 81888
982 717 1013 777 in
1029 716 1135 778 animo
1191 715 1237 776 oti
1252 715 1344 776 docet
1357 715 1455 776 Castr.
1481 721 1503 774 t.
1529 715 1559 788 6,
1584 711 1614 773 d.
1631 715 1662 788 5,
1681 731 1717 792 p.
1744 713 1774 778 6,
1800 728 1831 769 n.
1849 711 1896 785 18,
1911 721 1972 807 888

337 802 472 863 haberet
496 821 558 864 nou
576 821 727 880 pugnare,
742 802 799 862 nisi
815 802 1027 881 invaderetur,
1045 803 1137 864 adeo·
1192 803 1300 865 odiosa
1323 802 1385 863 siut
1407 802 1513 864 stricte
1535 799 1782 880 interpretanda,
1808 797 1973 857 tumebam

338 909 398 970 quc
427 894 551 951 tantum
577 889 754 952 intenderet
781 910 814 951 se
842 890 1031 968 defendere,
1062 891 1138 971 quia
1192 890 1266 970 quia
1276 891 1307 950 in
1318 891 1377 952 hoo
1388 909 1462 952 8888
1473 908 1535 952 non
1546 894 1594 952 est
1604 887 1769 951 conventio
1781 885 1822 947 ad
1836 899 1972 964 pugnam,

338 975 484 1056 quamvis
499 977 582 1036 exire
598 977 637 1037 ad
653 978 747 1038 talem
769 978 873 1038 locum
898 978 936 1038 de
952 997 985 1039 88
1000 979 1041 1039 818
1055 979 1135 1040 88888
1191 977 1247 1037 888
1262 997 1325 1039 888
1339 982 1387 1040 888
1400 979 1561 1041 moraliter
1571 979 1663 1054 88818,
1681 994 1751 1058 quae
1766 978 1814 1036 888
1827 973 1974 1051 8188888-

338 1063 534 1140 indifferens,
559 1069 665 1125 tamen
689 1063 719 1124 iu
737 1065 785 1126 his
800 1066 1040 1128 circumstantiis
1056 1070 1137 1128 esset
1191 1070 1308 1128 sonset
1322 1085 1448 1146 pugna;
1471 1066 1554 1127 uude
1573 1067 1662 1126 Dian.
1685 1081 1781 1142 88888
1800 1071 1829 1123 81
1849 1061 1971 1140 nonasp.

339 1150 460 1213 directe
474 1171 508 1213 se
521 1153 824 1232 euponerepcrrculo
835 1154 946 1215 morali
962 1153 1133 1230 duellandi
1190 1153 1226 1216 de
1245 1156 1329 1214 corel.
1352 1154 1381 1214 d.
1402 1161 1436 1233 8,
1453 1175 1483 1216 n.
1501 1159 1569 1232 185,
1590 1155 1709 1230 dicunt,
1686 1157 1751 1214 sr
1743 1148 1928 1212 conventio
1941 1146 1973 1208 ad

338 1238 481 1338 adeoque
497 1239 624 1301 tollendi
639 1240 1135 1319 vitamalienam,autamrttcnd1
1190 1261 1330 1322 pugnam
1344 1243 1420 1304 888·
1386 1247 1442 1304 8ιιι
1458 1244 1536 1320 rixa,
1554 1261 1592 1303 ex
1605 1241 1716 1303 eodem
1732 1239 1849 1315 calore,
1866 1232 1973 1296 etiamsi

269 1327 514 1466 ω8ιο8ιί8ιιις
528 1327 653 1402 Mende,
670 1349 699 1388 n.
719 1331 788 1390 861.
1190 1332 1264 1390 8888
1251 1328 1325 1390 888
1349 1330 1445 1390 alium
1466 1330 1582 1406 locum,
1608 1329 1632 1390 si
1652 1346 1715 1388 non
1730 1324 1905 1388 intercedat
1916 1339 1975 1401 spa

269 1413 486 1489 ⁸⁸³.Quoest
504 1417 629 1476 188.—
653 1413 1042 1494 (letalesi'ltzluddaellnm,
1059 1418 1139 1498 qaod
1189 1417 1268 1480 trum
1284 1419 1444 1496 temporis
1462 1437 1523 1498 quo
1534 1421 1694 1498 pugnau
1678 1434 1760 1477 sse
1776 1413 1815 1475 ad
1831 1415 1884 1474 ac
1886 1429 1918 1470 us
1931 1427 1975 1468 ex

338 1499 521 1565 obEccleszo
543 1503 594 1563 881
610 1504 912 1584 poenr'sprobibetur?
935 1510 971 1568 R.
988 1507 1203 1567 Doellumt
1190 1510 1317 1567 traoaos
1342 1505 1412 1566 ab
1404 1525 1472 1584 ipsa
1493 1525 1599 1584 pugna
1627 1505 1767 1566 diversos
1791 1500 1973 1568 convertant,

338 1590 452 1652 dicitur
472 1591 561 1670 quasi
584 1591 709 1652 deornm
735 1593 855 1672 bellum,
882 1599 913 1656 88
900 1595 1135 1657 talionomine
1191 1612 1252 1654 non
1268 1611 1336 1654 esse
1352 1593 1491 1653 duellum
1507 1594 1565 1654 sub
1576 1611 1678 1671 poenrs
1692 1589 1898 1670 prohibitum
1913 1582 1976 1664 quia

338 1681 470 1738 vocatur
491 1677 704 1755 Monomoclzio,
731 1680 804 1759 quia
827 1685 875 1744 888
887 1681 979 1742 solcas
997 1702 1062 1742 cum
1075 1680 1136 1742 solo
1191 1700 1254 1742 nou
1279 1686 1326 1742 est
1349 1700 1457 1761 pugna
1471 1700 1509 1741 ex
1523 1682 1679 1758 condicto,
1696 1678 1775 1740 scd
1767 1695 1838 1757 rpsa
1851 1671 1974 1736 88881818

331 1784 460 1847 pupae:
489 1785 521 1826 es
524 1769 596 1866 tque
619 1771 685 1827 tum
713 1769 771 1828 sub
795 1769 896 1848 poeuis
918 1769 1135 1831 ecclesiasticis
1191 1770 1378 1832 estmoralit
1365 1776 1540 1850 t,erpugna
1554 1789 1624 1851 quae
1639 1770 1740 1831 oritur
1749 1786 1787 1828 cx
1800 1783 1873 1826 rrxa
1884 1762 1975 1824 adhoc

339 1852 542 1932 prohibitum,
569 1854 595 1914 si
618 1856 658 1916 sit
681 1855 836 1935 ejusmodi
858 1858 1016 1936 singulare
1035 1863 1137 1919 certa·
1191 1854 1335 1918 durante.
1353 1857 1450 1920 Addit
1437 1862 1536 1919 cum
1551 1857 1619 1918 alus
1633 1857 1723 1918 Dran
1738 1875 1773 1936 p.
1791 1856 1821 1922 6,
1840 1848 1974 1930 8888881

338 1961 410 2004 men
427 1943 600 2022 etquidem
613 1963 721 2022 graie,
742 1963 781 2005 ex
795 1945 924 2023 privatis
938 1945 1041 2006 causis
1056 1945 1137 2006 inter

339 2032 430 2107 duos,
455 2030 505 2090 vel
519 2031 625 2109 plures
638 2033 815 2094 institutum
830 2053 868 2094 ex
882 2034 1008 2096 condict
996 2038 1040 2110 to,
1056 2034 1135 2094 desi·

339 2121 435 2198 gnato
450 2120 591 2196 tempore
606 2125 637 2178 88
651 2119 731 2196 1888,
754 2120 872 2182 Sanoh.
889 2123 1004 2182 Bonae.
1022 2120 1132 2200 Regin.

340 2202 393 2265 lib.
410 2207 460 2281 88,
476 2224 557 2267 aum.
573 2207 632 2278 ’13;
649 2207 736 2268 Β888.
754 2226 782 2268 o.
799 2207 955 2269 Duellom:
973 2208 1136 2270 181881818-

340 2294 413 2354 8888
427 2311 514 2373 seqq.
531 2311 604 2355 cum
617 2294 727 2358 Tamb.
745 2294 767 2356 1.
784 2299 815 2372 6,
832 2316 858 2357 8.
878 2297 1066 2376 l,§3,on.
1083 2301 1112 2360 8.

272 2381 313 2428 ⁸⁴⁴
379 2380 397 2458 ἓ
412 2384 440 2441 8.
457 2383 577 2460 Pugna,
595 2401 664 2463 quae
680 2383 714 2444 tit
729 2382 795 2443 sine
806 2384 902 2444 armis
913 2383 994 2462 aptis
1008 2385 1048 2445 ad
1064 2403 1136 2464 gra-

340 2468 420 2530 viter
434 2470 673 2548 vulnerandum,
700 2475 734 2533 ut
748 2472 775 2532 si
795 2473 851 2534 fiat
864 2473 923 2534 levi
940 2473 1063 2542 baculo,
1080 2493 1136 2552 pu-

340 2555 421 2635 gnis,
439 2558 598 2618 evulsione
617 2558 814 2638 capillorum,
837 2579 898 2620 non
915 2565 961 2623 est
975 2561 1036 2622 talc
1051 2560 1137 2622 duel-

340 2643 417 2720 lum,
434 2645 584 2724 quianon
600 2651 647 2705 est
661 2651 820 2707 certamen
835 2666 943 2726 grave.

380 2730 441 2808 §R
468 2731 500 2793 Si
522 2731 585 2792 duo
609 2732 710 2794 subito
731 2733 764 2794 in
788 2735 867 2796 iram
889 2739 920 2797 88
941 2735 1040 2796 rixam
1055 2738 1139 2798 versi

341 2818 463 2899 gladios
480 2821 661 2895 extrahant,
687 2825 718 2882 ot
741 2821 773 2882 in
790 2823 859 2884 loco
875 2828 1025 2903 pugnent,
1043 2825 1138 2886 etiam

343 2925 405 2967 non
428 2909 476 2967 888
498 2907 559 2968 8818
583 2909 732 2986 duellum,
760 2911 834 2991 quia
848 2917 896 2972 est
910 2911 1044 2990 ipsamet
1058 2913 1136 2990 rixa,

342 3013 405 3056 oon
420 3000 525 3057 autem
539 3001 699 3058 certarnen
714 3017 753 3058 ex
767 2999 922 3076 condicto,
940 3017 1041 3080 neque
1057 2999 1140 3061 desi-

342 3087 437 3162 gnato
452 3084 533 3161 loco,
556 3091 588 3146 et
610 3091 763 3163 tempore,
786 3086 830 3149 188
845 3106 953 3148 omnes
967 3090 1139 3149 communi-

343 3177 477 3232 tarcum
494 3173 609 3234 Sanoh.
626 3173 679 3234 111.
697 3179 726 3252 8,
743 3195 806 3256 888.
822 3177 871 3252 39,
888 3195 969 3237 nam.
986 3180 1034 3239 18.
1050 3177 1139 3238 Idem

343 3263 401 3336 est,
427 3260 452 3320 si
474 3263 523 3322 vel
537 3261 635 3340 locus,
661 3263 709 3322 vel
726 3268 848 3344 tempus
863 3283 924 3325 uon
941 3265 1136 3344 designatum

342 3349 515 3428 requiritur
529 3348 613 3410 enim
627 3351 802 3429 designatio
818 3355 849 3412 et
863 3352 923 3413 loci
939 3356 971 3413 et
988 3351 1139 3432 temporis

344 3437 531 3516 copulative,
556 3440 672 3500 Bonae.
699 3439 815 3520 aliique
839 3458 911 3501 cum
934 3441 1024 3503 Dian.
1045 3461 1080 3523 p.
1106 3444 1136 3518 5,

343 3534 366 3587 t.
384 3527 432 3602 83,
453 3525 492 3586 18.
509 3527 560 3588 59.

277 3641 317 3688 με
383 3613 444 3691 §3
471 3611 503 3674 Si
519 3613 556 3674 in
579 3613 638 3675 hoo
662 3615 731 3677 loco
755 3620 943 3694 pugnantes,
970 3634 1007 3676 ex
1028 3615 1139 3677 eodem

344 3703 460 3777 calore,
477 3704 508 3763 et
521 3701 640 3780 impetu
656 3709 768 3763 exeant
786 3704 827 3765 ad
841 3703 936 3764 alium
951 3704 1065 3780 locum,
1081 3704 1140 3764 ibi·

345 3807 406 3871 que
420 3789 533 3868 gladiis
543 3809 682 3868 pugnam
692 3796 932 3872 prosequantur,
947 3792 1023 3852 item
1037 3791 1063 3851 si
1078 3792 1141 3852 sint

345 3877 376 3936 io
392 3876 519 3954 tcmplo,
546 3876 595 3936 vol
618 3877 650 3935 in
672 3876 765 3937 domo
788 3878 905 3957 aliqua,
926 3877 980 3938 ubi
995 3877 1036 3938 ob
1050 3897 1140 3938 reve-

345 3961 490 4038 rentiam,
516 3963 566 4023 vel
589 3963 762 4040 periculum
781 3965 839 4026 loci
856 3983 917 4026 non
933 3965 1071 4027 8888888
1058 3970 1140 4044 8·88

345 4069 442 4132 gnare
458 4053 489 4112 et
503 4050 582 4111 alter
595 4050 678 4112 dicat
695 4070 702 4111 ε
722 4069 880 4129 exeamus,
899 4053 1006 4133 sicque
1022 4053 1141 4114 8888888

344 4141 496 4218 pugnent,
522 4137 635 4198 docent
657 4139 767 4200 [lamb.
798 4139 912 4221 aliique
938 4140 1023 4219 apud
1046 4139 1137 4202 Dian.

340 4245 376 4307 p.
401 4228 431 4302 3,
448 4233 470 4285 t.
488 4227 517 4300 6,
537 4223 572 4286 18.
590 4228 663 4300 1,88
680 4244 715 4306 p.
740 4229 769 4294 6,
788 4235 810 4286 1.
826 4230 856 4292 6,
871 4225 910 4289 Il.
927 4231 1057 4295 88888
1071 4245 1140 4288 8888

345 4312 485 4372 duellum
499 4312 557 4372 sub
571 4313 673 4392 poeois
685 4313 889 4391 prohibitum,
906 4318 973 4377 tum
989 4315 1063 4394 quia
1077 4333 1140 4376 nou

346 4401 380 4462 818
398 4400 561 4480 designato
577 4406 718 4481 tempore
733 4406 765 4464 et
778 4403 858 4482 loco,
875 4407 942 4466 tum
958 4405 1052 4466 etiam
1067 4404 1141 4484 quia

347 4492 394 4549 888
408 4487 512 4549 adhuc
535 4488 637 4568 prima
660 4490 738 4566 rixa,
765 4491 808 4552 uti
825 4498 908 4553 recte
923 4492 1058 4574 Bonoesp.
1075 4511 1140 4553 cam

346 4574 416 4635 81118
439 4575 520 4655 opud
539 4575 643 4658 Stepb.
667 4584 690 4637 t.
719 4579 749 4654 3,
775 4577 805 4639 d.
823 4581 852 4651 3,
875 4599 905 4640 a.
923 4583 977 4653 58;
995 4581 1019 4640 si
1036 4585 1140 4642 tamen

347 4661 422 4722 dum
445 4661 535 4722 simul
557 4662 589 4722 in
605 4663 754 4740 Ecclesia,
771 4665 819 4725 vel
835 4665 903 4726 loco
919 4666 980 4727 alio
995 4670 1143 4728 recusant

1190 1962 1298 2024 pugna
1325 1949 1475 2024 sequatur
1498 1945 1611 2006 eodem
1638 1945 1700 2022 die,
1731 1961 1794 2024 quo
1821 1941 1908 2004 factu
1929 1937 1976 2000 init

1190 2030 1258 2091 rixa
1282 2034 1313 2093 et
1337 2032 1520 2110 conventio,
1546 2032 1631 2093 credi
1655 2049 1765 2110 posse,
1792 2029 1881 2110 quod
1903 2044 1976 2090 com·

1190 2118 1288 2179 missa
1312 2119 1352 2178 sit
1375 2139 1411 2180 ex
1428 2121 1539 2180 eodem
1553 2120 1657 2181 calore
1672 2117 1845 2180 iracundiae
1862 2137 1870 2192 ;
1887 2113 1975 2178 88818

1191 2204 1411 2266 universaliter
1431 2223 1494 2267 nou
1516 2209 1563 2266 est
1586 2223 1708 2280 verum,
1734 2221 1807 2265 nam
1829 2201 1977 2282 potuitito

1190 2291 1278 2370 prior
1300 2291 1495 2354 deferbuisse
1518 2297 1550 2354 et
1569 2311 1677 2372 pugna
1697 2292 1766 2373 jam
1789 2310 1828 2352 ex
1845 2289 1975 2353 condicto

1192 2398 1258 2441 esse
1274 2386 1444 2459 resumpta.

1232 2469 1293 2546 §R
1311 2469 1343 2530 Si
1359 2469 1421 2530 duo
1436 2470 1522 2548 prius
1537 2470 1651 2547 verbis,
1668 2469 1717 2531 vel
1730 2470 1849 2549 pugnis
1859 2471 1976 2544 certent,
1995 2459 2007 2511 Ι

1192 2559 1224 2617 88
1238 2561 1369 2637 8888888
1385 2557 1515 2618 domum
1529 2577 1658 2619 currens
1678 2578 1769 2620 arma
1782 2557 1925 2638 arripiat,
1939 2573 1976 2616 88

1193 2644 1328 2726 8888888
1343 2645 1384 2706 88
1398 2646 1544 2706 eumdem
1554 2647 1658 2707 locum
1673 2653 1705 2706 88
1717 2651 1850 2726 pugnet,
1868 2664 1927 2708 non
1940 2648 1978 2705 est
2006 2685 2007 2688 ,

1193 2732 1333 2793 duellum
1346 2732 1404 2793 sub
1415 2733 1514 2811 poenis
1524 2733 1728 2812 prohibitum,
1741 2734 1786 2796 uti
1798 2739 1909 2796 tenent
1920 2733 1978 2813 plu·
2006 2791 2007 2796 ,

1191 2838 1243 2881 888
1266 2820 1351 2898 8888
1365 2821 1455 2881 11188.
1479 2839 1584 2900 88888,
1603 2823 1676 2901 8818
1690 2840 1798 2902 pugna
1813 2841 1878 2884 non
1893 2828 1937 2882 est
1947 2838 1978 2881 ex

1193 2908 1350 2986 condicto,
1376 2910 1431 2970 sed
1453 2929 1491 2970 ex
1504 2909 1590 2982 rixa;
1609 2911 1683 2972 item
1698 2911 1723 2970 si
1738 2911 1809 2990 quis
1825 2911 1979 2972 81888888-
2005 2955 2007 2962 ,

1194 3013 1266 3056 oum
1280 2996 1428 3076 pugnabo
1443 2997 1546 3075 prima
1555 2995 1634 3073 vice,
1647 2997 1722 3077 quia
1736 3017 1793 3076 per
1807 2999 1920 3060 urbem
1932 2994 1977 3058 tibi

1194 3083 1304 3145 obvius
1327 3085 1427 3160 fuero,
1452 3084 1526 3146 licet
1546 3085 1578 3144 id
1601 3089 1744 3165 acceptet
1766 3087 1860 3164 alter,
1888 3083 1976 3148 rana
2006 3083 2007 3138 ἶ

1192 3193 1222 3233 a.
1241 3177 1289 3251 81,
1316 3171 1430 3253 8111888
1455 3190 1528 3233 cum
1549 3173 1638 3233 Dian.
1658 3192 1693 3253 p.
1718 3177 1749 3250 5,
1774 3175 1976 3250 8181858,

1194 3265 1305 3322 888888
1328 3261 1444 3322 Bonae.
1469 3259 1576 3321 dicunt
1599 3259 1704 3321 adbuc
1727 3279 1789 3322 non
1815 3262 1885 3323 8888
1903 3260 1979 3322 8881-
2005 3297 2007 3332 ;

1193 3351 1270 3427 lum,
1296 3348 1371 3429 quia
1385 3364 1487 3426 neque
1501 3351 1568 3408 tota
1581 3347 1656 3408 urbe
1670 3351 1719 3409 888
1739 3349 1829 3410 18888
1842 3347 1979 3412 determi-
2006 3383 2007 3388 ι

1194 3445 1305 3510 88888;
1323 3453 1424 3515 88888
1435 3454 1472 3495 ex
1483 3452 1531 3509 eo,
1545 3436 1629 3513 quod
1640 3437 1773 3513 dicatur,
1790 3437 1897 3516 prima
1909 3437 1977 3510 rice,

1194 3523 1376 3602 designatur
1399 3522 1525 3600 aliquod
1547 3527 1667 3584 certum
1683 3527 1818 3602 tempus.
1837 3526 1871 3588 Si
1886 3531 1979 3587 autem

1194 3611 1274 3672 alter
1294 3610 1397 3670 dicat:
1421 3609 1472 3669 hic
1494 3613 1635 3689 expecta,
1661 3611 1762 3673 donec
1785 3615 1924 3691 veniam,
1939 3632 1979 3674 88-

1194 3717 1345 3778 mensque
1361 3697 1446 3758 domi
1461 3715 1550 3758 arma
1564 3698 1689 3770 redeat;
1705 3701 1756 3760 vel
1770 3701 1796 3760 si
1812 3701 1899 3765 81888
1914 3721 1920 3763 :
1938 3701 1980 3761 hic
2006 3781 2007 3784 Ἴ

1195 3793 1336 3889 expect,
1307 3804 1324 3846 o
1293 3785 1481 3848 ttdoncc
1468 3789 1589 3846 tucum
1604 3787 1700 3846 armis
1717 3787 1779 3848 huc
1794 3789 1925 3863 redeas;
1940 3786 1979 3848 vel

1195 3833 1371 3937 exidom⁷ot
1359 3880 1423 3946 t,ua
1436 3874 1528 3934 hicio
1542 3874 1760 3953 viaexspecto,
1769 3877 1841 3939 vel:
1854 3893 2006 3959 provoco

1194 3964 1235 4024 ad
1258 3979 1409 4042 pugnam,
1434 3979 1644 4061 quocumque·
1654 3963 1722 4022 loco
1738 3962 1816 4023 mihi
1832 3981 1979 4028 occurres
2000 3961 2007 4056 1

1195 4051 1326 4113 (181ιί888
1350 4055 1408 4124 888,
1433 4066 1473 4109 an
1495 4050 1542 4110 fut
1530 4053 1601 4110 tura
1621 4048 1683 4110 siut
1670 4048 1800 4111 tduella
1816 4053 1877 4113 sub
1891 4051 1981 4132 poenis
2005 4127 2007 4130 Ι

1194 4137 1334 4218 prohibi
1335 4155 1363 4204 a
1381 4093 1476 4216 811888
1490 4154 1563 4196 cum
1580 4137 1695 4199 Sanch.
1709 4157 1805 4218 supra
1819 4141 1979 4216 affirmant,
2005 4139 2007 4204 ’ᾖ

1195 4226 1247 4287 8111
1263 4225 1346 4304 8888
1370 4225 1460 4287 Dian.
1487 4229 1519 4285 et
1539 4225 1648 4287 Tamb.
1667 4231 1784 4305 negant
1797 4229 1840 4289 oh
1855 4229 1981 4291 rationes
2005 4249 2007 4272 ³

1194 4331 1252 4394 pro
1274 4313 1333 4374 huo
1356 4318 1387 4373 88
1409 4313 1463 4373 1118
1484 4316 1574 4391 parte
1598 4315 1691 4374 antea
1711 4313 1898 4378 insinuatas.
1914 4311 1982 4377 bat

1195 4419 1321 4480 semper
1340 4419 1403 4461 non
1418 4417 1484 4461 esse
1502 4399 1641 4461 duellum
1655 4402 1728 4468 tale,
1745 4407 1801 4464 aut
1815 4405 1877 4466 sub
1890 4400 1981 4484 poenis
2006 4421 2007 4458 3

1196 4489 1240 4550 sic
1263 4487 1467 4568 prohibitum,
1494 4504 1567 4547 nam
1591 4505 1683 4548 omne
1705 4488 1846 4550 duellum
1870 4489 1981 4571 privata
2005 4529 2007 4550 2

1196 4577 1380 4639 auctoritate
1408 4577 1526 4636 lactum
1553 4575 1695 4638 illicitum
1723 4579 1780 4656 est,
1806 4595 1882 4640 cum
1907 4578 2007 4658 enim,

1196 4664 1370 4724 duellantcs
1384 4662 1480 4723 vitam
1491 4679 1580 4722 suam
1595 4667 1753 4740 exponant
1766 4665 1919 4742 periculo,
1934 4663 1982 4726 tri·
2005 4691 2007 4734 ς

346 4767 497 4829 pugnare,
516 4768 578 4810 non
593 4751 633 4810 ob
649 4751 868 4831 reverentiam,
887 4755 937 4816 vel
953 4755 1139 4832 periculum,
1194 4751 1356 4830 buantque
1376 4749 1429 4830 jus
1447 4750 1519 4812 vita
1543 4767 1607 4811 suaa
1622 4751 1723 4829 alteri,
1740 4758 1772 4813 88
1786 4753 1981 4814 vicissimvc·

347 4835 402 4896 sed
417 4842 538 4912 exeant,
556 4837 605 4897 vel
621 4837 754 4898 altered
774 4840 908 4900 alterum
923 4841 1029 4903 dicat:
1051 4860 1141 4902 exea·
1195 4841 1252 4901 lint
1266 4839 1360 4901 tribui
1384 4838 1442 4900 sibi
1461 4838 1513 4919 jus
1527 4839 1557 4898 in
1574 4839 1671 4900 vitam
1690 4840 1830 4918 alterius,
1847 4839 1980 4922 agoutin
2005 4855 2007 4916 g

346 4941 427 5001 mus,
451 4930 486 4984 ut
508 4924 627 5002 possint
649 4924 777 4985 liberius
801 4929 833 4986 88
853 4928 964 4988 8888188
984 4947 1138 5008 pugnare,
1195 4928 1304 5009 primis
1327 4929 1437 4987 contra
1459 4929 1526 5003 188,
1553 4927 1638 5006 8888
1652 4928 1736 4989 88888
1750 4931 1834 4989 11888
1850 4927 1980 4992 hebetia
2005 4945 2007 4948 ·

347 5011 462 5073 Sanch.
488 5011 603 5108 aliique
625 5013 708 5090 apud
723 5011 811 5074 Dian
833 5031 930 5093 88888
947 5015 1061 5078 88888
1074 5016 1140 5078 iore
1194 5017 1291 5079 vitam
1316 5015 1467 5092 omnium,
1497 5014 1611 5075 deiude
1639 5019 1738 5096 agunt
1761 5017 1858 5077 etiam
1883 5020 2006 5078 contra

347 5097 497 5174 duellum,
515 5097 588 5176 quin
602 5097 778 5159 coneiditur
795 5100 882 5160 18888
898 5105 928 5160 88
942 5105 1066 5180 tempus
1080 5102 1142 5163 eol·
1195 5102 1357 5164 caritatem
1381 5101 1440 5163 sibi
1459 5061 1494 5163 ²et
1515 5103 1657 5181 proximo
1682 5102 1840 5178 debitam
1857 5105 1980 5183 ideoque
2005 5129 2006 5162 8

346 5189 410 5246 tem
424 5184 482 5245 sub
506 5183 943 5264 aliquaindeterminat't:10ne
968 5187 1019 5247 8111
1035 5191 1140 5250 tumen
1195 5207 1319 5268 semper
1333 5196 1465 5268 peccaut
1478 5189 1617 5251 mortalit
1604 5194 1662 5250 t.er

346 5277 472 5352 negant,
490 5272 995 5353 quodetprobabrledrortbozan
1009 5295 1036 5336 o.
1054 5275 1141 5338 11881-
1235 5276 1347 5349 08888.
1367 5281 1434 5338 189.
1459 5310 1499 5324 -
1522 5277 1597 5352 Quoe
1619 5280 1680 5339 8881
1695 5295 1796 5357 poenoe
1809 5284 1979 5340 statuturo
1997 5265 2007 5328 8

346 5358 406 5420 lnm
430 5380 460 5421 n.
483 5365 513 5438 3,
539 5366 604 5424 tum
628 5361 702 5441 quia
725 5379 788 5422 non
812 5361 987 5423 condicitur
1009 5362 1142 5425 loouset
1196 5366 1274 5424 tione
1294 5365 1465 5426 duellorum
1487 5372 1516 5426 88
1536 5371 1661 5446 quinam
1682 5385 1731 5428 eoa
1753 5367 2007 5431 incurranttR

348 5451 474 5532 tempus
488 5447 706 5528 determinate,
720 5449 994 5529 quodhicrequiri
1011 5449 1137 5514 videtur
1194 5451 1255 5512 Eas
1279 5459 1423 5514 accusate
1448 5458 1635 5516 enumerant
1657 5455 1773 5519 Sanob.
1801 5458 1824 5521 1.
1852 5459 1882 5537 8,
1898 5474 1921 5519 c.
1936 5453 1980 5527 39,
