4120 6348
595 587 646 652 ee
668 589 885 653 semermes
906 583 1237 654 ecetesresrlers.
1682 590 1742 654 ccl

92 773 257 840 desideriis
272 781 311 838 et
325 775 477 837 debemus
503 777 588 858 quod
605 797 664 858 per
686 782 798 842 nestrae
823 777 893 840 dili·
950 779 1063 856 nerint,
1085 778 1178 840 rebus
1202 775 1295 837 eximi
1318 773 1485 857 contigerit
1506 769 1547 838 ab
1570 770 1738 856 humanis,

93 865 205 947 gentioe
228 865 373 928 studium
388 866 428 926 ad
450 867 661 946 quarumlibet
682 867 891 929 Ecclesiarum
948 885 1069 929 necnon
1085 865 1295 946 quorumlibet
1308 883 1365 944 prc
1381 865 1619 946 quibuscunque
1640 883 1735 946 nago-

93 959 124 1018 et
144 954 598 1034 Menasterierumregimina,
622 956 894 1018 etaliabeneiicia
950 955 999 1016 tiis
1026 955 1066 1014 ad
1095 959 1268 1016 Romanam
1296 953 1417 1016 curiam
1441 953 1653 1031 venientium,
1683 973 1740 1018 see

92 1042 320 1106 Ecclesiastica
340 1041 432 1123 juxta
450 1044 596 1105 Divinum
618 1045 848 1123 beneplacitum
863 1050 895 1103 et
949 1043 1043 1105 ctiam
1065 1043 1279 1104 recedentium
1302 1041 1343 1103 ab
1370 1042 1491 1119 cadem,
1514 1041 1540 1104 si
1564 1041 1596 1102 ie
1620 1039 1697 1104 lacis
1721 1059 1741 1103 a

93 1133 204 1194 nosue
229 1131 416 1193 intentionis
441 1133 588 1194 affectum
611 1133 669 1194 viri
694 1136 894 1194 assumantur
952 1132 1035 1193 dicta
1049 1131 1136 1192 curia
1150 1132 1232 1194 ultra
1246 1132 1324 1192 deas
1345 1131 1444 1194 dietas
1463 1131 1581 1211 legales
1600 1148 1662 1192 een
1676 1129 1742 1192 dis·

93 1217 206 1294 idenei,
239 1219 297 1298 qui
319 1219 448 1298 praesint
469 1224 500 1282 ct
523 1221 643 1300 prosint
662 1219 894 1282 committendis
948 1219 1085 1280 tentibus
1095 1219 1163 1300 jam
1177 1219 1282 1280 forsan
1298 1218 1449 1296 abierint,
1471 1219 1522 1280 vel
1536 1237 1590 1282 cos
1604 1217 1741 1281 inantea

93 1305 136 1367 eis
148 1305 313 1384 ccelesiis,
335 1307 542 1384 Moeasteriis,
564 1308 724 1369 beneficiis
748 1307 894 1387 praeliba·
948 1308 988 1368 ab
1003 1307 1141 1370 haclucc
1156 1307 1289 1370 transire
1300 1307 1475 1386 eontigerit,
1488 1325 1525 1368 ac
1536 1307 1632 1368 etiam
1646 1304 1740 1368 simili

92 1393 148 1466 tis;
178 1394 419 1473 praemissorum
450 1396 555 1475 itaque
578 1395 826 1456 consideratione
848 1395 894 1456 in·
947 1397 1041 1458 medo
1068 1413 1327 1475 quorumcunque
1362 1395 1533 1456 Cerialium
1558 1392 1742 1474 peregriua·

94 1481 186 1558 ducti,
203 1485 236 1544 et
246 1483 458 1546 suadentibus
472 1484 562 1544 nobis
573 1484 642 1545 aliis
654 1483 893 1544 rationabilibus
947 1483 1051 1561 tionis,
1076 1483 1264 1545 infirmitatis
1287 1501 1343 1545 sce
1363 1482 1577 1561 recreationis,
1607 1482 1657 1542 vel
1678 1481 1741 1548 elia

96 1569 215 1646 causis,
240 1572 468 1632 nonnullarum
494 1573 747 1634 Praedeceserum
771 1575 894 1633 nostre-
948 1589 1134 1651 qeaeunqee
1165 1589 1260 1632 causa
1284 1571 1323 1632 ad
1353 1572 1471 1652 quaevis
1494 1571 1563 1634 loca
1586 1568 1737 1632 seceden-

94 1673 162 1716 rem
188 1658 410 1718 Romanorum
433 1659 618 1720 Pontificum
632 1659 770 1736 vestigiis
797 1659 893 1720 inhee·
947 1659 1036 1736 tium,
1053 1658 1078 1719 si
1094 1676 1158 1735 eos,
1175 1664 1343 1739 antequem
1364 1659 1537 1722 addictam
1556 1657 1675 1721 curiam
1689 1675 1741 1718 re-

96 1747 207 1822 rentcs,
223 1762 339 1807 amnes
349 1747 587 1823 Patriercheles,
604 1745 894 1828 Archiepiscepales
948 1745 1081 1820 dicrint;
1096 1747 1128 1807 in
1143 1739 1225 1809 lecis'
1241 1750 1324 1809 ultra
1346 1749 1425 1810 duas
1440 1749 1540 1810 dietas
1563 1747 1604 1808 ab
1627 1745 1741 1808 eadem

95 1836 124 1893 et
141 1833 349 1914 Episcopales
371 1836 536 1913 Ecclesiae,
564 1841 594 1897 et
618 1836 711 1897 etiam
735 1836 892 1898 Menaste-
948 1836 1051 1913 curia,
1074 1841 1107 1898 ut
1116 1837 1328 1916 praemittitur,
1346 1855 1408 1902 non
1420 1837 1547 1899 remotis
1557 1834 1740 1916 (dummodo

96 1921 150 1998 ria,
171 1921 549 2003 Priorates,1)ignitates,
567 1925 755 1984 Personatus
771 1927 803 1985 et
821 1923 893 1986 Olc·
950 1943 1061 1986 corum
1081 1925 1243 2006 proprium
1261 1926 1453 1988 domicilium
1472 1943 1533 1987 ncn
1549 1923 1661 1986 existe
1678 1923 1741 1984 ibi-

95 2009 151 2087 eic,
168 2027 296 2072 necnon
308 2013 529 2089 canonicatus,
547 2012 735 2073 Praebendas
746 2016 777 2073 ct
789 2013 893 2073 Eccle·
948 2015 1032 2094 dem)
1038 2015 1105 2095 jam
1121 2015 1227 2076 forsan
1243 2015 1444 2092 decesserint,
1462 2016 1511 2076 vel
1525 2016 1558 2076 in
1573 2018 1740 2093 pastorem
1851 2079 1859 2089 ,

96 2097 166 2176 sias,
189 2103 364 2180 ceteraque
384 2100 539 2162 beneficia
562 2099 790 2176 Ecclesiastiea,
821 2119 894 2160 cem
948 2103 1229 2183 eeeccntigeritdc
1244 2101 1643 2167 mediesebmeverietiam
1657 2118 1744 2161 nnnc.

97 2203 169 2246 cura
196 2187 249 2248 vel
278 2187 347 2248 eine
370 2207 456 2264 cura,
474 2189 638 2250 saecularia
665 2193 697 2250 et
722 2189 891 2268 regularia,
947 2207 1003 2268 per
1017 2189 1136 2250 ebitum
1160 2189 1337 2270 hujusmodi
1353 2189 1509 2266 vacantia,
1526 2189 1575 2249 vel
1589 2187 1621 2250 in
1636 2191 1741 2268 paste-

98 2290 294 2354 qeaeceeqee
318 2279 350 2337 et
368 2277 598 2358 qualiacunque
620 2276 747 2353 luerint,
770 2277 892 2338 etiamsi
947 2294 1017 2337 rem
1031 2281 1199 2351 vacatura3
1215 2296 1323 2338 rursus
1343 2276 1543 2352 Moeasteria,
1560 2274 1737 2353 Ριίοιιιιιιιι,

98 2361 136 2423 ad
158 2362 210 2424 illa
233 2381 379 2442 personae
403 2366 622 2428 consueverint
645 2385 700 2427 seu
727 2367 894 2428 debuerint
947 2363 1130 2443 Dignitates,
1157 2367 1356 2444 Personates,
1373 2367 1560 2440 Deceeates,
1582 2363 1741 2426 Adminis-

99 2469 152 2530 per
173 2451 378 2530 electionem,
403 2473 460 2516 seu
482 2455 624 2535 quemvis
645 2455 742 2516 aliem
763 2456 893 2517 medum
948 2451 1110 2529 tratiencs,
1125 2452 1246 2530 Officia,
1263 2453 1480 2528 canonicatus,
1497 2451 1686 2514 Praebeedas
1709 2453 1742 2512 et

9 2567 10 2572 ¹
99 2539 223 2617 assumi,
242 2559 328 2602 nunc
343 2544 428 2622 apud
450 2543 565 2605 sedem
589 2544 801 2622 Apostolicam
816 2563 893 2625 que·
948 2540 1122 2616 Ecclesiae,
1148 2545 1315 2621 ceteraque
1339 2541 1492 2603 beneficia
1520 2539 1741 2603 Ecclesiastico

104 2645 223 2708 cunque
242 2631 340 2692 modo
354 2633 521 2694 caecantia
537 2637 568 2693 ct
582 2633 613 2693 in
628 2638 787 2712 posterum
802 2652 893 2694 vaca·
948 2628 1110 2690 secularia
1137 2635 1169 2690 et
1194 2631 1370 2710 regularia,
1399 2647 1472 2690 cum
1495 2647 1572 2690 cera
1593 2629 1643 2690 vel
1671 2627 1739 2690 sine

100 2719 177 2792 ture,
195 2735 322 2778 necnon
337 2736 394 2797 per
408 2720 647 2798 depositionem,
672 2721 721 2781 vel
745 2721 895 2800 privatio·
950 2735 1045 2794 cera,
1081 2735 1276 2797 quaecunque
1299 2722 1329 2780 ct
1354 2717 1583 2798 qualiacunque
1604 2716 1737 2794 luerint,

101 2807 893 2888 eemseutranslatienem,pernesaeetoritatenos·
948 2805 1069 2866 etiamsi
1104 2805 1144 2866 ad
1177 2806 1231 2867 illa
1265 2825 1407 2886 personae
1435 2806 1655 2868 consueverint
1680 2823 1737 2866 seu

101 2895 146 2953 tra
158 2893 272 2973 metas,
291 2899 323 2957 et
337 2896 368 2956 in
384 2901 478 2958 antee
491 2897 651 2959 iaciendas
665 2897 803 2974 ubilibet,
822 2916 894 2958 nec·
948 2893 1114 2964 debuerint
1141 2913 1196 2956 seu
1224 2913 1281 2974 per
1303 2895 1487 2956 electionem
1515 2913 1570 2956 sce
1594 2893 1738 2974 quemvis

101 2997 159 3042 nen
181 2983 222 3044 ad
244 3001 318 3063 qeae
333 2985 428 3064 aliqui
445 2985 475 3045 in
491 2986 659 3047 concordia
673 2986 722 3045 vel
739 2985 895 3046 discordia
948 2981 1044 3041 alium
1064 2981 1194 3042 modum
1216 2983 1343 3058 assumi,
1361 2999 1430 3063 quae
1450 2981 1586 3062 premoti
1608 3001 1666 3062 per
1679 2999 1737 3044 nes

102 3068 197 3148 electi,
221 3071 291 3132 sive
312 3072 458 3150 postulati
478 3073 604 3151 fuerint,
631 3091 765 3154 quorem
784 3074 893 3135 electio
948 3087 1003 3130 seu
1039 3070 1225 3132 auctoritate
1260 3075 1368 3134 nostra
1401 3071 1442 3132 ad
1479 3069 1734 3148 Parachialium,

10 3213 11 3218 ,
102 3160 894 3241 cessata,seupostelatierepulsa‚velpereosfacta
948 3157 1316 3238 Arohiepiscopeliemet
1337 3159 1571 3238 Episcopalium
1585 3158 1737 3222 Ecclesiae

114 3247 481 3310 renuntiaticetadmissa
489 3251 674 3312 auctoritate
686 3255 793 3312 nestra
803 3253 894 3312 exsti·
947 3264 1019 3306 rum
1032 3264 1155 3307 necnon
1165 3248 1427 3310 Menasteriorem
1441 3247 1608 3326 regimina,
1619 3246 1742 3310 obtine-

10 3389 12 3406 ,
102 3333 179 3411 terit,
202 3355 258 3398 seu
280 3355 416 3417 quorum
434 3338 894 3420 elacterumseupostulandc-
948 3332 1025 3394 bant
1038 3338 1180 3412 tempore
1195 3333 1428 3414 promotionum
1442 3334 1482 3394 de
1496 3335 1572 3412 ipsis
1585 3335 1741 3397 lactarem

10 3465 13 3502 :
104 3438 180 3498 rem,
196 3429 229 3484 et
243 3425 380 3488 inantea
392 3426 674 3507 eligcnderemseu
692 3429 895 3507 postulando·
948 3439 1032 3482 nunc
1054 3438 1241 3503 quecunque
1256 3422 1349 3484 modo
1369 3422 1525 3500 vacantia,
1547 3425 1602 3483 aut
1620 3422 1651 3483 ie
1672 3439 1742 3502 pos·

10 3591 11 3594 Ἴ
104 3525 170 3569 rem
183 3511 371 3574 electionem
381 3515 508 3592 cessari,
519 3535 574 3576 seu
589 3517 829 3595 postulationem
844 3536 895 3577 re·
948 3513 1052 3571 terum
1065 3515 1225 3588 vacatura,
1243 3529 1365 3573 necnon
1381 3512 1475 3572 etiam
1498 3529 1555 3590 per
1578 3527 1742 3573 macera·

10 3648 12 3684 7
105 3597 183 3674 pelli,
200 3605 256 3663 aet
270 3602 538 3664 renuntiationem
552 3604 674 3665 admitti
690 3623 746 3684 per
765 3625 821 3666 nes
840 3589 896 3667 aet'
947 3598 1065 3661 eonem
1082 3600 1243 3678 pacificam
1255 3618 1514 3680 quorumcunque
1525 3599 1738 3676 Pn'eratuum,

105 3687 287 3750 auctoritate
299 3694 407 3751 nostra
419 3691 579 3771 continget
587 3692 671 3770 apud
687 3694 801 3754 Sedcm
815 3711 892 3772 praa·
948 3685 1156 3766 Dignitatem,
1174 3691 1413 3766 Personatuum,
1430 3687 1623 3764 Olssciorem,
1640 3689 1742 3750 Cane

11 3828 12 3848 ζ
107 3769 228 3854 dictam,
244 3776 295 3837 vg}
307 3777 382 3838 alibi
396 3778 586 3858 ubicunque,
600 3798 636 3840 30
652 3780 746 3841 etiam
762 3799 818 3859 pep
827 3781 894 3842 ohi-
948 3775 1119 3853 nicaluum,
1133 3777 1388 3854 praebendarum,
1402 3776 1611 3838 Eccleslffl‘llm
1625 3774 1743 3838 &ulbe-

13 3924 17 3934 ,
105 3861 167 3921 iem
187 3865 402 3926 Cardinalium
422 3865 563 3947 ejusdem
582 3868 728 3930 Ecclesiae
745 3871 893 3931 Romanae
948 3865 1131 3926 nelicierem
1140 3865 1272 3927 alierum
1280 3884 1337 3945 per
1347 3884 1465 3926 nesseu
1476 3864 1660 3926 auctoritate
1668 3881 1742 3926 nes-

12 4007 17 4014 .
107 3951 157 4010 aet
171 3951 358 4016 Officialium
373 3955 464 4016 dictae
479 3956 579 4033 Sedis,
592 3957 731 4036 quandiu
746 3958 814 4036 ipsa
827 3959 894 4019 effi·
947 3957 1068 4014 trarum
1085 3955 1259 4017 litterarum
1280 3953 1463 4017 immediate
1482 3954 1667 4016 collatorum
1684 3970 1741 4020 scu

11 4035 15 4116 J
107 4033 893 4123 eieectualitertenebunt(videlicetViceCancelle·
948 4042 1210 4104 conferendorum
1234 4044 1452 4122 inposterum,
1476 4047 1689 4123 preterquam
1714 4041 1742 4106 el

11 4129 12 4132 ’
108 4121 152 4213 rii,
168 4127 349 4208 camerarii,
365 4137 485 4210 septem
500 4133 717 4210 Notariorum,
734 4135 893 4196 Auditoris
948 4130 1062 4192 virtute
1072 4132 1181 4211 gratiae
1197 4132 1400 4210 expectativae
1411 4132 1567 4193 assecutio
1576 4132 1640 4209 ilat,
1657 4147 1741 4193 nene

12 4271 18 4280 ,
107 4202 277 4302 litterarum
291 4211 557 4274 contradictarum
573 4217 605 4275 ct
618 4215 788 4292 Apostolici
804 4217 893 4278 Pala·
948 4219 1104 4297 vacantia,
1125 4225 1156 4282 et
1177 4221 1210 4281 ie
1234 4226 1328 4283 antea
1351 4226 1513 4298 vacatura,
1530 4220 1623 4300 plana
1645 4237 1742 4300 super

12 4376 15 4386 ,
108 4291 327 4372 bilcauearum
346 4299 545 4379 Auditorum,
568 4303 798 4381 ssorrecterem,
819 4323 894 4365 cen·
947 4306 1116 4385 praemissis
1131 4309 1277 4370 omnibus
1298 4311 1326 4370 ei
1348 4309 1477 4389 singulis
1501 4308 1742 4378 cumfratribus

14 4449 18 4458 Ι
107 4381 171 4442 tum
184 4388 215 4448 et
228 4385 321 4448 unies
336 4389 531 4468 Scriptorum
550 4390 725 4454 litterarum
739 4394 893 4471 Apostoli-
948 4396 1061 4456 nestris
1085 4396 1249 4458 collatione
1264 4398 1440 4476 praehabita
1463 4402 1495 4459 et
1517 4401 1641 4462 matera
1664 4397 1743 4466 dall·

12 4484 21 4570 “3
109 4483 221 4551 carum,
237 4479 269 4538 et
283 4476 391 4556 viginti
405 4481 540 4558 quatuor
554 4480 798 4544 Pmnitentiariae
812 4499 895 4562 prae-
948 4484 1109 4547 beratieee
1133 4491 1240 4547 secuta
1260 4487 1460 4564 ordinationi,
1487 4485 1682 4567 dispositioni
1704 4503 1742 4553 ae

12 4571 17 4638 J
111 4553 174 4620 rete
189 4561 289 4641 Sedis,
306 4570 337 4627 et
351 4564 601 4646 vigintiquinque
614 4567 892 4649 Abbreriatorum,
948 4575 1121 4654 provisioni
1135 4580 1249 4636 nestrae
1264 4575 1303 4636 de
1318 4576 1459 4655 ipsorum
1474 4578 1620 4638 Fratrum
1639 4574 1743 4638 consi·

13 4663 21 4722 ᾗ,
111 4659 224 4746 necnon
237 4671 384 4715 verorum
399 4655 661 4717 commensalium
673 4663 850 4719 nestrorum
864 4661 895 4720 et
948 4663 989 4725 lie
1005 4661 1190 4724 auctoritate
1206 4665 1385 4742 Apostolica
1400 4681 1615 4738 reservames;
1633 4662 1743 4726 decer·

13 4749 21 4826 J,
112 4731 237 4830 altorum
261 4741 510 4822 vigintiquatuor
530 4744 770 4821 capellanorum
806 4745 895 4806 Sedis
950 4756 1058 4813 nentes
1074 4771 1111 4813 ex
1126 4770 1208 4812 nunc
1222 4751 1346 4814 irritum
1369 4757 1400 4814 et
1414 4753 1518 4830 inane,
1535 4753 1560 4814 si
1580 4771 1671 4815 secus
1690 4773 1743 4816 su-

13 4841 24 4924 ,.
113 4824 245 4900 eiusdem
259 4827 290 4888 ie
307 4829 472 4909 Epitaphio
486 4831 737 4911 descriptorem),
755 4834 895 4894 et'etiam
949 4858 1006 4918 per
1019 4841 1203 4920 praemissis,
1227 4845 1258 4903 ct
1283 4842 1422 4921 qualibet
1444 4859 1553 4903 eorum
1576 4860 1634 4922 per
1647 4859 1744 4928 quos.
1843 4891 1847 4898 ,

15 4919 22 4930 ’
115 4924 364 5008 quorumeunque
387 4921 577 5000 Legatorem
600 4939 655 4982 see
680 4922 892 4999 collectorum,
949 4947 1072 5010 cunque
1095 4929 1204 5010 quavis
1224 4931 1410 4992 auctoritate
1434 4930 1569 4993 scienter
1587 4931 1636 4994 vel
1651 4931 1744 5010 igno-

13 5056 23 5100 ,³
114 5006 303 5068 caietanis
325 5011 473 5072 Romanae
496 5010 642 5072 eeclesia
673 5013 839 5072 Rectorem
857 5029 895 5074 ac
949 5023 1056 5079 raeter
1068 5017 1235 5096 contigerit
1249 5018 1405 5080 attentari.

13 5109 24 5186 ⁶.ss
116 5083 383 5158 Thesaerariorem
400 5098 631 5178 deputatorum,
656 5117 709 5160 sce
728 5101 895 5162 missorem
989 5127 1003 5163 ιι
1018 5109 1047 5168 d.
1060 5107 1137 5167 ltem
1151 5105 1253 5183 placet
1266 5107 1353 5168 nobis
1365 5106 1742 5186 quodinbletropelitanis

14 5197 20 5266 j
116 5169 267 5281 haetenus,
292 5185 342 5246 vel
363 5186 626 5266 deputandorum,
652 5190 708 5249 aet
729 5189 896 5252 mittendo·
950 5199 981 5254 et
994 5193 1232 5255 cathedralibus
1247 5194 1341 5255 etiam
1357 5193 1742 5274 immediatenoneebjec-

14 5281 25 5388 ’ᾗ
119 5275 181 5326 rum
202 5289 233 5332 m
250 5277 411 5352 posterum
425 5293 509 5336 neno
528 5275 672 5338 vacantia
694 5283 725 5337 et
747 5277 779 5336 in
803 5281 897 5339 antea
949 5283 988 5342 tis
1003 5281 1147 5343 ccelesiis
1162 5285 1194 5343 et
1207 5282 1402 5344 bleeasteriis
1418 5283 1597 5344 immediata
1617 5281 1742 5363 subjec-

118 5359 266 5437 vectura,
288 5361 467 5443 ubicunque
492 5363 591 5426 dictos
612 5365 745 5444 legates,
763 5367 812 5428 rel
826 5367 896 5429 cel·
950 5369 989 5431 tis
1003 5370 1076 5432 Scdi
1091 5371 1277 5449 Apostolicee
1291 5371 1368 5433 fiant
1387 5371 1555 5432 electiones
1575 5371 1742 5436 canoniae

119 5435 249 5524 lectores,
273 5468 329 5511 see
348 5453 494 5514 Rectercs
510 5457 541 5515 et
554 5453 791 5533 Thasaeraries,
808 5458 897 5517 ante·
951 5476 1020 5537 quae
1036 5459 1076 5519 ad
1091 5458 1208 5520 dictam
1221 5459 1335 5520 Sedem
1350 5459 1540 5536 deferantur,
1558 5460 1742 5541 quasetiam

14 5555 19 5646 ζ
121 5542 205 5606 quem
218 5537 259 5601 ad
278 5541 451 5604 Romanam
466 5542 585 5606 curiam
600 5543 750 5608 redierint
763 5563 820 5606 see
839 5563 895 5605 vc·
951 5546 991 5608 ad
1006 5552 1129 5626 tempus
1143 5547 1378 5610 constitutionis
1396 5547 1447 5610 fel.
1473 5548 1597 5612 record.
1622 5547 1741 5612 Nicolai
