<?xml version="1.0" encoding="UTF-8"?>
<!DOCTYPE html PUBLIC "-//W3C//DTD XHTML 1.0 Transitional//EN"
    "http://www.w3.org/TR/xhtml1/DTD/xhtml1-transitional.dtd">
<html xmlns="http://www.w3.org/1999/xhtml" xml:lang="en" lang="en">
 <head>
  <title>
</title>
<meta http-equiv="Content-Type" content="text/html;charset=utf-8" />
  <meta name='ocr-system' content='tesseract 3.04.00' />
  <meta name='ocr-capabilities' content='ocr_page ocr_carea ocr_par ocr_line ocrx_word'/>
</head>
<body>
  <div class='ocr_page' id='page_1' title='image "./theologiamorali01busegoog/theologiamorali01busegoog_0627.png"; bbox 0 0 4056 6344; ppageno 0'>
   <div class='ocr_carea' id='block_1_1' title="bbox 586 501 1726 574">
    <p class='ocr_par' dir='ltr' id='par_1_1' title="bbox 586 501 1726 574">
     <span class='ocr_line' id='line_1_1' title="bbox 586 501 1726 574; baseline 0 -2"><span class='ocrx_word' id='word_1_1' title='bbox 586 511 638 573; x_wconf 91' lang='lat' dir='ltr'><strong>DE</strong></span> <span class='ocrx_word' id='word_1_2' title='bbox 658 506 876 573; x_wconf 80' lang='lat' dir='ltr'><strong>BENEFlCllS</strong></span> <span class='ocrx_word' id='word_1_3' title='bbox 896 501 1222 574; x_wconf 77' lang='lat' dir='ltr'><strong>boebeslnsrlcls.</strong></span> <span class='ocrx_word' id='word_1_4' title='bbox 1661 509 1726 572; x_wconf 80' lang='lat' dir='ltr'><strong>olo</strong></span> 
     </span>
    </p>
   </div>
   <div class='ocr_carea' id='block_1_2' title="bbox 74 694 1728 4131">
    <p class='ocr_par' dir='ltr' id='par_1_2' title="bbox 74 694 1728 4131">
     <span class='ocr_line' id='line_1_2' title="bbox 77 694 1727 778; baseline -0.001 -20"><span class='ocrx_word' id='word_1_5' title='bbox 77 697 235 758; x_wconf 77' lang='lat' dir='ltr'><strong>decessor</strong></span> <span class='ocrx_word' id='word_1_6' title='bbox 248 697 386 774; x_wconf 75' lang='lat' dir='ltr'><strong>indulsit,</strong></span> <span class='ocrx_word' id='word_1_7' title='bbox 405 701 440 759; x_wconf 91' lang='lat' dir='ltr'><strong>ut</strong></span> <span class='ocrx_word' id='word_1_8' title='bbox 454 697 505 778; x_wconf 88' lang='lat' dir='ltr'><strong>qui</strong></span> <span class='ocrx_word' id='word_1_9' title='bbox 521 697 668 759; x_wconf 88' lang='lat' dir='ltr'><strong>Ecclesiis</strong></span> <span class='ocrx_word' id='word_1_10' title='bbox 691 697 775 758; x_wconf 85' lang='lat' dir='ltr'><strong>circe</strong></span> <span class='ocrx_word' id='word_1_11' title='bbox 793 698 879 758; x_wconf 87' lang='lat' dir='ltr'><strong>blon-</strong></span> <span class='ocrx_word' id='word_1_12' title='bbox 930 695 1093 776; x_wconf 85' lang='lat' dir='ltr'><strong>delegavit</strong></span> <span class='ocrx_word' id='word_1_13' title='bbox 1110 694 1352 776; x_wconf 69' lang='lat' dir='ltr'><strong>congregationi</strong></span> <span class='ocrx_word' id='word_1_14' title='bbox 1374 694 1554 774; x_wconf 80' lang='lat' dir='ltr'><strong>particulari</strong></span> <span class='ocrx_word' id='word_1_15' title='bbox 1577 711 1596 757; x_wconf 90' lang='lat' dir='ltr'><strong>e</strong></span> <span class='ocrx_word' id='word_1_16' title='bbox 1616 710 1650 756; x_wconf 90' lang='lat' dir='ltr'><strong>se</strong></span> <span class='ocrx_word' id='word_1_17' title='bbox 1666 694 1727 756; x_wconf 85' lang='lat' dir='ltr'><strong>de·-</strong></span> 
     </span>
     <span class='ocr_line' id='line_1_3' title="bbox 76 783 1726 866; baseline -0.002 -18"><span class='ocrx_word' id='word_1_18' title='bbox 76 791 127 848; x_wconf 84' lang='lat' dir='ltr'><strong>tes</strong></span> <span class='ocrx_word' id='word_1_19' title='bbox 141 791 174 848; x_wconf 92' lang='lat' dir='ltr'><strong>et</strong></span> <span class='ocrx_word' id='word_1_20' title='bbox 184 785 270 848; x_wconf 84' lang='lat' dir='ltr'><strong>citra</strong></span> <span class='ocrx_word' id='word_1_21' title='bbox 283 787 369 848; x_wconf 86' lang='lat' dir='ltr'><strong>blare</strong></span> <span class='ocrx_word' id='word_1_22' title='bbox 383 786 492 865; x_wconf 90' lang='lat' dir='ltr'><strong>positis</strong></span> <span class='ocrx_word' id='word_1_23' title='bbox 507 787 724 864; x_wconf 79' lang='lat' dir='ltr'><strong>praesiderent,</strong></span> <span class='ocrx_word' id='word_1_24' title='bbox 737 803 795 863; x_wconf 88' lang='lat' dir='ltr'><strong>per</strong></span> <span class='ocrx_word' id='word_1_25' title='bbox 805 801 879 865; x_wconf 89' lang='lat' dir='ltr'><strong>qua·</strong></span> <span class='ocrx_word' id='word_1_26' title='bbox 933 789 1061 863; x_wconf 72' lang='lat' dir='ltr'><strong>putatis,</strong></span> <span class='ocrx_word' id='word_1_27' title='bbox 1079 801 1173 866; x_wconf 87' lang='lat' dir='ltr'><strong>quam</strong></span> <span class='ocrx_word' id='word_1_28' title='bbox 1188 783 1394 862; x_wconf 79' lang='lat' dir='ltr'><strong>compositam</strong></span> <span class='ocrx_word' id='word_1_29' title='bbox 1409 801 1477 845; x_wconf 84' lang='lat' dir='ltr'><strong>esse</strong></span> <span class='ocrx_word' id='word_1_30' title='bbox 1491 783 1589 846; x_wconf 81' lang='lat' dir='ltr'><strong>voluit</strong></span> <span class='ocrx_word' id='word_1_31' title='bbox 1598 801 1637 844; x_wconf 83' lang='lat' dir='ltr'><strong>ex</strong></span> <span class='ocrx_word' id='word_1_32' title='bbox 1649 787 1726 845; x_wconf 87' lang='lat' dir='ltr'><strong>tune</strong></span> 
     </span>
     <span class='ocr_line' id='line_1_4' title="bbox 75 867 1725 954; baseline -0.001 -20"><span class='ocrx_word' id='word_1_33' title='bbox 75 877 162 948; x_wconf 85' lang='lat' dir='ltr'><strong>tuor,</strong></span> <span class='ocrx_word' id='word_1_34' title='bbox 181 873 239 954; x_wconf 89' lang='lat' dir='ltr'><strong>qui</strong></span> <span class='ocrx_word' id='word_1_35' title='bbox 254 891 329 935; x_wconf 87' lang='lat' dir='ltr'><strong>vero</strong></span> <span class='ocrx_word' id='word_1_36' title='bbox 344 873 563 936; x_wconf 88' lang='lat' dir='ltr'><strong>Ultremarinis</strong></span> <span class='ocrx_word' id='word_1_37' title='bbox 579 877 610 935; x_wconf 92' lang='lat' dir='ltr'><strong>et</strong></span> <span class='ocrx_word' id='word_1_38' title='bbox 632 872 880 934; x_wconf 87' lang='lat' dir='ltr'><strong>Ultramontenis</strong></span> <span class='ocrx_word' id='word_1_39' title='bbox 931 877 965 934; x_wconf 90' lang='lat' dir='ltr'><strong>et</strong></span> <span class='ocrx_word' id='word_1_40' title='bbox 980 891 1035 950; x_wconf 92' lang='lat' dir='ltr'><strong>pro</strong></span> <span class='ocrx_word' id='word_1_41' title='bbox 1050 877 1192 953; x_wconf 89' lang='lat' dir='ltr'><strong>tempore</strong></span> <span class='ocrx_word' id='word_1_42' title='bbox 1208 872 1411 934; x_wconf 85' lang='lat' dir='ltr'><strong>existentibus</strong></span> <span class='ocrx_word' id='word_1_43' title='bbox 1426 872 1582 935; x_wconf 87' lang='lat' dir='ltr'><strong>Cardinali</strong></span> <span class='ocrx_word' id='word_1_44' title='bbox 1591 867 1725 934; x_wconf 72' lang='lat' dir='ltr'><strong>Romani</strong></span> 
     </span>
     <span class='ocr_line' id='line_1_5' title="bbox 80 959 1726 1042; baseline -0.001 -19"><span class='ocrx_word' id='word_1_45' title='bbox 80 959 233 1023; x_wconf 87' lang='lat' dir='ltr'><strong>Ecclesiis</strong></span> <span class='ocrx_word' id='word_1_46' title='bbox 248 966 425 1038; x_wconf 82' lang='lat' dir='ltr'><strong>praeessent,</strong></span> <span class='ocrx_word' id='word_1_47' title='bbox 442 977 499 1039; x_wconf 89' lang='lat' dir='ltr'><strong>per</strong></span> <span class='ocrx_word' id='word_1_48' title='bbox 513 964 632 1039; x_wconf 77' lang='lat' dir='ltr'>septem</span> <span class='ocrx_word' id='word_1_49' title='bbox 643 977 766 1020; x_wconf 90' lang='lat' dir='ltr'><strong>menses</strong></span> <span class='ocrx_word' id='word_1_50' title='bbox 782 959 880 1021; x_wconf 87' lang='lat' dir='ltr'><strong>conti·</strong></span> <span class='ocrx_word' id='word_1_51' title='bbox 933 961 1092 1024; x_wconf 82' lang='lat' dir='ltr'><strong>Pontificis</strong></span> <span class='ocrx_word' id='word_1_52' title='bbox 1115 961 1147 1023; x_wconf 93' lang='lat' dir='ltr'><strong>in</strong></span> <span class='ocrx_word' id='word_1_53' title='bbox 1169 962 1253 1024; x_wconf 85' lang='lat' dir='ltr'><strong>Urbe</strong></span> <span class='ocrx_word' id='word_1_54' title='bbox 1277 962 1414 1040; x_wconf 77' lang='lat' dir='ltr'><strong>vicario,</strong></span> <span class='ocrx_word' id='word_1_55' title='bbox 1440 980 1569 1023; x_wconf 90' lang='lat' dir='ltr'><strong>necnon·</strong></span> <span class='ocrx_word' id='word_1_56' title='bbox 1584 960 1726 1042; x_wconf 83' lang='lat' dir='ltr'><strong>ejusdem</strong></span> 
     </span>
     <span class='ocr_line' id='line_1_6' title="bbox 74 1047 1725 1127; baseline 0.001 -19"><span class='ocrx_word' id='word_1_57' title='bbox 74 1065 160 1109; x_wconf 87' lang='lat' dir='ltr'><strong>nuos</strong></span> <span class='ocrx_word' id='word_1_58' title='bbox 181 1065 203 1109; x_wconf 87' lang='lat' dir='ltr'><strong>e</strong></span> <span class='ocrx_word' id='word_1_59' title='bbox 223 1049 406 1110; x_wconf 88' lang='lat' dir='ltr'><strong>Residentia</strong></span> <span class='ocrx_word' id='word_1_60' title='bbox 425 1049 456 1110; x_wconf 92' lang='lat' dir='ltr'><strong>in</strong></span> <span class='ocrx_word' id='word_1_61' title='bbox 476 1049 540 1110; x_wconf 86' lang='lat' dir='ltr'><strong>suis</strong></span> <span class='ocrx_word' id='word_1_62' title='bbox 556 1048 731 1127; x_wconf 82' lang='lat' dir='ltr'><strong>respective</strong></span> <span class='ocrx_word' id='word_1_63' title='bbox 747 1047 880 1110; x_wconf 87' lang='lat' dir='ltr'><strong>Sedibus</strong></span> <span class='ocrx_word' id='word_1_64' title='bbox 929 1050 1092 1112; x_wconf 74' lang='lat' dir='ltr'><strong>Ponnfieis</strong></span> <span class='ocrx_word' id='word_1_65' title='bbox 1104 1049 1234 1110; x_wconf 81' lang='lat' dir='ltr'><strong>llatario</strong></span> <span class='ocrx_word' id='word_1_66' title='bbox 1250 1053 1281 1111; x_wconf 89' lang='lat' dir='ltr'><strong>et</strong></span> <span class='ocrx_word' id='word_1_67' title='bbox 1295 1049 1471 1111; x_wconf 88' lang='lat' dir='ltr'><strong>Secrcterio</strong></span> <span class='ocrx_word' id='word_1_68' title='bbox 1487 1051 1603 1118; x_wconf 81' lang='lat' dir='ltr'><strong>statue,</strong></span> <span class='ocrx_word' id='word_1_69' title='bbox 1621 1049 1725 1111; x_wconf 85' lang='lat' dir='ltr'><strong>ease·</strong></span> 
     </span>
     <span class='ocr_line' id='line_1_7' title="bbox 77 1136 1726 1218; baseline -0.001 -20"><span class='ocrx_word' id='word_1_70' title='bbox 77 1136 243 1214; x_wconf 82' lang='lat' dir='ltr'><strong>iacienda,</strong></span> <span class='ocrx_word' id='word_1_71' title='bbox 260 1137 437 1218; x_wconf 88' lang='lat' dir='ltr'><strong>hujusmodi</strong></span> <span class='ocrx_word' id='word_1_72' title='bbox 452 1137 646 1200; x_wconf 67' lang='lat' dir='ltr'><strong>visitationis</strong></span> <span class='ocrx_word' id='word_1_73' title='bbox 660 1137 773 1216; x_wconf 87' lang='lat' dir='ltr'><strong>gratia,</strong></span> <span class='ocrx_word' id='word_1_74' title='bbox 790 1155 880 1198; x_wconf 85' lang='lat' dir='ltr'><strong>excu-</strong></span> <span class='ocrx_word' id='word_1_75' title='bbox 933 1139 1067 1200; x_wconf 85' lang='lat' dir='ltr'><strong>craterio</strong></span> <span class='ocrx_word' id='word_1_76' title='bbox 1095 1139 1261 1214; x_wconf 84' lang='lat' dir='ltr'><strong>Brevium,</strong></span> <span class='ocrx_word' id='word_1_77' title='bbox 1292 1138 1413 1200; x_wconf 87' lang='lat' dir='ltr'><strong>duobus</strong></span> <span class='ocrx_word' id='word_1_78' title='bbox 1439 1139 1515 1200; x_wconf 90' lang='lat' dir='ltr'><strong>item</strong></span> <span class='ocrx_word' id='word_1_79' title='bbox 1543 1136 1726 1200; x_wconf 87' lang='lat' dir='ltr'><strong>secretariis</strong></span> 
     </span>
     <span class='ocr_line' id='line_1_8' title="bbox 80 1225 1726 1306; baseline 0.001 -21"><span class='ocrx_word' id='word_1_80' title='bbox 80 1230 243 1288; x_wconf 83' lang='lat' dir='ltr'><strong>sanentur.</strong></span> <span class='ocrx_word' id='word_1_81' title='bbox 930 1225 1231 1306; x_wconf 66' lang='lat' dir='ltr'><strong>&#39;Congregationum</strong></span> <span class='ocrx_word' id='word_1_82' title='bbox 1248 1225 1380 1304; x_wconf 85' lang='lat' dir='ltr'><strong>negotiis</strong></span> <span class='ocrx_word' id='word_1_83' title='bbox 1403 1230 1434 1287; x_wconf 89' lang='lat' dir='ltr'><strong>et</strong></span> <span class='ocrx_word' id='word_1_84' title='bbox 1447 1225 1726 1287; x_wconf 78' lang='lat' dir='ltr'><strong>consultationibus</strong></span> 
     </span>
     <span class='ocr_line' id='line_1_9' title="bbox 120 1313 1725 1394; baseline 0.001 -21"><span class='ocrx_word' id='word_1_85' title='bbox 120 1313 240 1374; x_wconf 74' lang='lat' dir='ltr'><strong>»Cum</strong></span> <span class='ocrx_word' id='word_1_86' title='bbox 254 1331 328 1375; x_wconf 83' lang='lat' dir='ltr'><strong>vero</strong></span> <span class='ocrx_word' id='word_1_87' title='bbox 342 1314 427 1376; x_wconf 91' lang='lat' dir='ltr'><strong>idem</strong></span> <span class='ocrx_word' id='word_1_88' title='bbox 442 1315 587 1377; x_wconf 89' lang='lat' dir='ltr'><strong>Urbanus</strong></span> <span class='ocrx_word' id='word_1_89' title='bbox 603 1313 804 1391; x_wconf 83' lang='lat' dir='ltr'><strong>declarasset,</strong></span> <span class='ocrx_word' id='word_1_90' title='bbox 828 1332 878 1391; x_wconf 89' lang='lat' dir='ltr'><strong>se,</strong></span> <span class='ocrx_word' id='word_1_91' title='bbox 934 1314 1161 1394; x_wconf 87' lang='lat' dir='ltr'><strong>Episcoporum</strong></span> <span class='ocrx_word' id='word_1_92' title='bbox 1182 1317 1216 1374; x_wconf 89' lang='lat' dir='ltr'><strong>et</strong></span> <span class='ocrx_word' id='word_1_93' title='bbox 1239 1313 1452 1393; x_wconf 86' lang='lat' dir='ltr'><strong>Regulerium,</strong></span> <span class='ocrx_word' id='word_1_94' title='bbox 1476 1331 1513 1374; x_wconf 90' lang='lat' dir='ltr'><strong>ac</strong></span> <span class='ocrx_word' id='word_1_95' title='bbox 1535 1313 1725 1392; x_wconf 86' lang='lat' dir='ltr'><strong>interpreta-</strong></span> 
     </span>
     <span class='ocr_line' id='line_1_10' title="bbox 76 1401 1726 1482; baseline 0.001 -21"><span class='ocrx_word' id='word_1_96' title='bbox 76 1415 138 1479; x_wconf 88' lang='lat' dir='ltr'><strong>per</strong></span> <span class='ocrx_word' id='word_1_97' title='bbox 160 1419 202 1462; x_wconf 84' lang='lat' dir='ltr'><strong>ca</strong></span> <span class='ocrx_word' id='word_1_98' title='bbox 232 1419 302 1482; x_wconf 77' lang='lat' dir='ltr'><strong>qum</strong></span> <span class='ocrx_word' id='word_1_99' title='bbox 323 1403 355 1463; x_wconf 94' lang='lat' dir='ltr'><strong>in</strong></span> <span class='ocrx_word' id='word_1_100' title='bbox 373 1403 438 1464; x_wconf 89' lang='lat' dir='ltr'><strong>suis</strong></span> <span class='ocrx_word' id='word_1_101' title='bbox 461 1402 599 1482; x_wconf 76' lang='lat' dir='ltr'><strong>prefatis</strong></span> <span class='ocrx_word' id='word_1_102' title='bbox 622 1401 746 1465; x_wconf 88' lang='lat' dir='ltr'><strong>Litteris</strong></span> <span class='ocrx_word' id='word_1_103' title='bbox 767 1401 881 1463; x_wconf 91' lang='lat' dir='ltr'><strong>consti·</strong></span> <span class='ocrx_word' id='word_1_104' title='bbox 934 1403 1011 1465; x_wconf 91' lang='lat' dir='ltr'><strong>tioni</strong></span> <span class='ocrx_word' id='word_1_105' title='bbox 1027 1408 1058 1465; x_wconf 90' lang='lat' dir='ltr'><strong>et</strong></span> <span class='ocrx_word' id='word_1_106' title='bbox 1072 1402 1246 1464; x_wconf 83' lang='lat' dir='ltr'><strong>executioni</strong></span> <span class='ocrx_word' id='word_1_107' title='bbox 1263 1405 1466 1464; x_wconf 85' lang='lat' dir='ltr'><strong>Decretcrum</strong></span> <span class='ocrx_word' id='word_1_108' title='bbox 1486 1402 1628 1481; x_wconf 71' lang='lat' dir='ltr'><strong>predicti</strong></span> <span class='ocrx_word' id='word_1_109' title='bbox 1647 1404 1726 1464; x_wconf 78' lang='lat' dir='ltr'><strong>Con·-</strong></span> 
     </span>
     <span class='ocr_line' id='line_1_11' title="bbox 76 1489 1727 1570; baseline 0.001 -18"><span class='ocrx_word' id='word_1_110' title='bbox 76 1495 209 1568; x_wconf 78' lang='lat' dir='ltr'><strong>&#39;tuerat,</strong></span> <span class='ocrx_word' id='word_1_111' title='bbox 248 1491 376 1554; x_wconf 91' lang='lat' dir='ltr'><strong>minime</strong></span> <span class='ocrx_word' id='word_1_112' title='bbox 411 1491 567 1553; x_wconf 89' lang='lat' dir='ltr'><strong>sublatam</strong></span> <span class='ocrx_word' id='word_1_113' title='bbox 598 1491 735 1552; x_wconf 89' lang='lat' dir='ltr'><strong>voluisse</strong></span> <span class='ocrx_word' id='word_1_114' title='bbox 763 1491 881 1552; x_wconf 86' lang='lat' dir='ltr'><strong>dictem</strong></span> <span class='ocrx_word' id='word_1_115' title='bbox 934 1492 997 1554; x_wconf 93' lang='lat' dir='ltr'><strong>cilii</strong></span> <span class='ocrx_word' id='word_1_116' title='bbox 1021 1492 1195 1554; x_wconf 84' lang='lat' dir='ltr'><strong>Tridentini</strong></span> <span class='ocrx_word' id='word_1_117' title='bbox 1219 1493 1393 1570; x_wconf 85' lang='lat' dir='ltr'><strong>respective</strong></span> <span class='ocrx_word' id='word_1_118' title='bbox 1415 1491 1666 1570; x_wconf 75' lang='lat' dir='ltr'><strong>prepositorum.</strong></span> <span class='ocrx_word' id='word_1_119' title='bbox 1687 1489 1727 1554; x_wconf 84' lang='lat' dir='ltr'><strong>Et</strong></span> 
     </span>
     <span class='ocr_line' id='line_1_12' title="bbox 81 1577 1725 1662; baseline 0.002 -23"><span class='ocrx_word' id='word_1_120' title='bbox 81 1577 179 1639; x_wconf 85' lang='lat' dir='ltr'><strong>trium</strong></span> <span class='ocrx_word' id='word_1_121' title='bbox 194 1579 354 1640; x_wconf 90' lang='lat' dir='ltr'><strong>mensium</strong></span> <span class='ocrx_word' id='word_1_122' title='bbox 368 1579 525 1640; x_wconf 86' lang='lat' dir='ltr'><strong>licentiam</strong></span> <span class='ocrx_word' id='word_1_123' title='bbox 536 1597 556 1641; x_wconf 90' lang='lat' dir='ltr'><strong>e</strong></span> <span class='ocrx_word' id='word_1_124' title='bbox 566 1579 702 1642; x_wconf 89' lang='lat' dir='ltr'><strong>Concilio</strong></span> <span class='ocrx_word' id='word_1_125' title='bbox 714 1578 879 1653; x_wconf 90' lang='lat' dir='ltr'><strong>indultam;</strong></span> <span class='ocrx_word' id='word_1_126' title='bbox 935 1582 1061 1662; x_wconf 85' lang='lat' dir='ltr'><strong>quidem</strong></span> <span class='ocrx_word' id='word_1_127' title='bbox 1077 1581 1227 1661; x_wconf 73' lang='lat' dir='ltr'><strong>predicto</strong></span> <span class='ocrx_word' id='word_1_128' title='bbox 1242 1581 1399 1642; x_wconf 90' lang='lat' dir='ltr'><strong>Cardinali</strong></span> <span class='ocrx_word' id='word_1_129' title='bbox 1410 1581 1532 1645; x_wconf 80' lang='lat' dir='ltr'><strong>vicario</strong></span> <span class='ocrx_word' id='word_1_130' title='bbox 1542 1581 1725 1642; x_wconf 81' lang='lat' dir='ltr'><strong>facultatem</strong></span> 
     </span>
     <span class='ocr_line' id='line_1_13' title="bbox 77 1666 1724 1751; baseline 0.002 -23"><span class='ocrx_word' id='word_1_131' title='bbox 77 1667 154 1730; x_wconf 85' lang='lat' dir='ltr'><strong>binc</strong></span> <span class='ocrx_word' id='word_1_132' title='bbox 174 1666 285 1746; x_wconf 89' lang='lat' dir='ltr'><strong>plures</strong></span> <span class='ocrx_word' id='word_1_133' title='bbox 303 1672 379 1729; x_wconf 86' lang='lat' dir='ltr'><strong>ortae</strong></span> <span class='ocrx_word' id='word_1_134' title='bbox 398 1667 586 1748; x_wconf 87' lang='lat' dir='ltr'><strong>quaestiones</strong></span> <span class='ocrx_word' id='word_1_135' title='bbox 606 1675 637 1729; x_wconf 90' lang='lat' dir='ltr'><strong>et</strong></span> <span class='ocrx_word' id='word_1_136' title='bbox 654 1667 740 1728; x_wconf 83' lang='lat' dir='ltr'><strong>varia</strong></span> <span class='ocrx_word' id='word_1_137' title='bbox 755 1667 882 1728; x_wconf 89' lang='lat' dir='ltr'><strong>condite</strong></span> <span class='ocrx_word' id='word_1_138' title='bbox 934 1669 1052 1746; x_wconf 88' lang='lat' dir='ltr'><strong>tribuit,</strong></span> <span class='ocrx_word' id='word_1_139' title='bbox 1078 1677 1128 1747; x_wconf 85' lang='lat' dir='ltr'><strong>ut,</strong></span> <span class='ocrx_word' id='word_1_140' title='bbox 1147 1669 1241 1751; x_wconf 87' lang='lat' dir='ltr'><strong>justis</strong></span> <span class='ocrx_word' id='word_1_141' title='bbox 1261 1689 1299 1730; x_wconf 86' lang='lat' dir='ltr'><strong>ex</strong></span> <span class='ocrx_word' id='word_1_142' title='bbox 1318 1671 1421 1733; x_wconf 89' lang='lat' dir='ltr'><strong>causis</strong></span> <span class='ocrx_word' id='word_1_143' title='bbox 1446 1675 1478 1732; x_wconf 91' lang='lat' dir='ltr'><strong>et</strong></span> <span class='ocrx_word' id='word_1_144' title='bbox 1500 1685 1572 1730; x_wconf 89' lang='lat' dir='ltr'><strong>cum</strong></span> <span class='ocrx_word' id='word_1_145' title='bbox 1593 1667 1724 1732; x_wconf 90' lang='lat' dir='ltr'><strong>consilio</strong></span> 
     </span>
     <span class='ocr_line' id='line_1_14' title="bbox 74 1755 1727 1837; baseline 0 -21"><span class='ocrx_word' id='word_1_146' title='bbox 74 1759 155 1817; x_wconf 83' lang='lat' dir='ltr'><strong>sunt</strong></span> <span class='ocrx_word' id='word_1_147' title='bbox 167 1755 317 1832; x_wconf 86' lang='lat' dir='ltr'><strong>Decreta,</strong></span> <span class='ocrx_word' id='word_1_148' title='bbox 334 1757 500 1818; x_wconf 88' lang='lat' dir='ltr'><strong>abeodem</strong></span> <span class='ocrx_word' id='word_1_149' title='bbox 516 1758 643 1820; x_wconf 90' lang='lat' dir='ltr'><strong>Urbano</strong></span> <span class='ocrx_word' id='word_1_150' title='bbox 661 1756 791 1837; x_wconf 87' lang='lat' dir='ltr'><strong>ejusque</strong></span> <span class='ocrx_word' id='word_1_151' title='bbox 806 1758 881 1818; x_wconf 92' lang='lat' dir='ltr'><strong>suc·</strong></span> <span class='ocrx_word' id='word_1_152' title='bbox 932 1757 1156 1836; x_wconf 74' lang='lat' dir='ltr'><strong>praedictorum</strong></span> <span class='ocrx_word' id='word_1_153' title='bbox 1181 1756 1402 1834; x_wconf 81' lang='lat' dir='ltr'><strong>Praeletcrum,</strong></span> <span class='ocrx_word' id='word_1_154' title='bbox 1428 1757 1600 1818; x_wconf 84' lang='lat' dir='ltr'><strong>concedere</strong></span> <span class='ocrx_word' id='word_1_155' title='bbox 1620 1761 1727 1834; x_wconf 80' lang='lat' dir='ltr'><strong>posset</strong></span> 
     </span>
     <span class='ocr_line' id='line_1_15' title="bbox 82 1840 1727 1926; baseline 0.001 -21"><span class='ocrx_word' id='word_1_156' title='bbox 82 1840 265 1906; x_wconf 81' lang='lat' dir='ltr'><strong>sessoribus</strong></span> <span class='ocrx_word' id='word_1_157' title='bbox 287 1846 478 1924; x_wconf 80' lang='lat' dir='ltr'><strong>approbata3</strong></span> <span class='ocrx_word' id='word_1_158' title='bbox 505 1846 680 1926; x_wconf 87' lang='lat' dir='ltr'><strong>cujusmodi</strong></span> <span class='ocrx_word' id='word_1_159' title='bbox 705 1850 792 1922; x_wconf 89' lang='lat' dir='ltr'><strong>sunt,</strong></span> <span class='ocrx_word' id='word_1_160' title='bbox 819 1863 881 1906; x_wconf 91' lang='lat' dir='ltr'><strong>non</strong></span> <span class='ocrx_word' id='word_1_161' title='bbox 929 1844 1096 1923; x_wconf 86' lang='lat' dir='ltr'><strong>Episcopis</strong></span> <span class='ocrx_word' id='word_1_162' title='bbox 1108 1843 1268 1904; x_wconf 90' lang='lat' dir='ltr'><strong>licentiam</strong></span> <span class='ocrx_word' id='word_1_163' title='bbox 1283 1844 1446 1906; x_wconf 88' lang='lat' dir='ltr'><strong>abessendi</strong></span> <span class='ocrx_word' id='word_1_164' title='bbox 1471 1863 1491 1905; x_wconf 90' lang='lat' dir='ltr'><strong>e</strong></span> <span class='ocrx_word' id='word_1_165' title='bbox 1513 1843 1648 1922; x_wconf 88' lang='lat' dir='ltr'><strong>propriis</strong></span> <span class='ocrx_word' id='word_1_166' title='bbox 1667 1846 1727 1906; x_wconf 85' lang='lat' dir='ltr'><strong>Ec-</strong></span> 
     </span>
     <span class='ocr_line' id='line_1_16' title="bbox 82 1931 1726 2012; baseline -0.001 -19"><span class='ocrx_word' id='word_1_167' title='bbox 82 1932 177 1993; x_wconf 88' lang='lat' dir='ltr'><strong>licere</strong></span> <span class='ocrx_word' id='word_1_168' title='bbox 200 1931 394 1995; x_wconf 86' lang='lat' dir='ltr'><strong>trimestrem</strong></span> <span class='ocrx_word' id='word_1_169' title='bbox 413 1933 588 1995; x_wconf 85' lang='lat' dir='ltr'><strong>absentiam</strong></span> <span class='ocrx_word' id='word_1_170' title='bbox 606 1932 790 2011; x_wconf 85' lang='lat' dir='ltr'><strong>praedictam</strong></span> <span class='ocrx_word' id='word_1_171' title='bbox 806 1951 881 1995; x_wconf 85' lang='lat' dir='ltr'><strong>eon·</strong></span> <span class='ocrx_word' id='word_1_172' title='bbox 935 1933 1036 1994; x_wconf 87' lang='lat' dir='ltr'><strong>clesiis</strong></span> <span class='ocrx_word' id='word_1_173' title='bbox 1051 1939 1082 1994; x_wconf 89' lang='lat' dir='ltr'><strong>ct</strong></span> <span class='ocrx_word' id='word_1_174' title='bbox 1096 1933 1289 1994; x_wconf 84' lang='lat' dir='ltr'><strong>Uioeceeibus</strong></span> <span class='ocrx_word' id='word_1_175' title='bbox 1312 1934 1412 2012; x_wconf 85' lang='lat' dir='ltr'><strong>spatio</strong></span> <span class='ocrx_word' id='word_1_176' title='bbox 1435 1934 1589 1994; x_wconf 80' lang='lat' dir='ltr'><strong>duntaxat</strong></span> <span class='ocrx_word' id='word_1_177' title='bbox 1602 1931 1726 1992; x_wconf 89' lang='lat' dir='ltr'><strong>dierum</strong></span> 
     </span>
     <span class='ocr_line' id='line_1_17' title="bbox 76 2018 1726 2102; baseline 0.002 -23"><span class='ocrx_word' id='word_1_178' title='bbox 76 2020 231 2102; x_wconf 69' lang='lat' dir='ltr'><strong>jungere,</strong></span> <span class='ocrx_word' id='word_1_179' title='bbox 258 2021 323 2082; x_wconf 78' lang='lat' dir='ltr'><strong>sive</strong></span> <span class='ocrx_word' id='word_1_180' title='bbox 347 2039 419 2084; x_wconf 88' lang='lat' dir='ltr'><strong>cum</strong></span> <span class='ocrx_word' id='word_1_181' title='bbox 442 2039 479 2083; x_wconf 91' lang='lat' dir='ltr'><strong>eo</strong></span> <span class='ocrx_word' id='word_1_182' title='bbox 493 2025 635 2101; x_wconf 87' lang='lat' dir='ltr'><strong>tempore</strong></span> <span class='ocrx_word' id='word_1_183' title='bbox 650 2039 712 2100; x_wconf 80' lang='lat' dir='ltr'><strong>quc</strong></span> <span class='ocrx_word' id='word_1_184' title='bbox 727 2021 881 2101; x_wconf 87' lang='lat' dir='ltr'><strong>permitti·</strong></span> <span class='ocrx_word' id='word_1_185' title='bbox 935 2021 1155 2102; x_wconf 82' lang='lat' dir='ltr'><strong>quadraginta,</strong></span> <span class='ocrx_word' id='word_1_186' title='bbox 1172 2025 1207 2082; x_wconf 89' lang='lat' dir='ltr'><strong>ut</strong></span> <span class='ocrx_word' id='word_1_187' title='bbox 1220 2020 1251 2080; x_wconf 92' lang='lat' dir='ltr'><strong>in</strong></span> <span class='ocrx_word' id='word_1_188' title='bbox 1267 2021 1364 2100; x_wconf 90' lang='lat' dir='ltr'><strong>ipsius</strong></span> <span class='ocrx_word' id='word_1_189' title='bbox 1379 2021 1496 2084; x_wconf 88' lang='lat' dir='ltr'><strong>Urbani</strong></span> <span class='ocrx_word' id='word_1_190' title='bbox 1512 2020 1635 2082; x_wconf 85' lang='lat' dir='ltr'><strong>Litteris</strong></span> <span class='ocrx_word' id='word_1_191' title='bbox 1645 2018 1726 2082; x_wconf 86' lang='lat' dir='ltr'><strong>datis</strong></span> 
     </span>
     <span class='ocr_line' id='line_1_18' title="bbox 78 2106 1726 2189; baseline -0.002 -18"><span class='ocrx_word' id='word_1_192' title='bbox 78 2114 135 2171; x_wconf 85' lang='lat' dir='ltr'><strong>tur</strong></span> <span class='ocrx_word' id='word_1_193' title='bbox 148 2109 315 2188; x_wconf 87' lang='lat' dir='ltr'><strong>Episcopis</strong></span> <span class='ocrx_word' id='word_1_194' title='bbox 328 2115 399 2188; x_wconf 90' lang='lat' dir='ltr'><strong>post</strong></span> <span class='ocrx_word' id='word_1_195' title='bbox 412 2128 501 2172; x_wconf 90' lang='lat' dir='ltr'><strong>suam</strong></span> <span class='ocrx_word' id='word_1_196' title='bbox 513 2110 743 2189; x_wconf 89' lang='lat' dir='ltr'><strong>promotionem</strong></span> <span class='ocrx_word' id='word_1_197' title='bbox 754 2110 785 2169; x_wconf 91' lang='lat' dir='ltr'><strong>in</strong></span> <span class='ocrx_word' id='word_1_198' title='bbox 797 2111 880 2172; x_wconf 91' lang='lat' dir='ltr'><strong>Urbe</strong></span> <span class='ocrx_word' id='word_1_199' title='bbox 935 2110 985 2170; x_wconf 92' lang='lat' dir='ltr'><strong>die</strong></span> <span class='ocrx_word' id='word_1_200' title='bbox 1010 2112 1023 2170; x_wconf 87' lang='lat' dir='ltr'><strong>l</strong></span> <span class='ocrx_word' id='word_1_201' title='bbox 1048 2109 1189 2173; x_wconf 79' lang='lat' dir='ltr'><strong>ianuarii</strong></span> <span class='ocrx_word' id='word_1_202' title='bbox 1211 2109 1282 2170; x_wconf 91' lang='lat' dir='ltr'><strong>anni</strong></span> <span class='ocrx_word' id='word_1_203' title='bbox 1309 2112 1410 2186; x_wconf 76' lang='grc'>1636,</span> <span class='ocrx_word' id='word_1_204' title='bbox 1435 2106 1613 2170; x_wconf 90' lang='lat' dir='ltr'><strong>distinctius</strong></span> <span class='ocrx_word' id='word_1_205' title='bbox 1626 2126 1726 2186; x_wconf 73' lang='lat' dir='ltr'><strong>,pras-</strong></span> 
     </span>
     <span class='ocr_line' id='line_1_19' title="bbox 82 2197 1075 2277; baseline 0 -19"><span class='ocrx_word' id='word_1_206' title='bbox 82 2197 289 2273; x_wconf 84' lang='lat' dir='ltr'><strong>commoreri,</strong></span> <span class='ocrx_word' id='word_1_207' title='bbox 311 2199 376 2258; x_wconf 87' lang='lat' dir='ltr'><strong>eive</strong></span> <span class='ocrx_word' id='word_1_208' title='bbox 401 2217 473 2260; x_wconf 91' lang='lat' dir='ltr'><strong>cum</strong></span> <span class='ocrx_word' id='word_1_209' title='bbox 498 2217 547 2274; x_wconf 89' lang='lat' dir='ltr'><strong>eo,</strong></span> <span class='ocrx_word' id='word_1_210' title='bbox 570 2198 654 2277; x_wconf 93' lang='lat' dir='ltr'><strong>quod</strong></span> <span class='ocrx_word' id='word_1_211' title='bbox 670 2197 710 2258; x_wconf 90' lang='lat' dir='ltr'><strong>ad</strong></span> <span class='ocrx_word' id='word_1_212' title='bbox 725 2215 881 2276; x_wconf 89' lang='lat' dir='ltr'><strong>peragen-</strong></span> <span class='ocrx_word' id='word_1_213' title='bbox 935 2197 1075 2259; x_wconf 90' lang='lat' dir='ltr'><strong>cribitur.</strong></span> 
     </span>
     <span class='ocr_line' id='line_1_20' title="bbox 76 2284 1727 2366; baseline -0.001 -21"><span class='ocrx_word' id='word_1_214' title='bbox 76 2285 157 2346; x_wconf 82' lang='lat' dir='ltr'><strong>dem</strong></span> <span class='ocrx_word' id='word_1_215' title='bbox 173 2287 344 2347; x_wconf 87' lang='lat' dir='ltr'><strong>Sacrorum</strong></span> <span class='ocrx_word' id='word_1_216' title='bbox 360 2286 517 2347; x_wconf 80' lang='lat' dir='ltr'><strong>liminum</strong></span> <span class='ocrx_word' id='word_1_217' title='bbox 532 2285 748 2348; x_wconf 79' lang='lat' dir='ltr'><strong>Visiteticnem</strong></span> <span class='ocrx_word' id='word_1_218' title='bbox 763 2285 881 2348; x_wconf 90' lang='lat' dir='ltr'><strong>eisdem</strong></span> <span class='ocrx_word' id='word_1_219' title='bbox 974 2308 988 2345; x_wconf 77' lang='lat' dir='ltr'><strong>n</strong></span> <span class='ocrx_word' id='word_1_220' title='bbox 1005 2286 1106 2366; x_wconf 89' lang='lat' dir='ltr'><strong>Hujus</strong></span> <span class='ocrx_word' id='word_1_221' title='bbox 1120 2285 1378 2366; x_wconf 86' lang='lat' dir='ltr'><strong>Congregationis</strong></span> <span class='ocrx_word' id='word_1_222' title='bbox 1392 2287 1502 2365; x_wconf 85' lang='lat' dir='ltr'><strong>Caput,</strong></span> <span class='ocrx_word' id='word_1_223' title='bbox 1518 2303 1572 2347; x_wconf 89' lang='lat' dir='ltr'><strong>seu</strong></span> <span class='ocrx_word' id='word_1_224' title='bbox 1595 2284 1727 2346; x_wconf 84' lang='lat' dir='ltr'><strong>Praeleo·</strong></span> 
     </span>
     <span class='ocr_line' id='line_1_21' title="bbox 84 2373 1727 2454; baseline 0.001 -20"><span class='ocrx_word' id='word_1_225' title='bbox 84 2374 344 2435; x_wconf 85' lang='lat' dir='ltr'><strong>concessumluit</strong></span> <span class='ocrx_word' id='word_1_226' title='bbox 360 2391 484 2454; x_wconf 87' lang='lat' dir='ltr'><strong>:neque</strong></span> <span class='ocrx_word' id='word_1_227' title='bbox 499 2375 546 2434; x_wconf 83' lang='lat' dir='ltr'><strong>las</strong></span> <span class='ocrx_word' id='word_1_228' title='bbox 561 2391 628 2434; x_wconf 89' lang='lat' dir='ltr'><strong>esse</strong></span> <span class='ocrx_word' id='word_1_229' title='bbox 644 2374 793 2436; x_wconf 75' lang='lat' dir='ltr'><strong>absentie</strong></span> <span class='ocrx_word' id='word_1_230' title='bbox 804 2379 880 2436; x_wconf 81' lang='lat' dir='ltr'><strong>tem·</strong></span> <span class='ocrx_word' id='word_1_231' title='bbox 932 2379 994 2451; x_wconf 88' lang='lat' dir='ltr'><strong>tus,</strong></span> <span class='ocrx_word' id='word_1_232' title='bbox 1012 2393 1125 2454; x_wconf 86' lang='lat' dir='ltr'><strong>exque</strong></span> <span class='ocrx_word' id='word_1_233' title='bbox 1148 2375 1258 2436; x_wconf 88' lang='lat' dir='ltr'><strong>eadem</strong></span> <span class='ocrx_word' id='word_1_234' title='bbox 1280 2375 1423 2436; x_wconf 89' lang='lat' dir='ltr'><strong>instituta</strong></span> <span class='ocrx_word' id='word_1_235' title='bbox 1442 2378 1500 2452; x_wconf 90' lang='lat' dir='ltr'><strong>est,</strong></span> <span class='ocrx_word' id='word_1_236' title='bbox 1522 2391 1649 2452; x_wconf 86' lang='lat' dir='ltr'><strong>semper</strong></span> <span class='ocrx_word' id='word_1_237' title='bbox 1668 2373 1727 2436; x_wconf 85' lang='lat' dir='ltr'><strong>fuit</strong></span> 
     </span>
     <span class='ocr_line' id='line_1_22' title="bbox 80 2463 1726 2544; baseline -0.001 -21"><span class='ocrx_word' id='word_1_238' title='bbox 80 2478 163 2544; x_wconf 86' lang='lat' dir='ltr'><strong>pore</strong></span> <span class='ocrx_word' id='word_1_239' title='bbox 189 2464 237 2524; x_wconf 90' lang='lat' dir='ltr'><strong>ita</strong></span> <span class='ocrx_word' id='word_1_240' title='bbox 263 2464 440 2543; x_wconf 88' lang='lat' dir='ltr'><strong>disponere,</strong></span> <span class='ocrx_word' id='word_1_241' title='bbox 468 2467 503 2524; x_wconf 89' lang='lat' dir='ltr'><strong>ut</strong></span> <span class='ocrx_word' id='word_1_242' title='bbox 516 2468 578 2524; x_wconf 89' lang='lat' dir='ltr'><strong>tres</strong></span> <span class='ocrx_word' id='word_1_243' title='bbox 592 2465 742 2543; x_wconf 90' lang='lat' dir='ltr'><strong>postremi</strong></span> <span class='ocrx_word' id='word_1_244' title='bbox 757 2481 880 2524; x_wconf 90' lang='lat' dir='ltr'><strong>menses</strong></span> <span class='ocrx_word' id='word_1_245' title='bbox 934 2463 1082 2544; x_wconf 72' lang='lat' dir='ltr'><strong>prelatus</strong></span> <span class='ocrx_word' id='word_1_246' title='bbox 1116 2463 1290 2525; x_wconf 84' lang='lat' dir='ltr'><strong>Cardinalis</strong></span> <span class='ocrx_word' id='word_1_247' title='bbox 1323 2463 1466 2526; x_wconf 77' lang='lat' dir='ltr'><strong>vicarius</strong></span> <span class='ocrx_word' id='word_1_248' title='bbox 1501 2479 1557 2541; x_wconf 88' lang='lat' dir='ltr'><strong>pro</strong></span> <span class='ocrx_word' id='word_1_249' title='bbox 1585 2469 1726 2540; x_wconf 76' lang='lat' dir='ltr'><strong>tempore</strong></span> 
     </span>
     <span class='ocr_line' id='line_1_23' title="bbox 79 2549 1726 2632; baseline 0 -22"><span class='ocrx_word' id='word_1_250' title='bbox 79 2551 182 2612; x_wconf 73' lang='lat' dir='ltr'><strong>annius</strong></span> <span class='ocrx_word' id='word_1_251' title='bbox 197 2551 272 2611; x_wconf 89' lang='lat' dir='ltr'><strong>anni</strong></span> <span class='ocrx_word' id='word_1_252' title='bbox 289 2552 509 2612; x_wconf 87' lang='lat' dir='ltr'><strong>continuentur</strong></span> <span class='ocrx_word' id='word_1_253' title='bbox 522 2569 594 2610; x_wconf 89' lang='lat' dir='ltr'><strong>cum</strong></span> <span class='ocrx_word' id='word_1_254' title='bbox 606 2550 705 2612; x_wconf 89' lang='lat' dir='ltr'><strong>tribus</strong></span> <span class='ocrx_word' id='word_1_255' title='bbox 725 2550 881 2628; x_wconf 89' lang='lat' dir='ltr'><strong>prioribus</strong></span> <span class='ocrx_word' id='word_1_256' title='bbox 935 2553 1080 2628; x_wconf 86' lang='lat' dir='ltr'><strong>existens,</strong></span> <span class='ocrx_word' id='word_1_257' title='bbox 1104 2552 1372 2632; x_wconf 89' lang='lat' dir='ltr'><strong>quemadmodum</strong></span> <span class='ocrx_word' id='word_1_258' title='bbox 1395 2551 1537 2632; x_wconf 90' lang='lat' dir='ltr'><strong>ejusdem</strong></span> <span class='ocrx_word' id='word_1_259' title='bbox 1559 2549 1726 2614; x_wconf 78' lang='lat' dir='ltr'><strong>secretarii</strong></span> 
     </span>
     <span class='ocr_line' id='line_1_24' title="bbox 83 2637 1725 2720; baseline 0.001 -22"><span class='ocrx_word' id='word_1_260' title='bbox 83 2639 248 2699; x_wconf 85' lang='lat' dir='ltr'><strong>mensibus</strong></span> <span class='ocrx_word' id='word_1_261' title='bbox 262 2637 334 2699; x_wconf 88' lang='lat' dir='ltr'><strong>anni</strong></span> <span class='ocrx_word' id='word_1_262' title='bbox 348 2637 578 2720; x_wconf 80' lang='lat' dir='ltr'><strong>subsequentis</strong></span> <span class='ocrx_word' id='word_1_263' title='bbox 603 2639 692 2700; x_wconf 87' lang='lat' dir='ltr'><strong>Sicut</strong></span> <span class='ocrx_word' id='word_1_264' title='bbox 714 2638 808 2699; x_wconf 90' lang='lat' dir='ltr'><strong>etiam</strong></span> <span class='ocrx_word' id='word_1_265' title='bbox 827 2656 881 2698; x_wconf 85' lang='lat' dir='ltr'><strong>ve-</strong></span> <span class='ocrx_word' id='word_1_266' title='bbox 933 2659 1048 2701; x_wconf 89' lang='lat' dir='ltr'><strong>munns</strong></span> <span class='ocrx_word' id='word_1_267' title='bbox 1072 2641 1097 2700; x_wconf 91' lang='lat' dir='ltr'><strong>is</strong></span> <span class='ocrx_word' id='word_1_268' title='bbox 1121 2659 1246 2719; x_wconf 88' lang='lat' dir='ltr'><strong>semper</strong></span> <span class='ocrx_word' id='word_1_269' title='bbox 1269 2642 1381 2718; x_wconf 87' lang='lat' dir='ltr'><strong>gessit,</strong></span> <span class='ocrx_word' id='word_1_270' title='bbox 1408 2641 1461 2720; x_wconf 87' lang='lat' dir='ltr'><strong>qui</strong></span> <span class='ocrx_word' id='word_1_271' title='bbox 1484 2639 1725 2720; x_wconf 73' lang='lat' dir='ltr'><strong>congregationi</strong></span> 
     </span>
     <span class='ocr_line' id='line_1_25' title="bbox 78 2727 1725 2808; baseline -0.001 -19"><span class='ocrx_word' id='word_1_272' title='bbox 78 2727 179 2790; x_wconf 82' lang='lat' dir='ltr'><strong>titum</strong></span> <span class='ocrx_word' id='word_1_273' title='bbox 203 2731 253 2789; x_wconf 88' lang='lat' dir='ltr'><strong>est</strong></span> <span class='ocrx_word' id='word_1_274' title='bbox 275 2728 441 2806; x_wconf 73' lang='lat' dir='ltr'><strong>praedictos</strong></span> <span class='ocrx_word' id='word_1_275' title='bbox 455 2745 578 2789; x_wconf 91' lang='lat' dir='ltr'><strong>menses</strong></span> <span class='ocrx_word' id='word_1_276' title='bbox 596 2727 787 2808; x_wconf 86' lang='lat' dir='ltr'><strong>conjungere</strong></span> <span class='ocrx_word' id='word_1_277' title='bbox 809 2743 881 2788; x_wconf 91' lang='lat' dir='ltr'><strong>cum</strong></span> <span class='ocrx_word' id='word_1_278' title='bbox 934 2729 1061 2792; x_wconf 89' lang='lat' dir='ltr'><strong>Concilii</strong></span> <span class='ocrx_word' id='word_1_279' title='bbox 1076 2729 1249 2790; x_wconf 84' lang='lat' dir='ltr'><strong>Tridentini</strong></span> <span class='ocrx_word' id='word_1_280' title='bbox 1265 2730 1324 2791; x_wconf 86' lang='lat' dir='ltr'><strong>luit</strong></span> <span class='ocrx_word' id='word_1_281' title='bbox 1337 2747 1356 2790; x_wconf 86' lang='lat' dir='ltr'><strong>e</strong></span> <span class='ocrx_word' id='word_1_282' title='bbox 1371 2729 1522 2802; x_wconf 88' lang='lat' dir='ltr'><strong>Secretis;</strong></span> <span class='ocrx_word' id='word_1_283' title='bbox 1537 2729 1725 2789; x_wconf 87' lang='lat' dir='ltr'><strong>undeetiam</strong></span> 
     </span>
     <span class='ocr_line' id='line_1_26' title="bbox 87 2815 1725 2897; baseline -0.002 -19"><span class='ocrx_word' id='word_1_284' title='bbox 87 2834 122 2878; x_wconf 87' lang='lat' dir='ltr'><strong>eo</strong></span> <span class='ocrx_word' id='word_1_285' title='bbox 146 2817 224 2877; x_wconf 89' lang='lat' dir='ltr'><strong>anni</strong></span> <span class='ocrx_word' id='word_1_286' title='bbox 247 2820 400 2895; x_wconf 89' lang='lat' dir='ltr'><strong>tempore,</strong></span> <span class='ocrx_word' id='word_1_287' title='bbox 427 2834 502 2897; x_wconf 84' lang='lat' dir='ltr'><strong>quc,</strong></span> <span class='ocrx_word' id='word_1_288' title='bbox 527 2822 656 2896; x_wconf 89' lang='lat' dir='ltr'><strong>propter</strong></span> <span class='ocrx_word' id='word_1_289' title='bbox 670 2816 751 2876; x_wconf 85' lang='lat' dir='ltr'><strong>aeris</strong></span> <span class='ocrx_word' id='word_1_290' title='bbox 765 2817 880 2876; x_wconf 88' lang='lat' dir='ltr'><strong>insalu-</strong></span> <span class='ocrx_word' id='word_1_291' title='bbox 934 2821 997 2879; x_wconf 88' lang='lat' dir='ltr'><strong>Nos</strong></span> <span class='ocrx_word' id='word_1_292' title='bbox 1010 2817 1081 2897; x_wconf 83' lang='lat' dir='ltr'><strong>ipsi,</strong></span> <span class='ocrx_word' id='word_1_293' title='bbox 1098 2818 1173 2877; x_wconf 90' lang='lat' dir='ltr'><strong>dum</strong></span> <span class='ocrx_word' id='word_1_294' title='bbox 1189 2817 1221 2876; x_wconf 94' lang='lat' dir='ltr'><strong>in</strong></span> <span class='ocrx_word' id='word_1_295' title='bbox 1237 2817 1410 2879; x_wconf 90' lang='lat' dir='ltr'><strong>minoribus</strong></span> <span class='ocrx_word' id='word_1_296' title='bbox 1433 2815 1593 2879; x_wconf 90' lang='lat' dir='ltr'><strong>constituti</strong></span> <span class='ocrx_word' id='word_1_297' title='bbox 1616 2816 1725 2879; x_wconf 81' lang='lat' dir='ltr'><strong>Olilcio</strong></span> 
     </span>
     <span class='ocr_line' id='line_1_27' title="bbox 81 2903 1727 2986; baseline 0 -20"><span class='ocrx_word' id='word_1_298' title='bbox 81 2905 258 2981; x_wconf 72' lang='lat' dir='ltr'><strong>toritatem,</strong></span> <span class='ocrx_word' id='word_1_299' title='bbox 285 2904 377 2965; x_wconf 90' lang='lat' dir='ltr'><strong>alicui</strong></span> <span class='ocrx_word' id='word_1_300' title='bbox 401 2905 555 2983; x_wconf 78' lang='lat' dir='ltr'><strong>Episcopo</strong></span> <span class='ocrx_word' id='word_1_301' title='bbox 580 2903 771 2983; x_wconf 90' lang='lat' dir='ltr'><strong>permittitur</strong></span> <span class='ocrx_word' id='word_1_302' title='bbox 792 2907 881 2964; x_wconf 85' lang='lat' dir='ltr'><strong>extra</strong></span> <span class='ocrx_word' id='word_1_303' title='bbox 935 2906 1099 2970; x_wconf 82' lang='lat' dir='ltr'><strong>secretarii</strong></span> <span class='ocrx_word' id='word_1_304' title='bbox 1116 2907 1275 2985; x_wconf 74' lang='lat' dir='ltr'><strong>praedicte</strong></span> <span class='ocrx_word' id='word_1_305' title='bbox 1296 2905 1555 2986; x_wconf 84' lang='lat' dir='ltr'><strong>Congregeticnis</strong></span> <span class='ocrx_word' id='word_1_306' title='bbox 1575 2905 1727 2967; x_wconf 86' lang='lat' dir='ltr'><strong>Cardine-</strong></span> 
     </span>
     <span class='ocr_line' id='line_1_28' title="bbox 82 2992 1725 3074; baseline 0 -20"><span class='ocrx_word' id='word_1_307' title='bbox 82 2992 254 3056; x_wconf 79' lang='lat' dir='ltr'><strong>·llioecesim</strong></span> <span class='ocrx_word' id='word_1_308' title='bbox 268 2993 403 3072; x_wconf 88' lang='lat' dir='ltr'><strong>degere;</strong></span> <span class='ocrx_word' id='word_1_309' title='bbox 421 3011 460 3052; x_wconf 90' lang='lat' dir='ltr'><strong>ne</strong></span> <span class='ocrx_word' id='word_1_310' title='bbox 476 2992 593 3054; x_wconf 90' lang='lat' dir='ltr'><strong>scilicet</strong></span> <span class='ocrx_word' id='word_1_311' title='bbox 614 2992 802 3055; x_wconf 89' lang='lat' dir='ltr'><strong>continuatis</strong></span> <span class='ocrx_word' id='word_1_312' title='bbox 824 2992 881 3052; x_wconf 86' lang='lat' dir='ltr'><strong>sb-</strong></span> <span class='ocrx_word' id='word_1_313' title='bbox 933 2993 1010 3054; x_wconf 91' lang='lat' dir='ltr'><strong>lium</strong></span> <span class='ocrx_word' id='word_1_314' title='bbox 1022 2994 1149 3056; x_wconf 91' lang='lat' dir='ltr'><strong>Concilii</strong></span> <span class='ocrx_word' id='word_1_315' title='bbox 1162 2994 1334 3057; x_wconf 79' lang='lat' dir='ltr'><strong>Tridentini</strong></span> <span class='ocrx_word' id='word_1_316' title='bbox 1350 2995 1557 3074; x_wconf 88' lang='lat' dir='ltr'><strong>interpretum</strong></span> <span class='ocrx_word' id='word_1_317' title='bbox 1578 2993 1725 3074; x_wconf 77' lang='lat' dir='ltr'><strong>fungere</strong></span> 
     </span>
     <span class='ocr_line' id='line_1_29' title="bbox 87 3080 1727 3164; baseline 0.002 -23"><span class='ocrx_word' id='word_1_318' title='bbox 87 3082 194 3144; x_wconf 80' lang='lat' dir='ltr'><strong>eenb&#39;ae</strong></span> <span class='ocrx_word' id='word_1_319' title='bbox 218 3081 421 3159; x_wconf 71' lang='lat' dir='ltr'><strong>temporibus</strong></span> <span class='ocrx_word' id='word_1_320' title='bbox 446 3097 560 3140; x_wconf 84' lang='lat' dir='ltr'><strong>vernos</strong></span> <span class='ocrx_word' id='word_1_321' title='bbox 585 3080 678 3141; x_wconf 90' lang='lat' dir='ltr'><strong>simul</strong></span> <span class='ocrx_word' id='word_1_322' title='bbox 701 3085 733 3142; x_wconf 91' lang='lat' dir='ltr'><strong>et</strong></span> <span class='ocrx_word' id='word_1_323' title='bbox 755 3081 880 3142; x_wconf 82' lang='lat' dir='ltr'><strong>aestivcs</strong></span> <span class='ocrx_word' id='word_1_324' title='bbox 933 3099 1019 3158; x_wconf 89' lang='lat' dir='ltr'><strong>mur,</strong></span> <span class='ocrx_word' id='word_1_325' title='bbox 1045 3101 1103 3161; x_wconf 89' lang='lat' dir='ltr'><strong>par</strong></span> <span class='ocrx_word' id='word_1_326' title='bbox 1125 3099 1249 3164; x_wconf 88' lang='lat' dir='ltr'><strong>quoque</strong></span> <span class='ocrx_word' id='word_1_327' title='bbox 1270 3101 1386 3143; x_wconf 71' lang='lat' dir='ltr'><strong>mimus</strong></span> <span class='ocrx_word' id='word_1_328' title='bbox 1405 3081 1573 3145; x_wconf 88' lang='lat' dir='ltr'><strong>secretarii</strong></span> <span class='ocrx_word' id='word_1_329' title='bbox 1593 3082 1727 3144; x_wconf 75' lang='lat' dir='ltr'><strong>alterius</strong></span> 
     </span>
     <span class='ocr_line' id='line_1_30' title="bbox 81 3169 1725 3251; baseline 0.001 -21"><span class='ocrx_word' id='word_1_330' title='bbox 81 3189 221 3245; x_wconf 88' lang='lat' dir='ltr'><strong>menses,</strong></span> <span class='ocrx_word' id='word_1_331' title='bbox 238 3171 302 3230; x_wconf 90' lang='lat' dir='ltr'><strong>sive</strong></span> <span class='ocrx_word' id='word_1_332' title='bbox 317 3171 440 3232; x_wconf 81' lang='lat' dir='ltr'><strong>aestivos</strong></span> <span class='ocrx_word' id='word_1_333' title='bbox 453 3187 516 3230; x_wconf 87' lang='lat' dir='ltr'><strong>una</strong></span> <span class='ocrx_word' id='word_1_334' title='bbox 536 3187 607 3230; x_wconf 89' lang='lat' dir='ltr'><strong>cum</strong></span> <span class='ocrx_word' id='word_1_335' title='bbox 631 3169 877 3246; x_wconf 89' lang='lat' dir='ltr'><strong>autumnalibus,</strong></span> <span class='ocrx_word' id='word_1_336' title='bbox 934 3172 1190 3251; x_wconf 83' lang='lat' dir='ltr'><strong>Congregetionis</strong></span> <span class='ocrx_word' id='word_1_337' title='bbox 1204 3191 1298 3251; x_wconf 89' lang='lat' dir='ltr'><strong>super</strong></span> <span class='ocrx_word' id='word_1_338' title='bbox 1313 3171 1725 3250; x_wconf 85' lang='lat' dir='ltr'><strong>ResidentiaEpiscoporum</strong></span> 
     </span>
     <span class='ocr_line' id='line_1_31' title="bbox 80 3258 1728 3340; baseline 0.001 -20"><span class='ocrx_word' id='word_1_339' title='bbox 80 3263 175 3322; x_wconf 81' lang='lat' dir='ltr'><strong>extre</strong></span> <span class='ocrx_word' id='word_1_340' title='bbox 197 3260 364 3322; x_wconf 87' lang='lat' dir='ltr'><strong>Dioeccsim</strong></span> <span class='ocrx_word' id='word_1_341' title='bbox 387 3258 459 3319; x_wconf 90' lang='lat' dir='ltr'><strong>duci</strong></span> <span class='ocrx_word' id='word_1_342' title='bbox 483 3259 655 3336; x_wconf 84' lang='lat' dir='ltr'><strong>contingat.</strong></span> <span class='ocrx_word' id='word_1_343' title='bbox 671 3258 822 3338; x_wconf 88' lang='lat' dir='ltr'><strong>Denique,</strong></span> <span class='ocrx_word' id='word_1_344' title='bbox 841 3275 879 3318; x_wconf 88' lang='lat' dir='ltr'><strong>ne</strong></span> <span class='ocrx_word' id='word_1_345' title='bbox 926 3260 1026 3320; x_wconf 87' lang='lat' dir='ltr'><strong>&#39;simul</strong></span> <span class='ocrx_word' id='word_1_346' title='bbox 1040 3260 1254 3322; x_wconf 87' lang='lat' dir='ltr'><strong>sustinuimus.</strong></span> <span class='ocrx_word' id='word_1_347' title='bbox 1271 3262 1346 3333; x_wconf 84' lang='lat' dir='ltr'><strong>Quae</strong></span> <span class='ocrx_word' id='word_1_348' title='bbox 1361 3278 1437 3320; x_wconf 88' lang='lat' dir='ltr'><strong>sane</strong></span> <span class='ocrx_word' id='word_1_349' title='bbox 1451 3260 1672 3340; x_wconf 85' lang='lat' dir='ltr'><strong>Congregetio,</strong></span> <span class='ocrx_word' id='word_1_350' title='bbox 1692 3264 1728 3323; x_wconf 85' lang='lat' dir='ltr'><strong>ut</strong></span> 
     </span>
     <span class='ocr_line' id='line_1_32' title="bbox 89 3345 1727 3428; baseline -0.001 -20"><span class='ocrx_word' id='word_1_351' title='bbox 89 3347 156 3426; x_wconf 88' lang='lat' dir='ltr'><strong>quis</strong></span> <span class='ocrx_word' id='word_1_352' title='bbox 178 3347 373 3427; x_wconf 84' lang='lat' dir='ltr'><strong>indulgentia</strong></span> <span class='ocrx_word' id='word_1_353' title='bbox 396 3346 482 3410; x_wconf 86' lang='lat' dir='ltr'><strong>Sacri</strong></span> <span class='ocrx_word' id='word_1_354' title='bbox 506 3345 635 3408; x_wconf 82' lang='lat' dir='ltr'><strong>Consilii</strong></span> <span class='ocrx_word' id='word_1_355' title='bbox 658 3363 716 3426; x_wconf 88' lang='lat' dir='ltr'><strong>per</strong></span> <span class='ocrx_word' id='word_1_356' title='bbox 734 3345 880 3407; x_wconf 85' lang='lat' dir='ltr'><strong>fraudem</strong></span> <span class='ocrx_word' id='word_1_357' title='bbox 935 3367 972 3408; x_wconf 87' lang='lat' dir='ltr'><strong>ex</strong></span> <span class='ocrx_word' id='word_1_358' title='bbox 986 3347 1068 3408; x_wconf 89' lang='lat' dir='ltr'><strong>illius</strong></span> <span class='ocrx_word' id='word_1_359' title='bbox 1083 3349 1267 3410; x_wconf 74' lang='lat' dir='ltr'><strong>secretaria</strong></span> <span class='ocrx_word' id='word_1_360' title='bbox 1283 3347 1423 3428; x_wconf 86' lang='lat' dir='ltr'><strong>Regestis</strong></span> <span class='ocrx_word' id='word_1_361' title='bbox 1437 3352 1578 3427; x_wconf 87' lang='lat' dir='ltr'><strong>apparet,</strong></span> <span class='ocrx_word' id='word_1_362' title='bbox 1591 3351 1662 3408; x_wconf 87' lang='lat' dir='ltr'><strong>tam</strong></span> <span class='ocrx_word' id='word_1_363' title='bbox 1681 3348 1727 3426; x_wconf 90' lang='lat' dir='ltr'><strong>ip-</strong></span> 
     </span>
     <span class='ocr_line' id='line_1_33' title="bbox 83 3433 1726 3516; baseline -0.002 -19"><span class='ocrx_word' id='word_1_364' title='bbox 83 3437 171 3498; x_wconf 81' lang='lat' dir='ltr'><strong>nbuti</strong></span> <span class='ocrx_word' id='word_1_365' title='bbox 179 3441 296 3516; x_wconf 88' lang='lat' dir='ltr'><strong>posset,</strong></span> <span class='ocrx_word' id='word_1_366' title='bbox 306 3433 577 3511; x_wconf 87' lang='lat' dir='ltr'><strong>declaratumluit,</strong></span> <span class='ocrx_word' id='word_1_367' title='bbox 589 3435 774 3514; x_wconf 88' lang='lat' dir='ltr'><strong>praedictam</strong></span> <span class='ocrx_word' id='word_1_368' title='bbox 785 3435 880 3496; x_wconf 90' lang='lat' dir='ltr'><strong>trium</strong></span> <span class='ocrx_word' id='word_1_369' title='bbox 927 3435 998 3496; x_wconf 81' lang='lat' dir='ltr'><strong>sius</strong></span> <span class='ocrx_word' id='word_1_370' title='bbox 1010 3435 1127 3497; x_wconf 83' lang='lat' dir='ltr'><strong>Urbani</strong></span> <span class='ocrx_word' id='word_1_371' title='bbox 1142 3435 1385 3497; x_wconf 78' lang='lat' dir='ltr'><strong>Prredecessoris</strong></span> <span class='ocrx_word' id='word_1_372' title='bbox 1399 3434 1605 3514; x_wconf 89' lang='lat' dir='ltr'><strong>temporibus,</strong></span> <span class='ocrx_word' id='word_1_373' title='bbox 1629 3445 1726 3514; x_wconf 86' lang='lat' dir='ltr'><strong>quem</strong></span> 
     </span>
     <span class='ocr_line' id='line_1_34' title="bbox 83 3521 1727 3603; baseline -0.002 -17"><span class='ocrx_word' id='word_1_374' title='bbox 83 3527 243 3588; x_wconf 86' lang='lat' dir='ltr'><strong>&#39;mensium</strong></span> <span class='ocrx_word' id='word_1_375' title='bbox 262 3523 458 3586; x_wconf 85' lang='lat' dir='ltr'><strong>vacationem</strong></span> <span class='ocrx_word' id='word_1_376' title='bbox 476 3523 562 3584; x_wconf 90' lang='lat' dir='ltr'><strong>intra</strong></span> <span class='ocrx_word' id='word_1_377' title='bbox 583 3522 736 3603; x_wconf 86' lang='lat' dir='ltr'><strong>cujusque</strong></span> <span class='ocrx_word' id='word_1_378' title='bbox 757 3523 830 3584; x_wconf 90' lang='lat' dir='ltr'><strong>anni</strong></span> <span class='ocrx_word' id='word_1_379' title='bbox 846 3522 880 3583; x_wconf 93' lang='lat' dir='ltr'><strong>li·</strong></span> <span class='ocrx_word' id='word_1_380' title='bbox 934 3521 1002 3583; x_wconf 89' lang='lat' dir='ltr'><strong>aliis</strong></span> <span class='ocrx_word' id='word_1_381' title='bbox 1013 3523 1285 3602; x_wconf 84' lang='lat' dir='ltr'><strong>subsequentibus,</strong></span> <span class='ocrx_word' id='word_1_382' title='bbox 1302 3539 1365 3583; x_wconf 92' lang='lat' dir='ltr'><strong>non</strong></span> <span class='ocrx_word' id='word_1_383' title='bbox 1378 3522 1474 3583; x_wconf 90' lang='lat' dir='ltr'><strong>semel</strong></span> <span class='ocrx_word' id='word_1_384' title='bbox 1487 3521 1727 3600; x_wconf 82' lang='lat' dir='ltr'><strong>singulisAnnis</strong></span> 
     </span>
     <span class='ocr_line' id='line_1_35' title="bbox 89 3610 1727 3691; baseline -0.001 -19"><span class='ocrx_word' id='word_1_385' title='bbox 89 3613 178 3675; x_wconf 91' lang='lat' dir='ltr'><strong>mites</strong></span> <span class='ocrx_word' id='word_1_386' title='bbox 201 3611 351 3690; x_wconf 87' lang='lat' dir='ltr'><strong>coerceri,</strong></span> <span class='ocrx_word' id='word_1_387' title='bbox 373 3615 408 3673; x_wconf 92' lang='lat' dir='ltr'><strong>ut</strong></span> <span class='ocrx_word' id='word_1_388' title='bbox 426 3610 479 3691; x_wconf 91' lang='lat' dir='ltr'><strong>qui</strong></span> <span class='ocrx_word' id='word_1_389' title='bbox 499 3627 561 3670; x_wconf 91' lang='lat' dir='ltr'><strong>uno</strong></span> <span class='ocrx_word' id='word_1_390' title='bbox 581 3628 663 3672; x_wconf 89' lang='lat' dir='ltr'><strong>anno</strong></span> <span class='ocrx_word' id='word_1_391' title='bbox 677 3629 752 3671; x_wconf 92' lang='lat' dir='ltr'><strong>usus</strong></span> <span class='ocrx_word' id='word_1_392' title='bbox 765 3628 803 3670; x_wconf 90' lang='lat' dir='ltr'><strong>ca</strong></span> <span class='ocrx_word' id='word_1_393' title='bbox 818 3627 880 3671; x_wconf 91' lang='lat' dir='ltr'><strong>non</strong></span> <span class='ocrx_word' id='word_1_394' title='bbox 934 3611 1066 3672; x_wconf 84' lang='lat' dir='ltr'><strong>adunari</strong></span> <span class='ocrx_word' id='word_1_395' title='bbox 1080 3611 1259 3684; x_wconf 79' lang='lat' dir='ltr'><strong>consuevit3</strong></span> <span class='ocrx_word' id='word_1_396' title='bbox 1277 3611 1308 3671; x_wconf 93' lang='lat' dir='ltr'><strong>id</strong></span> <span class='ocrx_word' id='word_1_397' title='bbox 1323 3610 1408 3690; x_wconf 88' lang='lat' dir='ltr'><strong>quod</strong></span> <span class='ocrx_word' id='word_1_398' title='bbox 1422 3627 1442 3670; x_wconf 86' lang='lat' dir='ltr'><strong>a</strong></span> <span class='ocrx_word' id='word_1_399' title='bbox 1456 3627 1523 3671; x_wconf 89' lang='lat' dir='ltr'><strong>san.</strong></span> <span class='ocrx_word' id='word_1_400' title='bbox 1536 3627 1631 3671; x_wconf 89' lang='lat' dir='ltr'><strong>mem.</strong></span> <span class='ocrx_word' id='word_1_401' title='bbox 1644 3612 1727 3671; x_wconf 76' lang='lat' dir='ltr'><strong>Pm-</strong></span> 
     </span>
     <span class='ocr_line' id='line_1_36' title="bbox 83 3697 1724 3780; baseline 0 -20"><span class='ocrx_word' id='word_1_402' title='bbox 83 3700 191 3780; x_wconf 76' lang='lat' dir='ltr'><strong>iuerit,</strong></span> <span class='ocrx_word' id='word_1_403' title='bbox 206 3717 269 3761; x_wconf 89' lang='lat' dir='ltr'><strong>non</strong></span> <span class='ocrx_word' id='word_1_404' title='bbox 284 3699 354 3761; x_wconf 90' lang='lat' dir='ltr'><strong>ideo</strong></span> <span class='ocrx_word' id='word_1_405' title='bbox 369 3698 612 3778; x_wconf 83' lang='lat' dir='ltr'><strong>sequentianno</strong></span> <span class='ocrx_word' id='word_1_406' title='bbox 628 3699 746 3760; x_wconf 89' lang='lat' dir='ltr'><strong>diutius</strong></span> <span class='ocrx_word' id='word_1_407' title='bbox 761 3698 801 3759; x_wconf 87' lang='lat' dir='ltr'><strong>ab</strong></span> <span class='ocrx_word' id='word_1_408' title='bbox 821 3701 880 3759; x_wconf 90' lang='lat' dir='ltr'><strong>Ec-</strong></span> <span class='ocrx_word' id='word_1_409' title='bbox 935 3697 1099 3759; x_wconf 87' lang='lat' dir='ltr'><strong>decessore</strong></span> <span class='ocrx_word' id='word_1_410' title='bbox 1114 3699 1233 3777; x_wconf 88' lang='lat' dir='ltr'><strong>pariter</strong></span> <span class='ocrx_word' id='word_1_411' title='bbox 1247 3701 1358 3760; x_wconf 87' lang='lat' dir='ltr'><strong>Nostro</strong></span> <span class='ocrx_word' id='word_1_412' title='bbox 1380 3698 1538 3759; x_wconf 85' lang='lat' dir='ltr'><strong>Clemente</strong></span> <span class='ocrx_word' id='word_1_413' title='bbox 1562 3700 1649 3777; x_wconf 87' lang='lat' dir='ltr'><strong>Papa</strong></span> <span class='ocrx_word' id='word_1_414' title='bbox 1671 3699 1724 3774; x_wconf 86' lang='lat' dir='ltr'><strong>Xl,</strong></span> 
     </span>
     <span class='ocr_line' id='line_1_37' title="bbox 87 3785 1727 3868; baseline -0.002 -20"><span class='ocrx_word' id='word_1_415' title='bbox 87 3789 183 3850; x_wconf 87' lang='lat' dir='ltr'><strong>clesia</strong></span> <span class='ocrx_word' id='word_1_416' title='bbox 197 3807 255 3850; x_wconf 89' lang='lat' dir='ltr'><strong>sua</strong></span> <span class='ocrx_word' id='word_1_417' title='bbox 268 3789 378 3850; x_wconf 88' lang='lat' dir='ltr'><strong>abesse</strong></span> <span class='ocrx_word' id='word_1_418' title='bbox 390 3787 507 3850; x_wconf 83' lang='lat' dir='ltr'><strong>valeat.</strong></span> <span class='ocrx_word' id='word_1_419' title='bbox 934 3787 966 3847; x_wconf 92' lang='lat' dir='ltr'><strong>in</strong></span> <span class='ocrx_word' id='word_1_420' title='bbox 981 3803 1071 3847; x_wconf 90' lang='lat' dir='ltr'><strong>usum</strong></span> <span class='ocrx_word' id='word_1_421' title='bbox 1093 3790 1276 3848; x_wconf 88' lang='lat' dir='ltr'><strong>revocatum</strong></span> <span class='ocrx_word' id='word_1_422' title='bbox 1294 3785 1353 3847; x_wconf 92' lang='lat' dir='ltr'><strong>fuit</strong></span> <span class='ocrx_word' id='word_1_423' title='bbox 1376 3789 1407 3846; x_wconf 91' lang='lat' dir='ltr'><strong>et</strong></span> <span class='ocrx_word' id='word_1_424' title='bbox 1428 3785 1727 3868; x_wconf 84' lang='lat' dir='ltr'><strong>identidemperen·</strong></span> 
     </span>
     <span class='ocr_line' id='line_1_38' title="bbox 134 3873 1726 3957; baseline -0.001 -23"><span class='ocrx_word' id='word_1_425' title='bbox 134 3899 148 3935; x_wconf 83' lang='lat' dir='ltr'><strong>u</strong></span> <span class='ocrx_word' id='word_1_426' title='bbox 162 3877 363 3957; x_wconf 80' lang='lat' dir='ltr'><strong>thuonlam</strong></span> <span class='ocrx_word' id='word_1_427' title='bbox 378 3876 562 3938; x_wconf 82' lang='lat' dir='ltr'><strong>Tridentino</strong></span> <span class='ocrx_word' id='word_1_428' title='bbox 576 3875 721 3954; x_wconf 80' lang='lat' dir='ltr'><strong>synodus</strong></span> <span class='ocrx_word' id='word_1_429' title='bbox 742 3876 802 3938; x_wconf 90' lang='lat' dir='ltr'><strong>sub</strong></span> <span class='ocrx_word' id='word_1_430' title='bbox 822 3880 880 3940; x_wconf 87' lang='lat' dir='ltr'><strong>Le-</strong></span> <span class='ocrx_word' id='word_1_431' title='bbox 925 3881 1012 3951; x_wconf 81' lang='lat' dir='ltr'><strong>tum,</strong></span> <span class='ocrx_word' id='word_1_432' title='bbox 1029 3874 1266 3954; x_wconf 86' lang='lat' dir='ltr'><strong>Nobismetipsis</strong></span> <span class='ocrx_word' id='word_1_433' title='bbox 1287 3873 1452 3952; x_wconf 75' lang='lat' dir='ltr'><strong>prelatum</strong></span> <span class='ocrx_word' id='word_1_434' title='bbox 1464 3873 1635 3936; x_wconf 70' lang='lat' dir='ltr'><strong>‘secretarii</strong></span> <span class='ocrx_word' id='word_1_435' title='bbox 1655 3889 1726 3933; x_wconf 89' lang='lat' dir='ltr'><strong>mu-</strong></span> 
     </span>
     <span class='ocr_line' id='line_1_39' title="bbox 84 3960 1726 4046; baseline -0.002 -21"><span class='ocrx_word' id='word_1_436' title='bbox 84 3965 181 4046; x_wconf 81' lang='lat' dir='ltr'><strong>gibus</strong></span> <span class='ocrx_word' id='word_1_437' title='bbox 194 3967 235 4027; x_wconf 91' lang='lat' dir='ltr'><strong>de</strong></span> <span class='ocrx_word' id='word_1_438' title='bbox 251 3964 432 4026; x_wconf 84' lang='lat' dir='ltr'><strong>Residentie</strong></span> <span class='ocrx_word' id='word_1_439' title='bbox 446 3963 625 4044; x_wconf 88' lang='lat' dir='ltr'><strong>hujusmodi</strong></span> <span class='ocrx_word' id='word_1_440' title='bbox 640 3963 723 4043; x_wconf 88' lang='lat' dir='ltr'><strong>ipsos</strong></span> <span class='ocrx_word' id='word_1_441' title='bbox 739 3963 877 4024; x_wconf 89' lang='lat' dir='ltr'><strong>etiams.</strong></span> <span class='ocrx_word' id='word_1_442' title='bbox 935 3981 993 4023; x_wconf 90' lang='lat' dir='ltr'><strong>nus</strong></span> <span class='ocrx_word' id='word_1_443' title='bbox 1017 3963 1217 4041; x_wconf 85' lang='lat' dir='ltr'><strong>obeuntibus,</strong></span> <span class='ocrx_word' id='word_1_444' title='bbox 1235 3962 1479 4041; x_wconf 81' lang='lat' dir='ltr'><strong>coniectisquea</strong></span> <span class='ocrx_word' id='word_1_445' title='bbox 1493 3961 1589 4023; x_wconf 85' lang='lat' dir='ltr'><strong>Nobis</strong></span> <span class='ocrx_word' id='word_1_446' title='bbox 1614 3965 1645 4023; x_wconf 91' lang='lat' dir='ltr'><strong>et</strong></span> <span class='ocrx_word' id='word_1_447' title='bbox 1661 3960 1726 4021; x_wconf 88' lang='lat' dir='ltr'><strong>im-</strong></span> 
     </span>
     <span class='ocr_line' id='line_1_40' title="bbox 87 4049 1725 4131; baseline -0.002 -17"><span class='ocrx_word' id='word_1_448' title='bbox 87 4055 127 4116; x_wconf 81' lang='lat' dir='ltr'><strong>n.</strong></span> <span class='ocrx_word' id='word_1_449' title='bbox 144 4057 187 4116; x_wconf 84' lang='lat' dir='ltr'><strong>E.</strong></span> <span class='ocrx_word' id='word_1_450' title='bbox 213 4053 394 4116; x_wconf 87' lang='lat' dir='ltr'><strong>Cardineles</strong></span> <span class='ocrx_word' id='word_1_451' title='bbox 415 4053 599 4115; x_wconf 86' lang='lat' dir='ltr'><strong>nominatim</strong></span> <span class='ocrx_word' id='word_1_452' title='bbox 619 4051 878 4131; x_wconf 90' lang='lat' dir='ltr'><strong>comprehendit;</strong></span> <span class='ocrx_word' id='word_1_453' title='bbox 934 4049 1050 4131; x_wconf 85' lang='lat' dir='ltr'><strong>pressis</strong></span> <span class='ocrx_word' id='word_1_454' title='bbox 1069 4051 1173 4127; x_wconf 82' lang='lat' dir='ltr'><strong>Foliis,</strong></span> <span class='ocrx_word' id='word_1_455' title='bbox 1196 4069 1233 4112; x_wconf 86' lang='lat' dir='ltr'><strong>ea</strong></span> <span class='ocrx_word' id='word_1_456' title='bbox 1251 4069 1380 4130; x_wconf 86' lang='lat' dir='ltr'><strong>prorsus</strong></span> <span class='ocrx_word' id='word_1_457' title='bbox 1399 4049 1559 4128; x_wconf 88' lang='lat' dir='ltr'><strong>methodo,</strong></span> <span class='ocrx_word' id='word_1_458' title='bbox 1581 4067 1652 4130; x_wconf 69' lang='lat' dir='ltr'><strong>quse</strong></span> <span class='ocrx_word' id='word_1_459' title='bbox 1668 4067 1725 4129; x_wconf 87' lang='lat' dir='ltr'><strong>pro</strong></span> 
     </span>
    </p>
   </div>
   <div class='ocr_carea' id='block_1_3' title="bbox 92 4139 1828 4221">
    <p class='ocr_par' dir='ltr' id='par_1_3' title="bbox 92 4139 1828 4221">
     <span class='ocr_line' id='line_1_41' title="bbox 92 4139 1828 4221; baseline -0.001 -17"><span class='ocrx_word' id='word_1_460' title='bbox 92 4145 236 4221; x_wconf 70' lang='lat' dir='ltr'><strong>prelatus</strong></span> <span class='ocrx_word' id='word_1_461' title='bbox 270 4142 415 4205; x_wconf 89' lang='lat' dir='ltr'><strong>Urbanus</strong></span> <span class='ocrx_word' id='word_1_462' title='bbox 442 4141 678 4219; x_wconf 77' lang='lat' dir='ltr'><strong>Praedecessor,</strong></span> <span class='ocrx_word' id='word_1_463' title='bbox 714 4141 881 4202; x_wconf 84' lang='lat' dir='ltr'><strong>advertens</strong></span> <span class='ocrx_word' id='word_1_464' title='bbox 935 4141 1036 4201; x_wconf 85' lang='lat' dir='ltr'><strong>censis</strong></span> <span class='ocrx_word' id='word_1_465' title='bbox 1060 4141 1099 4201; x_wconf 88' lang='lat' dir='ltr'><strong>ed</strong></span> <span class='ocrx_word' id='word_1_466' title='bbox 1120 4140 1401 4220; x_wconf 79' lang='lat' dir='ltr'><strong>congregationem</strong></span> <span class='ocrx_word' id='word_1_467' title='bbox 1417 4139 1546 4200; x_wconf 91' lang='lat' dir='ltr'><strong>Concilii</strong></span> <span class='ocrx_word' id='word_1_468' title='bbox 1565 4139 1727 4219; x_wconf 84' lang='lat' dir='ltr'><strong>pertinen-</strong></span> <span class='ocrx_word' id='word_1_469' title='bbox 1825 4195 1828 4202; x_wconf 94' lang='lat'><em>.</em></span> 
     </span>
    </p>
   </div>
   <div class='ocr_carea' id='block_1_4' title="bbox 85 4228 1729 5014">
    <p class='ocr_par' dir='ltr' id='par_1_4' title="bbox 85 4228 1729 5014">
     <span class='ocr_line' id='line_1_42' title="bbox 85 4228 1221 4310; baseline -0.001 -20"><span class='ocrx_word' id='word_1_470' title='bbox 85 4243 315 4310; x_wconf 73' lang='lat' dir='ltr'><strong>‘nonnunquam</strong></span> <span class='ocrx_word' id='word_1_471' title='bbox 329 4229 465 4306; x_wconf 85' lang='lat' dir='ltr'><strong>evenire,</strong></span> <span class='ocrx_word' id='word_1_472' title='bbox 487 4229 572 4309; x_wconf 89' lang='lat' dir='ltr'><strong>quod</strong></span> <span class='ocrx_word' id='word_1_473' title='bbox 594 4229 705 4309; x_wconf 87' lang='lat' dir='ltr'><strong>aliquis</strong></span> <span class='ocrx_word' id='word_1_474' title='bbox 720 4247 758 4289; x_wconf 87' lang='lat' dir='ltr'><strong>ex</strong></span> <span class='ocrx_word' id='word_1_475' title='bbox 773 4228 882 4291; x_wconf 88' lang='lat' dir='ltr'><strong>Cerdi-</strong></span> <span class='ocrx_word' id='word_1_476' title='bbox 926 4228 1221 4290; x_wconf 47' lang='lat' dir='ltr'><strong>*tibusobservatuc</strong></span> 
     </span>
     <span class='ocr_line' id='line_1_43' title="bbox 86 4313 1727 4398; baseline -0.002 -19"><span class='ocrx_word' id='word_1_477' title='bbox 86 4317 540 4394; x_wconf 72' lang='lat' dir='ltr'><strong>nulibusalicui&#39;l‘atrierehali,</strong></span> <span class='ocrx_word' id='word_1_478' title='bbox 553 4335 607 4380; x_wconf 89' lang='lat' dir='ltr'><strong>seu</strong></span> <span class='ocrx_word' id='word_1_479' title='bbox 620 4319 879 4398; x_wconf 84' lang='lat' dir='ltr'><strong>Metropolitenee,</strong></span> <span class='ocrx_word' id='word_1_480' title='bbox 974 4339 989 4375; x_wconf 80' lang='lat' dir='ltr'><strong>n</strong></span> <span class='ocrx_word' id='word_1_481' title='bbox 1017 4319 1058 4378; x_wconf 90' lang='lat' dir='ltr'><strong>Ut</strong></span> <span class='ocrx_word' id='word_1_482' title='bbox 1080 4322 1185 4378; x_wconf 83' lang='lat' dir='ltr'><strong>eutem</strong></span> <span class='ocrx_word' id='word_1_483' title='bbox 1208 4315 1354 4396; x_wconf 80' lang='lat' dir='ltr'><strong>Episcopi</strong></span> <span class='ocrx_word' id='word_1_484' title='bbox 1371 4333 1398 4378; x_wconf 36' lang='lat' dir='ltr'><strong>*a</strong></span> <span class='ocrx_word' id='word_1_485' title='bbox 1416 4315 1484 4376; x_wconf 82' lang='lat' dir='ltr'><strong>suis</strong></span> <span class='ocrx_word' id='word_1_486' title='bbox 1504 4313 1654 4380; x_wconf 83' lang='lat' dir='ltr'><strong>Ecclesiis</strong></span> <span class='ocrx_word' id='word_1_487' title='bbox 1676 4314 1727 4375; x_wconf 83' lang='lat' dir='ltr'><strong>vel</strong></span> 
     </span>
     <span class='ocr_line' id='line_1_44' title="bbox 94 4403 1727 4489; baseline -0.002 -21"><span class='ocrx_word' id='word_1_488' title='bbox 94 4413 145 4470; x_wconf 87' lang='lat' dir='ltr'><strong>aut</strong></span> <span class='ocrx_word' id='word_1_489' title='bbox 158 4407 334 4489; x_wconf 86' lang='lat' dir='ltr'><strong>Episcopali</strong></span> <span class='ocrx_word' id='word_1_490' title='bbox 347 4407 497 4469; x_wconf 77' lang='lat' dir='ltr'><strong>Ecclesiae</strong></span> <span class='ocrx_word' id='word_1_491' title='bbox 512 4408 708 4486; x_wconf 73' lang='lat' dir='ltr'><strong>praepositus,</strong></span> <span class='ocrx_word' id='word_1_492' title='bbox 726 4425 824 4468; x_wconf 89' lang='lat' dir='ltr'><strong>unum</strong></span> <span class='ocrx_word' id='word_1_493' title='bbox 838 4407 880 4467; x_wconf 90' lang='lat' dir='ltr'><strong>si·</strong></span> <span class='ocrx_word' id='word_1_494' title='bbox 934 4404 1127 4468; x_wconf 87' lang='lat' dir='ltr'><strong>Dioecesibus</strong></span> <span class='ocrx_word' id='word_1_495' title='bbox 1139 4404 1221 4466; x_wconf 90' lang='lat' dir='ltr'><strong>licite</strong></span> <span class='ocrx_word' id='word_1_496' title='bbox 1236 4405 1345 4465; x_wconf 87' lang='lat' dir='ltr'><strong>abesse</strong></span> <span class='ocrx_word' id='word_1_497' title='bbox 1355 4403 1490 4483; x_wconf 87' lang='lat' dir='ltr'><strong>possint,</strong></span> <span class='ocrx_word' id='word_1_498' title='bbox 1503 4421 1602 4483; x_wconf 85' lang='lat' dir='ltr'><strong>quum</strong></span> <span class='ocrx_word' id='word_1_499' title='bbox 1612 4404 1727 4481; x_wconf 80' lang='lat' dir='ltr'><strong>praeter</strong></span> 
     </span>
     <span class='ocr_line' id='line_1_45' title="bbox 86 4489 1728 4576; baseline -0.002 -20"><span class='ocrx_word' id='word_1_500' title='bbox 86 4499 156 4558; x_wconf 62' lang='lat' dir='ltr'><strong>vmul</strong></span> <span class='ocrx_word' id='word_1_501' title='bbox 171 4515 208 4558; x_wconf 88' lang='lat' dir='ltr'><strong>ex</strong></span> <span class='ocrx_word' id='word_1_502' title='bbox 223 4495 462 4576; x_wconf 84' lang='lat' dir='ltr'><strong>Episcopetibus</strong></span> <span class='ocrx_word' id='word_1_503' title='bbox 472 4495 703 4557; x_wconf 88' lang='lat' dir='ltr'><strong>suburbicariis</strong></span> <span class='ocrx_word' id='word_1_504' title='bbox 713 4495 879 4572; x_wconf 89' lang='lat' dir='ltr'><strong>obtineret,</strong></span> <span class='ocrx_word' id='word_1_505' title='bbox 935 4511 1062 4554; x_wconf 87' lang='lat' dir='ltr'><strong>causam</strong></span> <span class='ocrx_word' id='word_1_506' title='bbox 1082 4493 1280 4569; x_wconf 90' lang='lat' dir='ltr'><strong>Cenoeieam,</strong></span> <span class='ocrx_word' id='word_1_507' title='bbox 1304 4509 1453 4571; x_wconf 86' lang='lat' dir='ltr'><strong>expressa</strong></span> <span class='ocrx_word' id='word_1_508' title='bbox 1466 4489 1728 4572; x_wconf 81' lang='lat' dir='ltr'><strong>quoquolicentia</strong></span> 
     </span>
     <span class='ocr_line' id='line_1_46' title="bbox 85 4581 1728 4663; baseline -0.002 -19"><span class='ocrx_word' id='word_1_509' title='bbox 85 4586 260 4661; x_wconf 79' lang='lat' dir='ltr'><strong>constituit,</strong></span> <span class='ocrx_word' id='word_1_510' title='bbox 278 4589 312 4646; x_wconf 91' lang='lat' dir='ltr'><strong>ut</strong></span> <span class='ocrx_word' id='word_1_511' title='bbox 326 4583 506 4663; x_wconf 87' lang='lat' dir='ltr'><strong>hujusmodi</strong></span> <span class='ocrx_word' id='word_1_512' title='bbox 521 4583 703 4646; x_wconf 88' lang='lat' dir='ltr'><strong>Cerdinnles</strong></span> <span class='ocrx_word' id='word_1_513' title='bbox 719 4583 751 4643; x_wconf 93' lang='lat' dir='ltr'><strong>in</strong></span> <span class='ocrx_word' id='word_1_514' title='bbox 767 4584 881 4663; x_wconf 90' lang='lat' dir='ltr'><strong>primo·</strong></span> <span class='ocrx_word' id='word_1_515' title='bbox 926 4583 1067 4645; x_wconf 77' lang='lat' dir='ltr'><strong>Eumeni</strong></span> <span class='ocrx_word' id='word_1_516' title='bbox 1087 4581 1257 4660; x_wconf 82' lang='lat' dir='ltr'><strong>Pontificis,</strong></span> <span class='ocrx_word' id='word_1_517' title='bbox 1280 4587 1317 4641; x_wconf 89' lang='lat' dir='ltr'><strong>ut</strong></span> <span class='ocrx_word' id='word_1_518' title='bbox 1335 4599 1431 4661; x_wconf 91' lang='lat' dir='ltr'><strong>supra</strong></span> <span class='ocrx_word' id='word_1_519' title='bbox 1450 4581 1596 4654; x_wconf 87' lang='lat' dir='ltr'><strong>diximus,</strong></span> <span class='ocrx_word' id='word_1_520' title='bbox 1618 4581 1659 4642; x_wconf 86' lang='lat' dir='ltr'><strong>sit</strong></span> <span class='ocrx_word' id='word_1_521' title='bbox 1673 4597 1728 4641; x_wconf 89' lang='lat' dir='ltr'><strong>ne-</strong></span> 
     </span>
     <span class='ocr_line' id='line_1_47' title="bbox 85 4668 1727 4751; baseline -0.001 -20"><span class='ocrx_word' id='word_1_522' title='bbox 85 4672 181 4735; x_wconf 81' lang='lat' dir='ltr'><strong>dictis</strong></span> <span class='ocrx_word' id='word_1_523' title='bbox 195 4672 353 4749; x_wconf 90' lang='lat' dir='ltr'><strong>Ecclesiis,</strong></span> <span class='ocrx_word' id='word_1_524' title='bbox 371 4690 432 4733; x_wconf 92' lang='lat' dir='ltr'><strong>non</strong></span> <span class='ocrx_word' id='word_1_525' title='bbox 448 4678 555 4732; x_wconf 88' lang='lat' dir='ltr'><strong>eutem</strong></span> <span class='ocrx_word' id='word_1_526' title='bbox 569 4671 654 4750; x_wconf 89' lang='lat' dir='ltr'><strong>apud</strong></span> <span class='ocrx_word' id='word_1_527' title='bbox 674 4671 882 4751; x_wconf 75' lang='lat' dir='ltr'><strong>Episcopatus</strong></span> <span class='ocrx_word' id='word_1_528' title='bbox 925 4671 1092 4744; x_wconf 78' lang='lat' dir='ltr'><strong>cessaria3</strong></span> <span class='ocrx_word' id='word_1_529' title='bbox 1124 4677 1255 4750; x_wconf 86' lang='lat' dir='ltr'><strong>excepto</strong></span> <span class='ocrx_word' id='word_1_530' title='bbox 1278 4687 1351 4731; x_wconf 87' lang='lat' dir='ltr'><strong>casu</strong></span> <span class='ocrx_word' id='word_1_531' title='bbox 1378 4668 1536 4749; x_wconf 74' lang='lat' dir='ltr'><strong>predicte</strong></span> <span class='ocrx_word' id='word_1_532' title='bbox 1560 4669 1727 4731; x_wconf 84' lang='lat' dir='ltr'><strong>trimestris</strong></span> 
     </span>
     <span class='ocr_line' id='line_1_48' title="bbox 99 4755 1729 4838; baseline -0.003 -17"><span class='ocrx_word' id='word_1_533' title='bbox 99 4761 345 4838; x_wconf 86' lang='lat' dir='ltr'><strong>suburbicarias,</strong></span> <span class='ocrx_word' id='word_1_534' title='bbox 361 4760 499 4821; x_wconf 89' lang='lat' dir='ltr'><strong>residere</strong></span> <span class='ocrx_word' id='word_1_535' title='bbox 516 4765 706 4822; x_wconf 88' lang='lat' dir='ltr'><strong>tenerentur.</strong></span> <span class='ocrx_word' id='word_1_536' title='bbox 924 4758 1117 4820; x_wconf 43' lang='lat' dir='ltr'><strong>*absentiae</strong></span> <span class='ocrx_word' id='word_1_537' title='bbox 1130 4757 1267 4820; x_wconf 87' lang='lat' dir='ltr'><strong>Concilio</strong></span> <span class='ocrx_word' id='word_1_538' title='bbox 1280 4757 1451 4836; x_wconf 81' lang='lat' dir='ltr'><strong>permissae,</strong></span> <span class='ocrx_word' id='word_1_539' title='bbox 1475 4774 1532 4837; x_wconf 83' lang='lat' dir='ltr'><strong>pro</strong></span> <span class='ocrx_word' id='word_1_540' title='bbox 1556 4775 1619 4836; x_wconf 89' lang='lat' dir='ltr'><strong>qua</strong></span> <span class='ocrx_word' id='word_1_541' title='bbox 1640 4755 1729 4817; x_wconf 91' lang='lat' dir='ltr'><strong>nulln</strong></span> 
     </span>
     <span class='ocr_line' id='line_1_49' title="bbox 132 4845 1729 4928; baseline -0.001 -22"><span class='ocrx_word' id='word_1_542' title='bbox 132 4871 147 4907; x_wconf 79' lang='lat' dir='ltr'><strong>c</strong></span> <span class='ocrx_word' id='word_1_543' title='bbox 164 4849 305 4928; x_wconf 75' lang='lat' dir='ltr'><strong>lienique</strong></span> <span class='ocrx_word' id='word_1_544' title='bbox 318 4851 383 4908; x_wconf 85' lang='lat' dir='ltr'><strong>tam</strong></span> <span class='ocrx_word' id='word_1_545' title='bbox 397 4847 428 4908; x_wconf 92' lang='lat' dir='ltr'><strong>in</strong></span> <span class='ocrx_word' id='word_1_546' title='bbox 443 4847 594 4926; x_wconf 83' lang='lat' dir='ltr'><strong>praedioto</strong></span> <span class='ocrx_word' id='word_1_547' title='bbox 613 4847 762 4922; x_wconf 83' lang='lat' dir='ltr'><strong>Concilio,</strong></span> <span class='ocrx_word' id='word_1_548' title='bbox 784 4861 880 4926; x_wconf 85' lang='lat' dir='ltr'><strong>quem</strong></span> <span class='ocrx_word' id='word_1_549' title='bbox 934 4847 1101 4928; x_wconf 89' lang='lat' dir='ltr'><strong>peculiaris</strong></span> <span class='ocrx_word' id='word_1_550' title='bbox 1115 4847 1285 4927; x_wconf 81' lang='lat' dir='ltr'><strong>requiritur</strong></span> <span class='ocrx_word' id='word_1_551' title='bbox 1296 4845 1433 4922; x_wconf 87' lang='lat' dir='ltr'><strong>licentia,</strong></span> <span class='ocrx_word' id='word_1_552' title='bbox 1446 4862 1543 4925; x_wconf 82' lang='lat' dir='ltr'><strong>quam</strong></span> <span class='ocrx_word' id='word_1_553' title='bbox 1554 4845 1638 4906; x_wconf 89' lang='lat' dir='ltr'><strong>idem</strong></span> <span class='ocrx_word' id='word_1_554' title='bbox 1646 4847 1729 4907; x_wconf 86' lang='lat' dir='ltr'><strong>Cun-</strong></span> 
     </span>
     <span class='ocr_line' id='line_1_50' title="bbox 89 4930 1727 5014; baseline -0.001 -18"><span class='ocrx_word' id='word_1_555' title='bbox 89 4935 127 4997; x_wconf 90' lang='lat' dir='ltr'><strong>·in</strong></span> <span class='ocrx_word' id='word_1_556' title='bbox 142 4938 234 5002; x_wconf 80' lang='lat' dir='ltr'><strong>ritate</strong></span> <span class='ocrx_word' id='word_1_557' title='bbox 248 4936 365 5000; x_wconf 87' lang='lat' dir='ltr'><strong>Urbani</strong></span> <span class='ocrx_word' id='word_1_558' title='bbox 388 4937 626 5012; x_wconf 88' lang='lat' dir='ltr'><strong>Constitutione,</strong></span> <span class='ocrx_word' id='word_1_559' title='bbox 649 4939 760 4997; x_wconf 87' lang='lat' dir='ltr'><strong>eontra</strong></span> <span class='ocrx_word' id='word_1_560' title='bbox 779 4939 881 4996; x_wconf 88' lang='lat' dir='ltr'><strong>trans·</strong></span> <span class='ocrx_word' id='word_1_561' title='bbox 935 4935 1040 4996; x_wconf 89' lang='lat' dir='ltr'><strong>cilium</strong></span> <span class='ocrx_word' id='word_1_562' title='bbox 1048 4935 1275 5014; x_wconf 85' lang='lat' dir='ltr'><strong>Episcoporum</strong></span> <span class='ocrx_word' id='word_1_563' title='bbox 1283 4930 1727 4996; x_wconf 79' lang='lat' dir='ltr'><strong>abscedentiumccnscientiae</strong></span> 
     </span>
    </p>
   </div>
   <div class='ocr_carea' id='block_1_5' title="bbox 89 5019 1849 5105">
    <p class='ocr_par' dir='ltr' id='par_1_5' title="bbox 89 5019 1849 5105">
     <span class='ocr_line' id='line_1_51' title="bbox 89 5019 1849 5105; baseline -0.001 -23"><span class='ocrx_word' id='word_1_564' title='bbox 89 5039 248 5101; x_wconf 79' lang='lat' dir='ltr'><strong>gressuros</strong></span> <span class='ocrx_word' id='word_1_565' title='bbox 263 5023 586 5105; x_wconf 81' lang='lat' dir='ltr'><strong>hujusmodibegum,</strong></span> <span class='ocrx_word' id='word_1_566' title='bbox 601 5022 880 5104; x_wconf 78' lang='lat' dir='ltr'><strong>quaedflesiden-</strong></span> <span class='ocrx_word' id='word_1_567' title='bbox 935 5024 1109 5103; x_wconf 85' lang='lat' dir='ltr'><strong>relinquet,</strong></span> <span class='ocrx_word' id='word_1_568' title='bbox 1138 5023 1176 5082; x_wconf 89' lang='lat' dir='ltr'><strong>de</strong></span> <span class='ocrx_word' id='word_1_569' title='bbox 1201 5021 1348 5103; x_wconf 74' lang='lat' dir='ltr'><strong>equitate</strong></span> <span class='ocrx_word' id='word_1_570' title='bbox 1370 5036 1473 5082; x_wconf 75' lang='lat' dir='ltr'><strong>eausa</strong></span> <span class='ocrx_word' id='word_1_571' title='bbox 1494 5019 1650 5100; x_wconf 85' lang='lat' dir='ltr'><strong>judicium</strong></span> <span class='ocrx_word' id='word_1_572' title='bbox 1680 5020 1727 5080; x_wconf 81' lang='lat' dir='ltr'><strong>la-</strong></span> <span class='ocrx_word' id='word_1_573' title='bbox 1845 5054 1849 5060; x_wconf 91' lang='lat'>·</span> 
     </span>
    </p>
   </div>
   <div class='ocr_carea' id='block_1_6' title="bbox 89 5107 1728 5552">
    <p class='ocr_par' dir='ltr' id='par_1_6' title="bbox 89 5107 1728 5552">
     <span class='ocr_line' id='line_1_52' title="bbox 89 5107 1728 5194; baseline -0.002 -22"><span class='ocrx_word' id='word_1_574' title='bbox 89 5111 169 5173; x_wconf 61' lang='lat' dir='ltr'><strong>*tiam</strong></span> <span class='ocrx_word' id='word_1_575' title='bbox 193 5113 374 5194; x_wconf 87' lang='lat' dir='ltr'><strong>pertinent,</strong></span> <span class='ocrx_word' id='word_1_576' title='bbox 404 5113 597 5192; x_wconf 70' lang='lat' dir='ltr'><strong>gravissimae</strong></span> <span class='ocrx_word' id='word_1_577' title='bbox 625 5131 727 5192; x_wconf 83' lang='lat' dir='ltr'><strong>pceum</strong></span> <span class='ocrx_word' id='word_1_578' title='bbox 756 5115 880 5172; x_wconf 72' lang='lat' dir='ltr'><strong>statutae</strong></span> <span class='ocrx_word' id='word_1_579' title='bbox 927 5130 1026 5185; x_wconf 80' lang='lat' dir='ltr'><strong>cere3</strong></span> <span class='ocrx_word' id='word_1_580' title='bbox 1044 5111 1117 5172; x_wconf 90' lang='lat' dir='ltr'><strong>hinc</strong></span> <span class='ocrx_word' id='word_1_581' title='bbox 1132 5117 1190 5188; x_wconf 89' lang='lat' dir='ltr'><strong>est,</strong></span> <span class='ocrx_word' id='word_1_582' title='bbox 1207 5111 1292 5190; x_wconf 82' lang='lat' dir='ltr'><strong>quod</strong></span> <span class='ocrx_word' id='word_1_583' title='bbox 1307 5126 1503 5190; x_wconf 75' lang='lat' dir='ltr'><strong>quecunque</strong></span> <span class='ocrx_word' id='word_1_584' title='bbox 1518 5107 1611 5188; x_wconf 88' lang='lat' dir='ltr'><strong>hujus</strong></span> <span class='ocrx_word' id='word_1_585' title='bbox 1629 5123 1728 5186; x_wconf 83' lang='lat' dir='ltr'><strong>gene-</strong></span> 
     </span>
     <span class='ocr_line' id='line_1_53' title="bbox 89 5195 1727 5282; baseline 0.001 -26"><span class='ocrx_word' id='word_1_586' title='bbox 89 5197 233 5276; x_wconf 85' lang='lat' dir='ltr'><strong>·iuerunt;</strong></span> <span class='ocrx_word' id='word_1_587' title='bbox 251 5219 385 5282; x_wconf 85' lang='lat' dir='ltr'><strong>quarum</strong></span> <span class='ocrx_word' id='word_1_588' title='bbox 400 5201 615 5262; x_wconf 87' lang='lat' dir='ltr'><strong>executionem</strong></span> <span class='ocrx_word' id='word_1_589' title='bbox 636 5199 720 5262; x_wconf 88' lang='lat' dir='ltr'><strong>idem</strong></span> <span class='ocrx_word' id='word_1_590' title='bbox 735 5201 881 5263; x_wconf 81' lang='lat' dir='ltr'><strong>Urbanus</strong></span> <span class='ocrx_word' id='word_1_591' title='bbox 935 5201 977 5263; x_wconf 89' lang='lat' dir='ltr'><strong>ris</strong></span> <span class='ocrx_word' id='word_1_592' title='bbox 998 5200 1156 5262; x_wconf 88' lang='lat' dir='ltr'><strong>licentiam</strong></span> <span class='ocrx_word' id='word_1_593' title='bbox 1180 5200 1254 5260; x_wconf 91' lang='lat' dir='ltr'><strong>clim</strong></span> <span class='ocrx_word' id='word_1_594' title='bbox 1273 5199 1503 5278; x_wconf 86' lang='lat' dir='ltr'><strong>indulgeretur,</strong></span> <span class='ocrx_word' id='word_1_595' title='bbox 1521 5213 1578 5274; x_wconf 89' lang='lat' dir='ltr'><strong>per</strong></span> <span class='ocrx_word' id='word_1_596' title='bbox 1591 5195 1727 5274; x_wconf 88' lang='lat' dir='ltr'><strong>speciale</strong></span> 
     </span>
     <span class='ocr_line' id='line_1_54' title="bbox 90 5283 1728 5370; baseline -0.001 -24"><span class='ocrx_word' id='word_1_597' title='bbox 90 5285 196 5351; x_wconf 63' lang='lat' dir='ltr'><strong>Primo</strong></span> <span class='ocrx_word' id='word_1_598' title='bbox 222 5290 349 5370; x_wconf 87' lang='lat' dir='ltr'><strong>quidem</strong></span> <span class='ocrx_word' id='word_1_599' title='bbox 374 5290 578 5352; x_wconf 80' lang='lat' dir='ltr'><strong>demandavit</strong></span> <span class='ocrx_word' id='word_1_600' title='bbox 599 5289 741 5352; x_wconf 82' lang='lat' dir='ltr'><strong>nuditori</strong></span> <span class='ocrx_word' id='word_1_601' title='bbox 769 5306 881 5350; x_wconf 89' lang='lat' dir='ltr'><strong>cause·</strong></span> <span class='ocrx_word' id='word_1_602' title='bbox 926 5287 1190 5367; x_wconf 89' lang='lat' dir='ltr'><strong>Chirograpbum</strong></span> <span class='ocrx_word' id='word_1_603' title='bbox 1209 5303 1305 5347; x_wconf 89' lang='lat' dir='ltr'><strong>manu</strong></span> <span class='ocrx_word' id='word_1_604' title='bbox 1324 5283 1483 5348; x_wconf 85' lang='lat' dir='ltr'><strong>Pontificis</strong></span> <span class='ocrx_word' id='word_1_605' title='bbox 1501 5283 1728 5362; x_wconf 80' lang='lat' dir='ltr'><strong>signatum-cn·</strong></span> 
     </span>
     <span class='ocr_line' id='line_1_55' title="bbox 91 5370 1728 5458; baseline 0.001 -24"><span class='ocrx_word' id='word_1_606' title='bbox 91 5378 276 5440; x_wconf 77' lang='lat' dir='ltr'><strong>¹tumCuriae</strong></span> <span class='ocrx_word' id='word_1_607' title='bbox 290 5381 429 5441; x_wconf 76' lang='lat' dir='ltr'><strong>Camere</strong></span> <span class='ocrx_word' id='word_1_608' title='bbox 441 5378 638 5458; x_wconf 73' lang='lat' dir='ltr'><strong>Apostolicre.</strong></span> <span class='ocrx_word' id='word_1_609' title='bbox 665 5377 880 5440; x_wconf 81' lang='lat' dir='ltr'><strong>Verumbien-</strong></span> <span class='ocrx_word' id='word_1_610' title='bbox 934 5376 1131 5456; x_wconf 85' lang='lat' dir='ltr'><strong>pediebetur.</strong></span> <span class='ocrx_word' id='word_1_611' title='bbox 1164 5374 1368 5438; x_wconf 84' lang='lat' dir='ltr'><strong>Postmodum</strong></span> <span class='ocrx_word' id='word_1_612' title='bbox 1394 5389 1468 5434; x_wconf 89' lang='lat' dir='ltr'><strong>vero</strong></span> <span class='ocrx_word' id='word_1_613' title='bbox 1497 5371 1643 5432; x_wconf 87' lang='lat' dir='ltr'><strong>inductus</strong></span> <span class='ocrx_word' id='word_1_614' title='bbox 1669 5370 1728 5435; x_wconf 81' lang='lat' dir='ltr'><strong>luit</strong></span> 
     </span>
     <span class='ocr_line' id='line_1_56' title="bbox 90 5457 1727 5552; baseline -0.001 -27"><span class='ocrx_word' id='word_1_615' title='bbox 90 5463 148 5527; x_wconf 58' lang='lat' dir='ltr'><strong>*oio</strong></span> <span class='ocrx_word' id='word_1_616' title='bbox 161 5470 245 5552; x_wconf 81' lang='lat' dir='ltr'><strong>poet,</strong></span> <span class='ocrx_word' id='word_1_617' title='bbox 265 5469 365 5532; x_wconf 84' lang='lat' dir='ltr'><strong>totam</strong></span> <span class='ocrx_word' id='word_1_618' title='bbox 389 5466 483 5551; x_wconf 84' lang='lat' dir='ltr'><strong>hujus</strong></span> <span class='ocrx_word' id='word_1_619' title='bbox 505 5468 645 5532; x_wconf 75' lang='lat' dir='ltr'><strong>materie</strong></span> <span class='ocrx_word' id='word_1_620' title='bbox 668 5467 880 5548; x_wconf 85' lang='lat' dir='ltr'><strong>cognitionem</strong></span> <span class='ocrx_word' id='word_1_621' title='bbox 923 5481 1003 5538; x_wconf 83' lang='lat' dir='ltr'><strong>mos</strong></span> <span class='ocrx_word' id='word_1_622' title='bbox 1016 5457 1212 5526; x_wconf 86' lang='lat' dir='ltr'><strong>describendi</strong></span> <span class='ocrx_word' id='word_1_623' title='bbox 1225 5459 1335 5526; x_wconf 83' lang='lat' dir='ltr'><strong>omnes</strong></span> <span class='ocrx_word' id='word_1_624' title='bbox 1350 5459 1528 5544; x_wconf 70' lang='lat' dir='ltr'><strong>hujumodi</strong></span> <span class='ocrx_word' id='word_1_625' title='bbox 1543 5459 1727 5538; x_wconf 65' lang='lat' dir='ltr'><strong>licentiatis</strong></span> 
     </span>
    </p>
   </div>
   <div class='ocr_carea' id='block_1_7' title="bbox 0 0 2034 6340">
    <p class='ocr_par' dir='ltr' id='par_1_7' title="bbox 0 0 2034 6340">
     <span class='ocr_line' id='line_1_57' title="bbox 0 0 2034 6340; baseline 0 0"><span class='ocrx_word' id='word_1_626' title='bbox 0 0 2034 6340; x_wconf 95' lang='lat' dir='ltr'><strong> </strong></span> 
     </span>
    </p>
   </div>
  </div>
 </body>
</html>
