3992 6336
10 460 14 477 ι

12 507 14 539 l

548 545 557 562 '
664 573 716 634 nn
745 567 1046 635 ausrrrononu.
1624 571 1680 635 rsr

14 628 17 663 t

16 682 19 724 ι

18 742 23 841 l
54 759 155 838 egelee
171 759 204 820 et
219 757 269 820 sie
284 755 459 838 improviso
481 757 573 819 simul
595 775 729 820 accensa
749 757 823 821 fuis·
880 758 1018 840 alioquin
1053 757 1198 840 quamvis
1235 762 1378 841 putasset
1413 774 1574 842 gemmam
1608 779 1676 824 esse

20 846 23 948 Ἰ
56 847 210 924 stdomus,
228 865 296 909 non
320 854 483 910 teneretur
498 848 651 911 resarcire
672 849 826 910 damnum
882 845 1019 924 lapidem
1047 847 1161 926 vilem,
1197 853 1229 910 et
1256 849 1371 911 nullius
1398 850 1536 929 valoris,
1572 848 1677 911 adbuc

13 949 25 1042 J
56 935 238 998 extrinsecum
261 937 436 998 combustae
465 935 597 1014 domus,
620 936 677 998 sed
704 941 827 1000 tantum
883 937 1045 997 teneretur
1078 939 1179 997 totum
1208 938 1345 1016 pretium
1377 939 1561 1017 restituere,
1592 937 1678 1018 quod

3 1045 14 1140 f
52 1025 235 1088 intrinsecum
250 1025 427 1088 secundum
441 1027 582 1089 valorem
597 1030 741 1107 segetum
756 1043 762 1086 :
780 1026 826 1088 uti
884 1039 977 1084 nemo
993 1022 1079 1086 dicit.

3 1143 4 1148 κ
46 1115 147 1176 latetur
160 1115 282 1178 Pallas.
314 1133 391 1195 ergo
415 1114 509 1177 etiam
534 1133 596 1176 non
616 1119 664 1176 est
678 1114 827 1195 obligatio
926 1111 1022 1193 otjtc.
1039 1115 1068 1175 l.
1098 1113 1156 1186 Oui
1184 1115 1326 1195 agnoscit
1353 1134 1386 1178 se
1414 1116 1518 1178 facere
1546 1135 1676 1198 gravem
1706 1123 1748 1169 ¹⁹8

47 1203 199 1282 reparandi
224 1204 378 1266 damnum
406 1203 619 1272 intrinsecum,
651 1203 736 1283 quod
765 1223 827 1266 non
881 1197 1041 1279 injuriam,
1067 1200 1216 1279 implicite
1239 1201 1370 1281 suscipit
1390 1204 1422 1264 in
1443 1221 1476 1264 se
1493 1222 1571 1266 onus
1589 1223 1677 1268 oom-

3 1335 5 1342 ,
50 1293 98 1354 luit
117 1292 288 1371 cognitum,
314 1297 482 1375 utrumque
506 1291 590 1354 enim
609 1298 657 1353 est
670 1310 828 1372 equepa-
881 1288 1036 1366 pensandi
1061 1307 1152 1350 omne
1176 1290 1348 1369 damnum,
1379 1291 1464 1373 quod
1489 1311 1527 1353 ex
1549 1293 1602 1357 illa
1630 1298 1679 1356 est

3 1357 5 1400 ⁵
52 1400 111 1442 rum
128 1381 268 1442 volitum.
294 1381 384 1442 Ratio
407 1381 495 1460 quasi
515 1399 535 1441 a
555 1380 651 1459 priori
677 1387 734 1458 cst,
754 1379 829 1462 quie
882 1381 1089 1436 secuturum:
1121 1379 1210 1458 atqui
1229 1377 1289 1453 boc
1315 1379 1467 1441 damnum
1491 1385 1538 1443 est
1558 1381 1677 1444 ducen-

54 1470 94 1531 lex
105 1475 219 1531 nature
234 1487 298 1531 non
309 1467 428 1531 inducit
438 1467 673 1548 obligationem,
685 1469 717 1529 iu
732 1487 829 1549 quam
882 1466 986 1524 torum
1000 1483 1180 1544 aureorum,
1197 1470 1229 1528 et
1243 1474 1390 1529 causatur
1403 1487 1461 1548 per
1482 1487 1614 1549 gravem
1630 1472 1679 1532 in-

60 1557 181 1618 bomines
208 1576 272 1618 nou
300 1559 406 1618 essent
428 1555 621 1625 consensuri,
650 1557 676 1617 si
704 1560 829 1618 antece·
879 1551 1030 1632 juniam:
1057 1572 1153 1634 ergo,
1177 1555 1221 1617 ita
1243 1559 1342 1636 Lugo.
1376 1559 1412 1618 a.
1436 1557 1574 1638 Suscipit
1598 1577 1678 1622 onus

60 1647 151 1708 denter
163 1645 202 1708 ad
225 1665 354 1708 omnem
372 1662 480 1708 casum
502 1644 700 1707 eventualem
721 1644 829 1706 fuisset
884 1641 1106 1719 compensandi
1129 1659 1221 1704 omne
1234 1641 1395 1723 damnum,
1409 1643 1491 1724 quod
1508 1663 1546 1705 ex
1560 1645 1616 1708 illa
1631 1650 1679 1710 est

61 1735 205 1814 requisitus
224 1753 335 1798 eorum
359 1753 528 1797 consensus
546 1753 552 1796 :
570 1734 657 1814 atqui
679 1733 712 1795 in
734 1735 829 1796 talem
883 1733 1077 1808 secuturum,
1093 1729 1119 1791 si
1133 1730 1211 1792 illud
1236 1731 1392 1812 cognovit,
1410 1737 1464 1794 aut
1484 1732 1533 1794 bie
1549 1737 1580 1798 et
1594 1753 1678 1796 nuno

62 1823 263 1902 obligationem
291 1843 354 1886 uon
381 1823 626 1900 consensissent,
656 1841 729 1885 nam
758 1839 830 1885 cum
884 1833 1074 1895 cognoscere
1088 1820 1202 1898 potuit,
1219 1837 1256 1881 ac
1277 1820 1395 1898 debuit,
1412 1839 1440 1882 c.
1465 1819 1491 1882 si
1512 1821 1680 1885 invincibi-

63 1929 135 1972 casus
147 1911 195 1974 bic
209 1911 250 1976 sit
262 1931 364 1990 rarus,
385 1915 416 1974 et
437 1915 584 1974 nascetur
606 1929 645 1972 ex
657 1907 830 1972 invincibili
883 1903 955 1966 liter
964 1905 1122 1985 ignoravit
1140 1925 1208 1970 esse
1222 1916 1415 1986 secuturum,
1426 1927 1457 1970 n.
1475 1927 1577 1990 neque
1591 1911 1678 1974 aliud

64 2000 226 2080 ignorantia,
252 2001 303 2063 vix
327 2002 408 2063 ullus
429 2004 515 2062 metu
529 1999 600 2062 telis
620 2017 721 2078 poeuae
736 1999 777 2061 ab
792 2017 829 2060 eo
884 1993 995 2054 volunt
1009 1997 1161 2058 ductores
1176 1996 1230 2076 qui
1245 2015 1318 2058 cum
1338 1997 1454 2059 Sanoh.
1471 1994 1580 2060 dieunt
1594 2017 1679 2061 com-

65 2087 290 2150 absterreretur:
308 2095 340 2150 et
353 2108 370 2149 e
385 2093 495 2151 contra
509 2087 618 2149 durius
633 2093 681 2148 est
696 2086 831 2148 scienter
884 2083 1047 2159 pensanda
1071 2100 1139 2143 esse
1163 2083 1269 2146 omnia
1292 2083 1409 2146 damna
1432 2103 1471 2146 ex
1490 2084 1606 2167 injusto
1622 2087 1680 2149 bo·

64 2193 243 2256 compensare
267 2177 418 2240 damnum
446 2179 490 2239 ita
512 2176 748 2239 inadvertenter
767 2175 831 2236 fac·
885 2167 1011 2230 micidio
1034 2175 1153 2249 secuta,
1178 2189 1250 2232 nam
1273 2172 1471 2251 intelligunt,
1497 2172 1522 2234 si
1545 2175 1680 2252 praevisa

64 2271 126 2341 tum,
147 2283 238 2346 quam
261 2266 395 2329 tolerare
418 2266 472 2329 tali
494 2266 590 2328 modo
612 2283 687 2328 casu
709 2263 831 2326 illatum
885 2254 1001 2319 fuerint
1024 2259 1135 2319 saltem
1161 2259 1310 2336 confuse,
1337 2259 1422 2340 quod
1446 2259 1603 2322 ordinarie
1631 2262 1676 2338 fit,

64 2353 96 2414 ab
106 2353 172 2430 ³110,
187 2372 273 2433 ergo.
886 2345 941 2404 aut
954 2342 979 2402 si
994 2343 1183 2408 vincibiliter
1197 2345 1258 2407 sint
1273 2347 1427 2426 ignorato,
1444 2347 1579 2427 qualiter
1588 2346 1681 2428 igno-

96 2440 178 2522 objte,
199 2442 326 2504 Jusfifia
356 2443 483 2523 respioit
505 2441 646 2504 medium
669 2440 730 2519 rei,
756 2457 830 2521 ergo
861 2431 950 2508 ,rari
963 2449 1087 2511 sempor
1100 2439 1344 2512 presumuntur,
1368 2435 1427 2496 nisi
1443 2435 1528 2496 aliud
1544 2438 1677 2513 constet,

65 2529 173 2608 obligat,
194 2535 228 2591 ut
249 2529 443 2609 restituatur,
470 2535 623 2610 quantum
647 2530 770 2607 aparte
785 2523 831 2587 rei
886 2519 931 2582 uti
946 2540 976 2582 a.
996 2523 1054 2584 tao
1066 2521 1258 2584 insinuatum
1271 2528 1328 2584 est.

65 2615 182 2678 nocitum
199 2619 256 2694 est,
279 2617 345 2680 sive
366 2618 459 2680 fuerit
482 2618 642 2698 cognitum
665 2616 731 2676 sive
753 2631 829 2676 non.
926 2607 1038 2671 Instat.
1055 2609 1111 2684 Oui
1124 2617 1236 2690 peccat
1255 2611 1440 2690 mortaliter,
1457 2617 1598 2675 meretur
1613 2628 1679 2692 poe·
1708 2623 1749 2672 toa

66 2704 94 2764 ll.
111 2705 143 2766 ll.
158 2722 240 2767 cons.
256 2704 505 2770 lustitiadicitur
518 2704 676 2784 respicere
690 2701 831 2764 modium
886 2715 961 2759 nam
974 2702 1135 2776 aeternam,
1151 2699 1295 2779 quamvis
1309 2700 1349 2761 de
1365 2719 1402 2761 ea
1426 2719 1488 2761 non
1504 2700 1677 2780 cogitarit:

66 2791 110 2868 rei,
131 2793 199 2872 quia
219 2793 355 2855 intendit
377 2793 588 2873 aequalitatem
612 2791 694 2853 inter
711 2790 785 2872 jura
812 2807 832 2850 a
887 2804 962 2866 ergo
977 2785 1119 2849 similiter
1133 2787 1195 2849 hic.
1213 2789 1249 2849 lt.
1267 2790 1303 2848 N.
1328 2806 1415 2850 cons.
1434 2789 1487 2867 qui
1503 2786 1679 2850 mortalitor

65 2885 136 2958 perte
145 2881 186 2942 rei
200 2881 375 2958 existentia,
391 2881 525 2961 ideoque
540 2899 603 2942 non
619 2885 666 2942 est
681 2898 760 2959 opus
774 2895 832 2957 per
886 2877 1006 2952 peccat,
1022 2875 1165 2953 agnoscit
1175 2872 1348 2952 malitiam,
1373 2893 1468 2955 quam
1487 2874 1680 2938 sufficienter

65 2967 195 3030 rationem
207 2970 342 3031 multum
357 2968 556 3048 investigare,
570 2967 645 3048 quid
660 2965 832 3046 exjustitia
886 2959 945 3022 scit
957 2979 1024 3022 esse
1043 2961 1195 3024 illativum
1210 2963 1305 3026 totius
1328 2981 1431 3043 poenae
1447 2981 1454 3022 :
1476 2962 1529 3044 qui
1553 2964 1680 3046 projicit

65 3055 119 3117 feri
130 3055 246 3136 debeat,
272 3057 329 3118 sed
351 3057 412 3118 hoc
435 3057 525 3118 facile
548 3055 715 3117 innotescit
729 3052 832 3115 consi·
886 3065 1068 3130 gemmam,
1092 3069 1155 3114 non
1178 3051 1321 3132 agnoscit
1345 3052 1498 3114 malitiam
1526 3051 1679 3115 illativum

66 3141 161 3204 deratis
179 3143 283 3222 robae,
309 3147 341 3206 et
356 3142 482 3223 juribus
500 3141 674 3204 secundum
689 3160 742 3216 se;
758 3159 831 3202 cum
886 3137 980 3199 totius
995 3137 1112 3217 damni,
1125 3139 1180 3200 sed
1195 3139 1283 3201 illum
1294 3139 1580 3202 excessumvaloris
1592 3140 1680 3221 igno·

67 3229 113 3292 boo
131 3237 229 3292 tamen
252 3236 329 3308 stat,
355 3231 440 3312 quod
466 3230 613 3292 debueris
641 3247 830 3310 cognoscere
886 3225 1328 3304 rememorationem
1349 3230 1396 3290 est
1409 3228 1584 3290 formaliter
1597 3228 1681 3309 inju-

64 3315 113 3395 jus,
126 3323 157 3380 ut
176 3317 289 3382 dicaris
311 3318 487 3380 formaliter
499 3319 628 3395 lesisse,
651 3324 683 3380 et
696 3317 832 3381 tenearis
885 3313 961 3391 rius,
979 3331 1054 3393 ergo
1072 3331 1129 3376 nec
1145 3317 1270 3375 tenetur
1284 3333 1503 3394 compensare,
1520 3313 1596 3395 quia
1611 3314 1679 3376 hec

67 3423 200 3484 reparare,
225 3405 365 3487 alioquin
388 3405 441 3484 qui
465 3405 542 3467 nihil
564 3406 649 3468 luris
673 3405 766 3466 alieni
781 3423 832 3466 co·
887 3401 1034 3480 obligatio
1049 3403 1272 3480 compensandi
1302 3402 1432 3464 deberet
1450 3403 1538 3464 nasci
1563 3421 1599 3464 ex
1615 3403 1680 3465 for-

67 3493 210 3572 guovisset‚
239 3492 343 3556 adbuc
366 3496 528 3554 teneretur
555 3511 720 3573 reparare,
747 3490 831 3573 quod
885 3489 960 3548 mali
974 3488 1099 3569 injuria.
1116 3489 1190 3551 llaec
1204 3490 1310 3551 omnia
1329 3490 1430 3570 magis
1444 3491 1562 3570 volent,
1581 3491 1606 3553 si
1621 3509 1680 3573 po-

69 3581 236 3643 uemodicit.
886 3574 975 3637 sitive
996 3577 1118 3654 putavit
1144 3578 1279 3656 pretium
1303 3597 1436 3659 gemma
1465 3597 1533 3640 esse
1561 3579 1677 3656 minue,

29 3729 31 3732 ,
98 3668 180 3752 Otjic.
196 3674 224 3732 2.
241 3673 305 3732 Lex
327 3668 426 3732 civilis
446 3669 531 3751 juste
556 3670 675 3750 obligat
690 3669 730 3730 ad
746 3687 832 3730 com·
886 3664 930 3725 uti
945 3667 1052 3743 aperte
1068 3664 1201 3727 infertur
1210 3684 1248 3727 ex
1262 3666 1405 3728 doctrina
1414 3666 1578 3747 ipsiusmet
1591 3668 1678 3746 Ilugo

66 3759 203 3835 pensanda
225 3757 341 3819 damna
363 3758 474 3838 gravia
496 3756 581 3820 illata
604 3777 661 3838 por
678 3759 765 3820 leves
779 3775 832 3818 ue-

63 3845 216 3926 gligeutias,
241 3851 277 3907 ut
298 3844 342 3906 sic
367 3845 510 3906 homines
533 3846 611 3907 fiant
639 3845 796 3906 cautiores
822 3862 829 3904 :

65 3951 125 4013 ergo
136 3936 182 3995 lox
195 3934 345 3998 naturalis
359 3933 454 3994 etiam
465 3932 548 4014 juste
565 3934 683 4014 obligat
697 3934 738 3996 ad
749 3951 832 3994 com-

63 4024 202 4100 pensanda
215 4024 331 4084 damna
344 4020 455 4102 gravia
476 4019 649 4096 intrinsece
664 4021 833 4104 conjuncta

62 4125 121 4172 eom
136 4109 252 4174 formali
276 4109 391 4191 injuria
409 4109 511 4189 gravi,
534 4110 678 4189 quamvis
693 4129 755 4172 non
770 4109 834 4171 sint

61 4200 198 4278 praevisa,
227 4205 261 4263 ut
288 4199 332 4260 sic
358 4197 501 4260 homines
529 4199 764 4261 absterreantur
791 4196 832 4259 ab

61 4283 197 4366 ejusmodi
209 4285 342 4368 injuriis,
368 4285 412 4348 ita
434 4285 497 4348 llls.
524 4289 617 4367 Resp.
643 4289 680 4349 N.
702 4305 829 4367 conseq.

60 4389 122 4436 nam
140 4377 189 4438 lex
211 4375 309 4438 civilis
331 4378 454 4436 tantum
478 4372 596 4454 obligat
619 4374 659 4436 ad
684 4391 833 4453 compen-

60 4461 145 4525 sando
161 4465 275 4526 damna
297 4461 505 4542 praecognita,
527 4469 581 4523 aut
596 4481 730 4542 quorum
754 4480 831 4542 prae-

58 4549 177 4612 sumitur
196 4549 330 4614 adfuisse
351 4549 575 4628 praecogniti03
602 4549 715 4611 deinde
730 4549 755 4611 si
780 4569 832 4611 va·

58 4631 126 4698 leret
144 4658 162 4699 a
177 4639 245 4719 lege
269 4637 350 4700 civili
373 4637 413 4699 ad
436 4637 629 4715 naturalem,
655 4655 731 4718 ergo
752 4635 833 4699 sicut

58 4723 160 4789 suflicit
187 4726 248 4807 legi
281 4725 363 4787 civili
395 4725 591 4804 praecessisse
629 4727 754 4807 culpam
785 4726 833 4786 le-

59 4826 139 4884 vem,
165 4813 207 4876 ita
237 4813 392 4876 sufficeret
418 4813 571 4891 naturali,
602 4813 687 4893 quod
716 4815 832 4894 negant

61 4897 137 4976 lugo
150 4901 249 4963 etllls.

98 4983 185 5068 Oljic.
199 4991 227 5050 3.
243 4988 410 5071 Projiciens
424 5007 582 5069 gemmam
604 4987 704 5051 voluIt
722 4988 832 5050 volun-

67 5071 121 5134 tate
141 5077 308 5138 exsecutiva
326 5077 479 5156 projicere
499 5077 569 5155 boc,
587 5077 672 5158 quod
694 5077 832 5139 habebat

886 3749 915 3814 d.
934 3754 981 3828 la,
998 3771 1028 3812 a.
1045 3755 1094 3830 90,
1120 3753 1195 3814 item
1218 3754 1244 3817 si
1265 3755 1388 3834 putavit
1410 3772 1570 3835 gemmam
1585 3755 1680 3834 perti·

886 3857 960 3900 nere
974 3840 1148 3918 partialiter
1161 3841 1202 3903 ad
1216 3861 1260 3919 se,
1274 3846 1306 3903 et
1313 3841 1443 3906 fratrem
1454 3841 1676 3918 suumCaium,

886 3932 953 3990 tum
968 3929 1051 3990 enim
1066 3948 1127 3991 non
1142 3931 1300 3993 tenebitur
1316 3932 1354 3993 dc
1371 3949 1420 4010 eo,
1438 3931 1522 4012 quod
1547 3929 1680 3993 invinci-

886 4013 990 4079 biliter
1003 4019 1125 4096 putavit
1139 4037 1207 4080 esse
1222 4038 1325 4083 suum.

928 4104 1033 4179 Ouoest.
1054 4112 1103 4170 46.
1123 4141 1164 4153 -
1181 4108 1231 4169 Ad
1246 4108 1322 4190 qaid
1343 4115 1477 4171 teneatur
1501 4105 1601 4178 Caius,
1624 4111 1681 4194 qai
1704 4167 1747 4213 m

886 4192 1026 4256 domnum
1040 4195 1143 4256 intulit
1160 4196 1255 4274 litio,
1281 4207 1400 4278 putens,
1415 4206 1443 4259 et
1462 4199 1555 4260 volens
1568 4197 1680 4280 s'nscrre

887 4281 1086 4365 Sempronio?
1100 4286 1136 4345 a.
1153 4283 1171 4362 ᾗ
1186 4286 1214 4346 l.
1231 4285 1263 4347 Si
1278 4286 1401 4364 putavit
1414 4303 1447 4347 se
1471 4285 1580 4364 furari,
1597 4305 1627 4350 v.
1644 4309 1676 4369 g.

887 4389 1003 4451 equum
1026 4371 1222 4451 Sempronio,
1249 4388 1321 4433 oum
1343 4377 1449 4435 tamen
1474 4392 1573 4455 equus
1596 4381 1679 4439 esset

886 4459 969 4537 Titii,
986 4463 1107 4522 certum
1130 4463 1178 4522 est
1200 4459 1240 4520 ad
1263 4459 1341 4522 nihil
1354 4461 1456 4522 teneri
1479 4463 1676 4541 Sempronio,

887 4549 961 4628 quia
988 4549 1106 4609 nullam
1135 4548 1163 4610 ei
1195 4545 1380 4610 damnosam
1411 4548 1559 4630 injuriam
1592 4550 1676 4612 fecit.

887 4637 976 4709 Quod
991 4637 1016 4697 si
1039 4655 1139 4716 equus
1160 4636 1264 4698 adhuc
1285 4640 1407 4714 exstet,
1431 4641 1486 4698 aut
1508 4637 1600 4702 Gaius
1621 4657 1680 4717 per

886 4726 973 4787 illum
988 4726 1027 4788 sit
1041 4726 1141 4787 lactus
1156 4725 1259 4803 ditior,
1271 4727 1365 4788 etiam
1374 4731 1493 4788 certum
1508 4731 1557 4790 est
1569 4727 1677 4789 Gaium

886 4813 986 4875 teneri
1013 4831 1051 4872 ex
1073 4831 1107 4874 re
1131 4820 1260 4892 accepta
1281 4815 1364 4876 hunc
1392 4814 1555 4876 restituere
1583 4817 1676 4879 Titio.

885 4901 965 4964 Tota
992 4901 1158 4963 difficultas
1186 4905 1257 4979 est,
1286 4920 1326 4963 an
1355 4902 1447 4964 Caius
1475 4902 1536 4964 dici
1565 4903 1680 4966 debeat

886 4987 980 5049 fuisse
1004 4988 1099 5048 etiam
1123 4987 1295 5050 formaliter
1309 4989 1442 5070 injurius
1464 4990 1564 5065 'fitio;
1582 4992 1625 5054 ita
1644 4995 1679 5054 ut

885 5077 956 5140 ideo
970 5095 1007 5138 en
1017 5077 1133 5159 injusta
1143 5079 1325 5157 acceptione
1340 5083 1485 5141 teneatur
1497 5078 1673 5158 restituere,

72 5153 205 5240 bmauu,
220 5164 366 5246 quidquid
379 5163 456 5225 illud
479 5169 560 5228 esset
576 5185 583 5227 :
609 5182 684 5244 ergo
707 5168 834 5226 tenetur
885 5163 959 5226 licet
973 5183 1031 5225 nec
1046 5182 1144 5243 equus
1156 5168 1255 5228 exstet
1269 5167 1413 5245 amplius,
1424 5185 1526 5248 neque
1537 5167 1629 5230 Gaius
1639 5189 1678 5231 ex

76 5243 357 5328 cornupetum
379 5251 617 5331 restituendum,
644 5253 687 5313 ita
709 5254 829 5314 Pallav.
886 5253 938 5314 illo
953 5253 1053 5315 lactus
1068 5255 1108 5315 sit
1123 5253 1239 5316 ditior:
1266 5255 1365 5318 teneri
1388 5255 1553 5319 restituero
1568 5256 1678 5321 dicunt

78 5329 109 5390 lt.
120 5333 215 5397 Voluit
232 5337 388 5418 projicere,
410 5339 493 5417 quod
513 5338 651 5402 habebat
665 5340 697 5401 in
720 5357 829 5415 manu,
887 5342 1002 5404 Sanoh.
1020 5343 1040 5404 l.
1057 5346 1087 5420 ἢ,
1103 5364 1128 5405 c.
1145 5347 1195 5421 23,
1211 5363 1242 5406 a.
1260 5348 1335 5417 1573
1352 5347 1429 5406 Bon.
1446 5342 1481 5406 de
1501 5344 1579 5406 licet.
1597 5344 1627 5407 d.
1645 5350 1675 5425 l,

81 5419 229 5482 amandum
248 5424 314 5501 boc,
339 5425 420 5504 quod
435 5426 652 5505 cognoscebat,
670 5445 699 5488 c.
716 5445 829 5488 secun·
885 5449 916 5511 q.
933 5434 963 5508 3,
977 5451 1010 5513 p.
1027 5432 1063 5492 ot
1077 5479 1085 5493 .
1101 5433 1119 5511 ᾖ
1134 5437 1162 5502 2,
1179 5453 1210 5494 n.
1229 5437 1240 5493 l
1257 5454 1265 5507 ;
1283 5437 1383 5495 Haun.
1405 5433 1502 5495 etalii
1521 5435 1676 5496 rationem

89 5498 151 5564 lum
163 5505 230 5586 plus,
245 5529 336 5592 quam
349 5518 598 5592 cognosceretn.
615 5517 679 5580 ant.
697 5518 729 5577 et
743 5531 829 5577 cous.
886 5521 974 5602 dant,
990 5521 1065 5601 quia
1079 5522 1171 5586 Gaius
1185 5526 1232 5585 est
1247 5524 1393 5602 veretur,
1410 5540 1486 5604 ergo
1501 5529 1548 5587 est
1560 5523 1675 5587 forma·
