<?xml version="1.0" encoding="UTF-8"?>
<!DOCTYPE html PUBLIC "-//W3C//DTD XHTML 1.0 Transitional//EN"
    "http://www.w3.org/TR/xhtml1/DTD/xhtml1-transitional.dtd">
<html xmlns="http://www.w3.org/1999/xhtml" xml:lang="en" lang="en">
 <head>
  <title>
</title>
<meta http-equiv="Content-Type" content="text/html;charset=utf-8" />
  <meta name='ocr-system' content='tesseract 3.04.00' />
  <meta name='ocr-capabilities' content='ocr_page ocr_carea ocr_par ocr_line ocrx_word'/>
</head>
<body>
  <div class='ocr_page' id='page_1' title='image "./theologiamorali01busegoog_0357.png"; bbox 0 0 3998 6344; ppageno 0'>
   <div class='ocr_carea' id='block_1_1' title="bbox 610 527 1690 594">
    <p class='ocr_par' dir='ltr' id='par_1_1' title="bbox 610 527 1690 594">
     <span class='ocr_line' id='line_1_1' title="bbox 610 527 1690 594; baseline -0.002 -2"><span class='ocrx_word' id='word_1_1' title='bbox 610 531 662 592; x_wconf 80' lang='lat' dir='ltr'>DE</span> <span class='ocrx_word' id='word_1_2' title='bbox 690 529 908 594; x_wconf 70' lang='lat' dir='ltr'>sponsionis</span> <span class='ocrx_word' id='word_1_3' title='bbox 936 530 987 592; x_wconf 83' lang='grc' dir='ltr'>ΕΤ</span> <span class='ocrx_word' id='word_1_4' title='bbox 1010 529 1126 592; x_wconf 77' lang='lat' dir='ltr'>Luna.</span> <span class='ocrx_word' id='word_1_5' title='bbox 1630 527 1690 590; x_wconf 63' lang='grc'>349</span> 
     </span>
    </p>
   </div>
   <div class='ocr_carea' id='block_1_2' title="bbox 47 708 1697 1410">
    <p class='ocr_par' dir='ltr' id='par_1_2' title="bbox 47 708 1697 1410">
     <span class='ocr_line' id='line_1_2' title="bbox 47 708 1696 796; baseline -0.001 -20"><span class='ocrx_word' id='word_1_6' title='bbox 47 711 137 778; x_wconf 91' lang='lat' dir='ltr'>dnbio</span> <span class='ocrx_word' id='word_1_7' title='bbox 151 709 344 792; x_wconf 72' lang='lat' dir='ltr'>herentem,</span> <span class='ocrx_word' id='word_1_8' title='bbox 361 731 402 777; x_wconf 90' lang='lat' dir='ltr'>an</span> <span class='ocrx_word' id='word_1_9' title='bbox 415 715 509 779; x_wconf 89' lang='lat' dir='ltr'>vellet</span> <span class='ocrx_word' id='word_1_10' title='bbox 522 715 572 779; x_wconf 88' lang='lat' dir='ltr'>vel</span> <span class='ocrx_word' id='word_1_11' title='bbox 594 715 691 780; x_wconf 89' lang='lat' dir='ltr'>nollet</span> <span class='ocrx_word' id='word_1_12' title='bbox 712 713 843 779; x_wconf 85' lang='lat' dir='ltr'>beneta·</span> <span class='ocrx_word' id='word_1_13' title='bbox 899 711 1046 796; x_wconf 86' lang='lat' dir='ltr'>quamvis</span> <span class='ocrx_word' id='word_1_14' title='bbox 1060 711 1162 776; x_wconf 88' lang='lat' dir='ltr'>victus</span> <span class='ocrx_word' id='word_1_15' title='bbox 1176 710 1274 794; x_wconf 78' lang='lat' dir='ltr'><strong>possit</strong></span> <span class='ocrx_word' id='word_1_16' title='bbox 1291 729 1325 774; x_wconf 90' lang='lat' dir='ltr'>se</span> <span class='ocrx_word' id='word_1_17' title='bbox 1345 709 1439 775; x_wconf 87' lang='lat' dir='ltr'>etiam</span> <span class='ocrx_word' id='word_1_18' title='bbox 1456 709 1487 772; x_wconf 94' lang='lat' dir='ltr'>in</span> <span class='ocrx_word' id='word_1_19' title='bbox 1504 708 1696 775; x_wconf 88' lang='lat' dir='ltr'>conscientia</span> 
     </span>
     <span class='ocr_line' id='line_1_3' title="bbox 54 799 1695 886; baseline -0.001 -23"><span class='ocrx_word' id='word_1_20' title='bbox 54 819 119 863; x_wconf 91' lang='lat' dir='ltr'>cere</span> <span class='ocrx_word' id='word_1_21' title='bbox 133 802 253 874; x_wconf 82' lang='lat' dir='ltr'>Paulo;</span> <span class='ocrx_word' id='word_1_22' title='bbox 277 801 354 863; x_wconf 89' lang='lat' dir='ltr'>item</span> <span class='ocrx_word' id='word_1_23' title='bbox 368 803 392 863; x_wconf 92' lang='lat' dir='ltr'>si</span> <span class='ocrx_word' id='word_1_24' title='bbox 416 803 508 865; x_wconf 88' lang='lat' dir='ltr'>Petro</span> <span class='ocrx_word' id='word_1_25' title='bbox 522 803 609 883; x_wconf 92' lang='lat' dir='ltr'>prior</span> <span class='ocrx_word' id='word_1_26' title='bbox 628 803 742 886; x_wconf 88' lang='lat' dir='ltr'>injuste</span> <span class='ocrx_word' id='word_1_27' title='bbox 760 804 844 864; x_wconf 90' lang='lat' dir='ltr'>intu·</span> <span class='ocrx_word' id='word_1_28' title='bbox 897 803 978 866; x_wconf 88' lang='lat' dir='ltr'>tucri</span> <span class='ocrx_word' id='word_1_29' title='bbox 1003 801 1187 882; x_wconf 77' lang='lat' dir='ltr'>exceptione</span> <span class='ocrx_word' id='word_1_30' title='bbox 1212 801 1302 882; x_wconf 81' lang='lat' dir='ltr'>legis,</span> <span class='ocrx_word' id='word_1_31' title='bbox 1324 817 1393 882; x_wconf 80' lang='lat' dir='ltr'>quae</span> <span class='ocrx_word' id='word_1_32' title='bbox 1417 819 1479 862; x_wconf 90' lang='lat' dir='ltr'>non</span> <span class='ocrx_word' id='word_1_33' title='bbox 1494 805 1548 862; x_wconf 78' lang='lat' dir='ltr'>‘est</span> <span class='ocrx_word' id='word_1_34' title='bbox 1561 817 1647 862; x_wconf 90' lang='lat' dir='ltr'>mere</span> <span class='ocrx_word' id='word_1_35' title='bbox 1661 799 1695 862; x_wconf 91' lang='lat' dir='ltr'>in</span> 
     </span>
     <span class='ocr_line' id='line_1_4' title="bbox 52 886 1693 973; baseline -0.002 -21"><span class='ocrx_word' id='word_1_36' title='bbox 52 889 136 952; x_wconf 90' lang='lat' dir='ltr'>lerim</span> <span class='ocrx_word' id='word_1_37' title='bbox 164 887 335 968; x_wconf 89' lang='lat' dir='ltr'>damnum,</span> <span class='ocrx_word' id='word_1_38' title='bbox 359 892 433 954; x_wconf 89' lang='lat' dir='ltr'>licet</span> <span class='ocrx_word' id='word_1_39' title='bbox 458 894 568 955; x_wconf 89' lang='lat' dir='ltr'>Petrus</span> <span class='ocrx_word' id='word_1_40' title='bbox 593 891 658 973; x_wconf 90' lang='lat' dir='ltr'>ipse</span> <span class='ocrx_word' id='word_1_41' title='bbox 681 893 759 955; x_wconf 93' lang='lat' dir='ltr'>illud</span> <span class='ocrx_word' id='word_1_42' title='bbox 785 891 842 954; x_wconf 83' lang='lat' dir='ltr'>sibi</span> <span class='ocrx_word' id='word_1_43' title='bbox 898 909 1025 972; x_wconf 90' lang='lat' dir='ltr'>poenam</span> <span class='ocrx_word' id='word_1_44' title='bbox 1038 889 1175 968; x_wconf 82' lang='lat' dir='ltr'>victoris,</span> <span class='ocrx_word' id='word_1_45' title='bbox 1193 891 1248 952; x_wconf 89' lang='lat' dir='ltr'>sed</span> <span class='ocrx_word' id='word_1_46' title='bbox 1264 891 1360 952; x_wconf 88' lang='lat' dir='ltr'>etiam</span> <span class='ocrx_word' id='word_1_47' title='bbox 1383 889 1414 949; x_wconf 91' lang='lat' dir='ltr'>in</span> <span class='ocrx_word' id='word_1_48' title='bbox 1436 889 1577 950; x_wconf 78' lang='lat' dir='ltr'>fauorem</span> <span class='ocrx_word' id='word_1_49' title='bbox 1601 886 1693 966; x_wconf 75' lang='lat' dir='ltr'>victi,</span> 
     </span>
     <span class='ocr_line' id='line_1_5' title="bbox 49 975 1693 1061; baseline -0.002 -21"><span class='ocrx_word' id='word_1_50' title='bbox 49 983 150 1058; x_wconf 87' lang='lat' dir='ltr'>postea</span> <span class='ocrx_word' id='word_1_51' title='bbox 171 978 258 1040; x_wconf 84' lang='lat' dir='ltr'>forte</span> <span class='ocrx_word' id='word_1_52' title='bbox 280 977 447 1043; x_wconf 90' lang='lat' dir='ltr'>intulisset.</span> <span class='ocrx_word' id='word_1_53' title='bbox 475 981 582 1043; x_wconf 77' lang='lat' dir='ltr'>videri</span> <span class='ocrx_word' id='word_1_54' title='bbox 608 986 739 1061; x_wconf 80' lang='lat' dir='ltr'><strong>possunt</strong></span> <span class='ocrx_word' id='word_1_55' title='bbox 761 980 845 1042; x_wconf 92' lang='lat' dir='ltr'>dicta</span> <span class='ocrx_word' id='word_1_56' title='bbox 898 983 933 1040; x_wconf 91' lang='lat' dir='ltr'>ut</span> <span class='ocrx_word' id='word_1_57' title='bbox 947 981 1067 1041; x_wconf 87' lang='lat' dir='ltr'>solvere</span> <span class='ocrx_word' id='word_1_58' title='bbox 1094 996 1155 1040; x_wconf 93' lang='lat' dir='ltr'>non</span> <span class='ocrx_word' id='word_1_59' title='bbox 1171 982 1327 1054; x_wconf 88' lang='lat' dir='ltr'>teneatur,</span> <span class='ocrx_word' id='word_1_60' title='bbox 1353 975 1397 1040; x_wconf 90' lang='lat' dir='ltr'>ita</span> <span class='ocrx_word' id='word_1_61' title='bbox 1420 979 1498 1038; x_wconf 80' lang='lat' dir='ltr'>Nar.</span> <span class='ocrx_word' id='word_1_62' title='bbox 1524 975 1592 1038; x_wconf 75' lang='lat' dir='ltr'>Tol.</span> <span class='ocrx_word' id='word_1_63' title='bbox 1618 975 1693 1039; x_wconf 86' lang='lat' dir='ltr'>Mol.</span> 
     </span>
     <span class='ocr_line' id='line_1_6' title="bbox 48 1061 1696 1148; baseline 0.001 -23"><span class='ocrx_word' id='word_1_64' title='bbox 48 1085 75 1126; x_wconf 87' lang='grc' dir='ltr'>ιι,</span> <span class='ocrx_word' id='word_1_65' title='bbox 90 1067 162 1138; x_wconf 75' lang='lat'>2183</span> <span class='ocrx_word' id='word_1_66' title='bbox 174 1071 226 1127; x_wconf 89' lang='lat' dir='ltr'>est</span> <span class='ocrx_word' id='word_1_67' title='bbox 241 1065 327 1127; x_wconf 91' lang='lat' dir='ltr'>enim</span> <span class='ocrx_word' id='word_1_68' title='bbox 341 1066 452 1130; x_wconf 91' lang='lat' dir='ltr'>similis</span> <span class='ocrx_word' id='word_1_69' title='bbox 466 1067 565 1129; x_wconf 85' lang='lat' dir='ltr'>ferme</span> <span class='ocrx_word' id='word_1_70' title='bbox 581 1069 670 1131; x_wconf 88' lang='lat' dir='ltr'>ratio.</span> <span class='ocrx_word' id='word_1_71' title='bbox 683 1072 713 1130; x_wconf 81' lang='lat' dir='ltr'>l.</span> <span class='ocrx_word' id='word_1_72' title='bbox 727 1067 760 1132; x_wconf 91' lang='lat' dir='ltr'>Si</span> <span class='ocrx_word' id='word_1_73' title='bbox 774 1071 845 1148; x_wconf 90' lang='lat' dir='ltr'>post</span> <span class='ocrx_word' id='word_1_74' title='bbox 897 1069 983 1130; x_wconf 90' lang='lat' dir='ltr'>Less.</span> <span class='ocrx_word' id='word_1_75' title='bbox 1010 1068 1119 1145; x_wconf 88' lang='lat' dir='ltr'>Laym.</span> <span class='ocrx_word' id='word_1_76' title='bbox 1145 1067 1223 1145; x_wconf 78' lang='lat' dir='ltr'>Lug.</span> <span class='ocrx_word' id='word_1_77' title='bbox 1240 1084 1270 1128; x_wconf 83' lang='lat' dir='ltr'>n.</span> <span class='ocrx_word' id='word_1_78' title='bbox 1287 1067 1326 1128; x_wconf 79' lang='lat'>70</span> <span class='ocrx_word' id='word_1_79' title='bbox 1340 1069 1372 1126; x_wconf 89' lang='lat' dir='ltr'>et</span> <span class='ocrx_word' id='word_1_80' title='bbox 1384 1061 1527 1144; x_wconf 88' lang='lat' dir='ltr'>pluribus</span> <span class='ocrx_word' id='word_1_81' title='bbox 1539 1061 1570 1126; x_wconf 82' lang='lat' dir='ltr'>d.</span> <span class='ocrx_word' id='word_1_82' title='bbox 1596 1065 1646 1141; x_wconf 71' lang='lat'>22,</span> <span class='ocrx_word' id='word_1_83' title='bbox 1677 1081 1696 1126; x_wconf 85' lang='lat' dir='ltr'>o</span> 
     </span>
     <span class='ocr_line' id='line_1_7' title="bbox 50 1150 1697 1233; baseline -0.001 -18"><span class='ocrx_word' id='word_1_84' title='bbox 50 1153 252 1216; x_wconf 89' lang='lat' dir='ltr'>monitionem</span> <span class='ocrx_word' id='word_1_85' title='bbox 275 1153 380 1217; x_wconf 89' lang='lat' dir='ltr'>adbuc</span> <span class='ocrx_word' id='word_1_86' title='bbox 399 1155 458 1219; x_wconf 86' lang='lat' dir='ltr'>init</span> <span class='ocrx_word' id='word_1_87' title='bbox 479 1157 592 1218; x_wconf 91' lang='lat' dir='ltr'>dubius</span> <span class='ocrx_word' id='word_1_88' title='bbox 616 1161 746 1220; x_wconf 90' lang='lat' dir='ltr'>eventus</span> <span class='ocrx_word' id='word_1_89' title='bbox 764 1157 841 1233; x_wconf 93' lang='lat' dir='ltr'>ludi,</span> <span class='ocrx_word' id='word_1_90' title='bbox 898 1175 927 1216; x_wconf 85' lang='lat' dir='ltr'>o.</span> <span class='ocrx_word' id='word_1_91' title='bbox 938 1157 988 1233; x_wconf 87' lang='lat'>30,</span> <span class='ocrx_word' id='word_1_92' title='bbox 1002 1158 1033 1217; x_wconf 92' lang='lat' dir='ltr'>et</span> <span class='ocrx_word' id='word_1_93' title='bbox 1043 1154 1122 1216; x_wconf 85' lang='lat' dir='ltr'>ratio</span> <span class='ocrx_word' id='word_1_94' title='bbox 1133 1153 1262 1216; x_wconf 91' lang='lat' dir='ltr'>ulterius</span> <span class='ocrx_word' id='word_1_95' title='bbox 1272 1158 1329 1230; x_wconf 88' lang='lat' dir='ltr'>est,</span> <span class='ocrx_word' id='word_1_96' title='bbox 1343 1153 1418 1232; x_wconf 88' lang='lat' dir='ltr'>quia</span> <span class='ocrx_word' id='word_1_97' title='bbox 1427 1151 1599 1212; x_wconf 89' lang='lat' dir='ltr'>secundum</span> <span class='ocrx_word' id='word_1_98' title='bbox 1613 1150 1697 1213; x_wconf 85' lang='lat' dir='ltr'>dicto</span> 
     </span>
     <span class='ocr_line' id='line_1_8' title="bbox 51 1237 1696 1326; baseline -0.003 -21"><span class='ocrx_word' id='word_1_99' title='bbox 51 1241 157 1305; x_wconf 87' lang='lat' dir='ltr'>Sanch.</span> <span class='ocrx_word' id='word_1_100' title='bbox 191 1242 275 1305; x_wconf 91' lang='lat' dir='ltr'>dicit</span> <span class='ocrx_word' id='word_1_101' title='bbox 304 1262 367 1305; x_wconf 90' lang='lat' dir='ltr'>non</span> <span class='ocrx_word' id='word_1_102' title='bbox 400 1262 467 1306; x_wconf 91' lang='lat' dir='ltr'>esse</span> <span class='ocrx_word' id='word_1_103' title='bbox 501 1244 725 1326; x_wconf 79' lang='lat' dir='ltr'>obligationem</span> <span class='ocrx_word' id='word_1_104' title='bbox 755 1242 845 1305; x_wconf 88' lang='lat' dir='ltr'>resti·</span> <span class='ocrx_word' id='word_1_105' title='bbox 898 1261 927 1304; x_wconf 84' lang='lat' dir='ltr'>o.</span> <span class='ocrx_word' id='word_1_106' title='bbox 944 1244 1014 1319; x_wconf 76' lang='lat'>6¹17,</span> <span class='ocrx_word' id='word_1_107' title='bbox 1031 1242 1080 1303; x_wconf 90' lang='lat' dir='ltr'>cni</span> <span class='ocrx_word' id='word_1_108' title='bbox 1099 1241 1151 1322; x_wconf 85' lang='lat' dir='ltr'>jus</span> <span class='ocrx_word' id='word_1_109' title='bbox 1166 1241 1220 1302; x_wconf 87' lang='lat' dir='ltr'>dat</span> <span class='ocrx_word' id='word_1_110' title='bbox 1232 1241 1387 1302; x_wconf 88' lang='lat' dir='ltr'>actionem</span> <span class='ocrx_word' id='word_1_111' title='bbox 1402 1238 1575 1318; x_wconf 88' lang='lat' dir='ltr'>repetendi,</span> <span class='ocrx_word' id='word_1_112' title='bbox 1592 1237 1696 1300; x_wconf 89' lang='lat' dir='ltr'>eidem</span> 
     </span>
     <span class='ocr_line' id='line_1_9' title="bbox 49 1325 1697 1410; baseline -0.001 -21"><span class='ocrx_word' id='word_1_113' title='bbox 49 1329 161 1408; x_wconf 89' lang='lat' dir='ltr'>tuendi,</span> <span class='ocrx_word' id='word_1_114' title='bbox 175 1329 256 1410; x_wconf 89' lang='lat' dir='ltr'>quia</span> <span class='ocrx_word' id='word_1_115' title='bbox 270 1331 475 1410; x_wconf 88' lang='lat' dir='ltr'>Sempronius</span> <span class='ocrx_word' id='word_1_116' title='bbox 490 1350 548 1410; x_wconf 89' lang='lat' dir='ltr'>per</span> <span class='ocrx_word' id='word_1_117' title='bbox 561 1331 767 1394; x_wconf 89' lang='lat' dir='ltr'>monitionem</span> <span class='ocrx_word' id='word_1_118' title='bbox 782 1347 844 1390; x_wconf 92' lang='lat' dir='ltr'>non</span> <span class='ocrx_word' id='word_1_119' title='bbox 899 1330 994 1391; x_wconf 87' lang='lat' dir='ltr'>etiam</span> <span class='ocrx_word' id='word_1_120' title='bbox 1009 1329 1063 1390; x_wconf 87' lang='lat' dir='ltr'>dat</span> <span class='ocrx_word' id='word_1_121' title='bbox 1078 1328 1301 1408; x_wconf 77' lang='lat' dir='ltr'>exceptionem,</span> <span class='ocrx_word' id='word_1_122' title='bbox 1319 1332 1488 1408; x_wconf 88' lang='lat' dir='ltr'>antequam</span> <span class='ocrx_word' id='word_1_123' title='bbox 1512 1327 1630 1400; x_wconf 80' lang='lat' dir='ltr'>solvat3</span> <span class='ocrx_word' id='word_1_124' title='bbox 1656 1325 1697 1388; x_wconf 89' lang='lat' dir='ltr'>ad</span> 
     </span>
    </p>
   </div>
   <div class='ocr_carea' id='block_1_3' title="bbox 9 1414 1697 1506">
    <p class='ocr_par' dir='ltr' id='par_1_3' title="bbox 9 1414 1697 1506">
     <span class='ocr_line' id='line_1_10' title="bbox 9 1414 1697 1506; baseline 0 -29"><span class='ocrx_word' id='word_1_125' title='bbox 9 1469 12 1506; x_wconf 54' lang='grc' dir='ltr'><strong>ι</strong></span> <span class='ocrx_word' id='word_1_126' title='bbox 61 1415 103 1477; x_wconf 87' lang='lat' dir='ltr'>uit</span> <span class='ocrx_word' id='word_1_127' title='bbox 115 1417 308 1479; x_wconf 88' lang='lat' dir='ltr'>constitutus</span> <span class='ocrx_word' id='word_1_128' title='bbox 323 1417 356 1478; x_wconf 91' lang='lat' dir='ltr'>in</span> <span class='ocrx_word' id='word_1_129' title='bbox 370 1422 457 1493; x_wconf 89' lang='lat' dir='ltr'>tuto;</span> <span class='ocrx_word' id='word_1_130' title='bbox 475 1418 531 1480; x_wconf 88' lang='lat' dir='ltr'>sed</span> <span class='ocrx_word' id='word_1_131' title='bbox 546 1419 765 1481; x_wconf 90' lang='lat' dir='ltr'>contradicunt</span> <span class='ocrx_word' id='word_1_132' title='bbox 779 1415 842 1494; x_wconf 88' lang='lat' dir='ltr'>alii,</span> <span class='ocrx_word' id='word_1_133' title='bbox 902 1418 978 1499; x_wconf 88' lang='lat' dir='ltr'>quid</span> <span class='ocrx_word' id='word_1_134' title='bbox 994 1420 1077 1480; x_wconf 90' lang='lat' dir='ltr'>enim</span> <span class='ocrx_word' id='word_1_135' title='bbox 1092 1417 1124 1479; x_wconf 94' lang='lat' dir='ltr'>in</span> <span class='ocrx_word' id='word_1_136' title='bbox 1139 1418 1198 1479; x_wconf 94' lang='lat' dir='ltr'>hoc</span> <span class='ocrx_word' id='word_1_137' title='bbox 1213 1436 1286 1479; x_wconf 89' lang='lat' dir='ltr'>casu</span> <span class='ocrx_word' id='word_1_138' title='bbox 1302 1417 1513 1479; x_wconf 86' lang='lat' dir='ltr'>essetsolvere</span> <span class='ocrx_word' id='word_1_139' title='bbox 1531 1416 1592 1477; x_wconf 94' lang='lat' dir='ltr'>hoc</span> <span class='ocrx_word' id='word_1_140' title='bbox 1611 1414 1697 1497; x_wconf 87' lang='lat' dir='ltr'>quod</span> 
     </span>
    </p>
   </div>
   <div class='ocr_carea' id='block_1_4' title="bbox 51 1503 1697 1937">
    <p class='ocr_par' dir='ltr' id='par_1_4' title="bbox 51 1503 1697 1849">
     <span class='ocr_line' id='line_1_11' title="bbox 51 1503 1696 1586; baseline 0 -20"><span class='ocrx_word' id='word_1_141' title='bbox 51 1504 91 1567; x_wconf 89' lang='lat' dir='ltr'>uti</span> <span class='ocrx_word' id='word_1_142' title='bbox 104 1507 194 1578; x_wconf 88' lang='lat' dir='ltr'>ante;</span> <span class='ocrx_word' id='word_1_143' title='bbox 212 1523 292 1566; x_wconf 85' lang='lat' dir='ltr'>nam</span> <span class='ocrx_word' id='word_1_144' title='bbox 307 1505 332 1567; x_wconf 91' lang='lat' dir='ltr'>si</span> <span class='ocrx_word' id='word_1_145' title='bbox 347 1507 552 1586; x_wconf 91' lang='lat' dir='ltr'>Sempronius</span> <span class='ocrx_word' id='word_1_146' title='bbox 570 1526 627 1586; x_wconf 90' lang='lat' dir='ltr'>per</span> <span class='ocrx_word' id='word_1_147' title='bbox 639 1505 845 1568; x_wconf 88' lang='lat' dir='ltr'>monitionem</span> <span class='ocrx_word' id='word_1_148' title='bbox 900 1505 1006 1567; x_wconf 89' lang='lat' dir='ltr'>statim</span> <span class='ocrx_word' id='word_1_149' title='bbox 1032 1509 1120 1585; x_wconf 89' lang='lat' dir='ltr'>potes</span> <span class='ocrx_word' id='word_1_150' title='bbox 1153 1505 1314 1585; x_wconf 84' lang='lat' dir='ltr'>repetere?</span> <span class='ocrx_word' id='word_1_151' title='bbox 1337 1503 1427 1567; x_wconf 88' lang='lat' dir='ltr'>Unde</span> <span class='ocrx_word' id='word_1_152' title='bbox 1460 1521 1532 1564; x_wconf 92' lang='lat' dir='ltr'>cum</span> <span class='ocrx_word' id='word_1_153' title='bbox 1561 1503 1696 1566; x_wconf 83' lang='lat' dir='ltr'>retinere</span> 
     </span>
     <span class='ocr_line' id='line_1_12' title="bbox 52 1591 1694 1673; baseline 0.002 -21"><span class='ocrx_word' id='word_1_154' title='bbox 52 1597 147 1653; x_wconf 88' lang='lat' dir='ltr'>motus</span> <span class='ocrx_word' id='word_1_155' title='bbox 168 1597 219 1654; x_wconf 86' lang='lat' dir='ltr'>est</span> <span class='ocrx_word' id='word_1_156' title='bbox 237 1592 281 1654; x_wconf 90' lang='lat' dir='ltr'>ad</span> <span class='ocrx_word' id='word_1_157' title='bbox 299 1593 484 1672; x_wconf 91' lang='lat' dir='ltr'>ludendum,</span> <span class='ocrx_word' id='word_1_158' title='bbox 505 1595 597 1658; x_wconf 83' lang='lat' dir='ltr'>Caius</span> <span class='ocrx_word' id='word_1_159' title='bbox 611 1595 670 1658; x_wconf 87' lang='lat' dir='ltr'>fuit</span> <span class='ocrx_word' id='word_1_160' title='bbox 687 1613 784 1656; x_wconf 88' lang='lat' dir='ltr'>causa</span> <span class='ocrx_word' id='word_1_161' title='bbox 797 1594 846 1656; x_wconf 90' lang='lat' dir='ltr'>in·</span> <span class='ocrx_word' id='word_1_162' title='bbox 899 1610 1004 1654; x_wconf 85' lang='lat' dir='ltr'>meam</span> <span class='ocrx_word' id='word_1_163' title='bbox 1014 1612 1080 1654; x_wconf 91' lang='lat' dir='ltr'>rem</span> <span class='ocrx_word' id='word_1_164' title='bbox 1091 1596 1121 1654; x_wconf 90' lang='lat' dir='ltr'>et</span> <span class='ocrx_word' id='word_1_165' title='bbox 1130 1592 1236 1655; x_wconf 86' lang='lat' dir='ltr'>datern</span> <span class='ocrx_word' id='word_1_166' title='bbox 1247 1592 1386 1673; x_wconf 89' lang='lat' dir='ltr'>recipere</span> <span class='ocrx_word' id='word_1_167' title='bbox 1400 1591 1619 1672; x_wconf 84' lang='lat' dir='ltr'>aequivaleent,</span> <span class='ocrx_word' id='word_1_168' title='bbox 1632 1609 1694 1655; x_wconf 87' lang='lat' dir='ltr'>non</span> 
     </span>
     <span class='ocr_line' id='line_1_13' title="bbox 51 1679 1692 1763; baseline 0.001 -21"><span class='ocrx_word' id='word_1_169' title='bbox 51 1679 206 1762; x_wconf 87' lang='lat' dir='ltr'>justaludi</span> <span class='ocrx_word' id='word_1_170' title='bbox 223 1701 230 1742; x_wconf 92' lang='lat'>:</span> <span class='ocrx_word' id='word_1_171' title='bbox 250 1700 328 1762; x_wconf 78' lang='lat' dir='ltr'>ergo</span> <span class='ocrx_word' id='word_1_172' title='bbox 343 1686 448 1744; x_wconf 86' lang='lat' dir='ltr'>manet</span> <span class='ocrx_word' id='word_1_173' title='bbox 458 1683 607 1763; x_wconf 79' lang='lat' dir='ltr'>obligatio</span> <span class='ocrx_word' id='word_1_174' title='bbox 619 1681 845 1763; x_wconf 91' lang='lat' dir='ltr'>compensandi</span> <span class='ocrx_word' id='word_1_175' title='bbox 900 1682 959 1743; x_wconf 89' lang='lat' dir='ltr'>erit</span> <span class='ocrx_word' id='word_1_176' title='bbox 973 1681 1134 1763; x_wconf 88' lang='lat' dir='ltr'>injustitia,</span> <span class='ocrx_word' id='word_1_177' title='bbox 1152 1681 1298 1762; x_wconf 89' lang='lat' dir='ltr'>inquiunt</span> <span class='ocrx_word' id='word_1_178' title='bbox 1311 1679 1421 1743; x_wconf 86' lang='lat' dir='ltr'>Tamb.</span> <span class='ocrx_word' id='word_1_179' title='bbox 1441 1700 1471 1740; x_wconf 84' lang='lat' dir='ltr'>n.</span> <span class='ocrx_word' id='word_1_180' title='bbox 1490 1683 1523 1740; x_wconf 91' lang='lat' dir='ltr'>ll</span> <span class='ocrx_word' id='word_1_181' title='bbox 1543 1682 1575 1741; x_wconf 89' lang='lat' dir='ltr'>et</span> <span class='ocrx_word' id='word_1_182' title='bbox 1600 1681 1692 1759; x_wconf 88' lang='lat' dir='ltr'>Spor.</span> 
     </span>
     <span class='ocr_line' id='line_1_14' title="bbox 54 1767 1697 1849; baseline -0.001 -17"><span class='ocrx_word' id='word_1_183' title='bbox 54 1773 145 1832; x_wconf 89' lang='lat' dir='ltr'>totnm</span> <span class='ocrx_word' id='word_1_184' title='bbox 160 1768 318 1831; x_wconf 87' lang='lat' dir='ltr'>damnum</span> <span class='ocrx_word' id='word_1_185' title='bbox 333 1789 371 1831; x_wconf 85' lang='lat' dir='ltr'>ex</span> <span class='ocrx_word' id='word_1_186' title='bbox 383 1771 458 1833; x_wconf 91' lang='lat' dir='ltr'>ludo</span> <span class='ocrx_word' id='word_1_187' title='bbox 473 1775 625 1834; x_wconf 88' lang='lat' dir='ltr'>secutum.</span> <span class='ocrx_word' id='word_1_188' title='bbox 900 1789 931 1830; x_wconf 85' lang='grc' dir='ltr'>ιι.</span> <span class='ocrx_word' id='word_1_189' title='bbox 949 1773 998 1846; x_wconf 89' lang='grc'>83,</span> <span class='ocrx_word' id='word_1_190' title='bbox 1015 1771 1149 1831; x_wconf 86' lang='lat' dir='ltr'>alterum</span> <span class='ocrx_word' id='word_1_191' title='bbox 1164 1770 1292 1830; x_wconf 89' lang='lat' dir='ltr'>modum</span> <span class='ocrx_word' id='word_1_192' title='bbox 1317 1767 1563 1830; x_wconf 84' lang='lat' dir='ltr'>commodiorem</span> <span class='ocrx_word' id='word_1_193' title='bbox 1578 1769 1697 1849; x_wconf 86' lang='lat' dir='ltr'>absque</span> 
     </span>
    </p>

    <p class='ocr_par' dir='ltr' id='par_1_5' title="bbox 88 1852 1697 1937">
     <span class='ocr_line' id='line_1_15' title="bbox 88 1852 1697 1937; baseline -0.001 -20"><span class='ocrx_word' id='word_1_194' title='bbox 88 1857 166 1936; x_wconf 75' lang='lat' dir='ltr'>§lo</span> <span class='ocrx_word' id='word_1_195' title='bbox 186 1857 374 1920; x_wconf 92' lang='lat' dir='ltr'>Secundum</span> <span class='ocrx_word' id='word_1_196' title='bbox 389 1859 441 1937; x_wconf 90' lang='lat' dir='ltr'>Sa,</span> <span class='ocrx_word' id='word_1_197' title='bbox 458 1878 487 1920; x_wconf 90' lang='lat' dir='ltr'>v.</span> <span class='ocrx_word' id='word_1_198' title='bbox 505 1857 609 1921; x_wconf 84' lang='lat' dir='ltr'>Ludos</span> <span class='ocrx_word' id='word_1_199' title='bbox 628 1879 659 1920; x_wconf 84' lang='lat' dir='ltr'>n.</span> <span class='ocrx_word' id='word_1_200' title='bbox 677 1861 705 1937; x_wconf 93' lang='lat' dir='ltr'>l,</span> <span class='ocrx_word' id='word_1_201' title='bbox 723 1875 785 1918; x_wconf 92' lang='lat' dir='ltr'>non</span> <span class='ocrx_word' id='word_1_202' title='bbox 800 1857 848 1916; x_wconf 89' lang='lat' dir='ltr'>est</span> <span class='ocrx_word' id='word_1_203' title='bbox 901 1858 1002 1918; x_wconf 92' lang='lat' dir='ltr'>inutili</span> <span class='ocrx_word' id='word_1_204' title='bbox 1017 1857 1134 1919; x_wconf 90' lang='lat' dir='ltr'>circulo</span> <span class='ocrx_word' id='word_1_205' title='bbox 1149 1854 1376 1936; x_wconf 79' lang='lat' dir='ltr'>eligere3hinc</span> <span class='ocrx_word' id='word_1_206' title='bbox 1391 1853 1429 1916; x_wconf 88' lang='lat' dir='ltr'>L.</span> <span class='ocrx_word' id='word_1_207' title='bbox 1446 1858 1476 1930; x_wconf 61' lang='grc' dir='ltr'>ἓ,</span> <span class='ocrx_word' id='word_1_208' title='bbox 1506 1852 1697 1932; x_wconf 68' lang='lat' dir='ltr'>ffldecom·</span> 
     </span>
    </p>
   </div>
   <div class='ocr_carea' id='block_1_5' title="bbox 9 1941 1781 2202">
    <p class='ocr_par' dir='ltr' id='par_1_6' title="bbox 9 1941 1781 2202">
     <span class='ocr_line' id='line_1_16' title="bbox 9 1941 1698 2026; baseline 0.001 -20"><span class='ocrx_word' id='word_1_209' title='bbox 9 1963 11 1972; x_wconf 69' lang='grc'><strong>’</strong></span> <span class='ocrx_word' id='word_1_210' title='bbox 55 1951 212 2025; x_wconf 88' lang='lat' dir='ltr'>peccatum</span> <span class='ocrx_word' id='word_1_211' title='bbox 226 1945 339 2008; x_wconf 89' lang='lat' dir='ltr'>ludere</span> <span class='ocrx_word' id='word_1_212' title='bbox 353 1947 428 2008; x_wconf 92' lang='lat' dir='ltr'>ludo</span> <span class='ocrx_word' id='word_1_213' title='bbox 443 1945 612 2026; x_wconf 88' lang='lat' dir='ltr'>prohibito,</span> <span class='ocrx_word' id='word_1_214' title='bbox 628 1945 654 2008; x_wconf 92' lang='lat' dir='ltr'>si</span> <span class='ocrx_word' id='word_1_215' title='bbox 669 1948 725 2008; x_wconf 88' lang='lat' dir='ltr'>liat</span> <span class='ocrx_word' id='word_1_216' title='bbox 738 1943 848 2006; x_wconf 86' lang='lat' dir='ltr'>mode·</span> <span class='ocrx_word' id='word_1_217' title='bbox 896 1945 1074 2026; x_wconf 80' lang='lat' dir='ltr'>pensatione,</span> <span class='ocrx_word' id='word_1_218' title='bbox 1088 1945 1163 2006; x_wconf 86' lang='lat' dir='ltr'>dicit</span> <span class='ocrx_word' id='word_1_219' title='bbox 1174 1963 1180 2006; x_wconf 92' lang='lat'>:</span> <span class='ocrx_word' id='word_1_220' title='bbox 1191 1943 1314 2004; x_wconf 81' lang='lat' dir='ltr'>Interest</span> <span class='ocrx_word' id='word_1_221' title='bbox 1323 1951 1422 2005; x_wconf 74' lang='lat' dir='ltr'>nostru</span> <span class='ocrx_word' id='word_1_222' title='bbox 1431 1941 1533 2024; x_wconf 80' lang='lat' dir='ltr'>potr&#39;us</span> <span class='ocrx_word' id='word_1_223' title='bbox 1544 1962 1602 2006; x_wconf 81' lang='lat' dir='ltr'>oon</span> <span class='ocrx_word' id='word_1_224' title='bbox 1611 1944 1698 2007; x_wconf 83' lang='lat' dir='ltr'>soloe·</span> 
     </span>
     <span class='ocr_line' id='line_1_17' title="bbox 56 2031 1342 2114; baseline -0.003 -19"><span class='ocrx_word' id='word_1_225' title='bbox 56 2039 116 2095; x_wconf 85' lang='lat' dir='ltr'>rata</span> <span class='ocrx_word' id='word_1_226' title='bbox 129 2051 227 2096; x_wconf 88' lang='lat' dir='ltr'>causa</span> <span class='ocrx_word' id='word_1_227' title='bbox 238 2035 456 2114; x_wconf 83' lang='lat' dir='ltr'>recreationis,</span> <span class='ocrx_word' id='word_1_228' title='bbox 473 2040 529 2098; x_wconf 88' lang='lat' dir='ltr'>aut</span> <span class='ocrx_word' id='word_1_229' title='bbox 543 2056 581 2097; x_wconf 92' lang='lat' dir='ltr'>ex</span> <span class='ocrx_word' id='word_1_230' title='bbox 601 2035 664 2097; x_wconf 85' lang='lat' dir='ltr'>ulia</span> <span class='ocrx_word' id='word_1_231' title='bbox 684 2052 779 2097; x_wconf 90' lang='lat' dir='ltr'>causa</span> <span class='ocrx_word' id='word_1_232' title='bbox 794 2032 848 2093; x_wconf 91' lang='lat' dir='ltr'>bo·</span> <span class='ocrx_word' id='word_1_233' title='bbox 901 2052 944 2110; x_wconf 84' lang='lat' dir='ltr'>re,</span> <span class='ocrx_word' id='word_1_234' title='bbox 959 2051 1048 2114; x_wconf 77' lang='lat' dir='ltr'>quaro</span> <span class='ocrx_word' id='word_1_235' title='bbox 1062 2031 1191 2093; x_wconf 85' lang='lat' dir='ltr'>solutum</span> <span class='ocrx_word' id='word_1_236' title='bbox 1205 2038 1342 2112; x_wconf 81' lang='lat' dir='ltr'>repetere.</span> 
     </span>
     <span class='ocr_line' id='line_1_18' title="bbox 9 2115 1781 2202; baseline -0.002 -20"><span class='ocrx_word' id='word_1_237' title='bbox 9 2115 10 2134; x_wconf 79' lang='lat'>³</span> <span class='ocrx_word' id='word_1_238' title='bbox 57 2125 156 2197; x_wconf 86' lang='lat' dir='ltr'>oesta;</span> <span class='ocrx_word' id='word_1_239' title='bbox 186 2125 282 2202; x_wconf 84' lang='lat' dir='ltr'>putat</span> <span class='ocrx_word' id='word_1_240' title='bbox 315 2125 399 2185; x_wconf 89' lang='lat' dir='ltr'>enim</span> <span class='ocrx_word' id='word_1_241' title='bbox 430 2129 505 2188; x_wconf 88' lang='lat' dir='ltr'>tunc</span> <span class='ocrx_word' id='word_1_242' title='bbox 536 2142 659 2187; x_wconf 88' lang='lat' dir='ltr'>cessere</span> <span class='ocrx_word' id='word_1_243' title='bbox 693 2122 848 2184; x_wconf 86' lang='lat' dir='ltr'>rationem</span> <span class='ocrx_word' id='word_1_244' title='bbox 942 2119 1161 2200; x_wconf 66' lang='lat' dir='ltr'>§tbouando</span> <span class='ocrx_word' id='word_1_245' title='bbox 1172 2119 1254 2180; x_wconf 89' lang='lat' dir='ltr'>ludis</span> <span class='ocrx_word' id='word_1_246' title='bbox 1265 2120 1333 2180; x_wconf 89' lang='lat' dir='ltr'>lusu</span> <span class='ocrx_word' id='word_1_247' title='bbox 1345 2117 1500 2198; x_wconf 89' lang='lat' dir='ltr'>prohibito</span> <span class='ocrx_word' id='word_1_248' title='bbox 1512 2119 1698 2185; x_wconf 88' lang='lat' dir='ltr'>cumanimo</span> <span class='ocrx_word' id='word_1_249' title='bbox 1724 2130 1781 2180; x_wconf 73' lang='lat' dir='ltr'>toto</span> 
     </span>
    </p>
   </div>
   <div class='ocr_carea' id='block_1_6' title="bbox 9 2205 1696 2294">
    <p class='ocr_par' dir='ltr' id='par_1_7' title="bbox 9 2205 1696 2294">
     <span class='ocr_line' id='line_1_19' title="bbox 9 2205 1696 2294; baseline 0.002 -25"><span class='ocrx_word' id='word_1_250' title='bbox 9 2215 10 2218; x_wconf 76' lang='grc'>’</span> <span class='ocrx_word' id='word_1_251' title='bbox 57 2209 136 2290; x_wconf 80' lang='lat' dir='ltr'>legis.</span> <span class='ocrx_word' id='word_1_252' title='bbox 161 2213 202 2273; x_wconf 81' lang='lat' dir='ltr'>nt</span> <span class='ocrx_word' id='word_1_253' title='bbox 223 2212 340 2274; x_wconf 87' lang='lat' dir='ltr'>saltem</span> <span class='ocrx_word' id='word_1_254' title='bbox 355 2231 438 2290; x_wconf 89' lang='lat' dir='ltr'>enm,</span> <span class='ocrx_word' id='word_1_255' title='bbox 455 2212 508 2294; x_wconf 90' lang='lat' dir='ltr'>qui</span> <span class='ocrx_word' id='word_1_256' title='bbox 529 2211 609 2275; x_wconf 88' lang='lat' dir='ltr'>ludit</span> <span class='ocrx_word' id='word_1_257' title='bbox 627 2211 703 2274; x_wconf 90' lang='lat' dir='ltr'>ludo</span> <span class='ocrx_word' id='word_1_258' title='bbox 724 2227 782 2292; x_wconf 92' lang='lat' dir='ltr'>per</span> <span class='ocrx_word' id='word_1_259' title='bbox 804 2207 849 2268; x_wconf 92' lang='lat' dir='ltr'>ci·</span> <span class='ocrx_word' id='word_1_260' title='bbox 902 2207 1087 2288; x_wconf 89' lang='lat' dir='ltr'>reposcendi</span> <span class='ocrx_word' id='word_1_261' title='bbox 1115 2225 1173 2286; x_wconf 92' lang='lat' dir='ltr'>per</span> <span class='ocrx_word' id='word_1_262' title='bbox 1192 2205 1333 2288; x_wconf 88' lang='lat' dir='ltr'>judicem</span> <span class='ocrx_word' id='word_1_263' title='bbox 1361 2207 1446 2287; x_wconf 88' lang='lat' dir='ltr'>qnod</span> <span class='ocrx_word' id='word_1_264' title='bbox 1473 2208 1596 2289; x_wconf 89' lang='lat' dir='ltr'>perdes,</span> <span class='ocrx_word' id='word_1_265' title='bbox 1622 2209 1696 2273; x_wconf 86' lang='lat' dir='ltr'>Mol.</span> 
     </span>
    </p>
   </div>
   <div class='ocr_carea' id='block_1_7' title="bbox 59 2295 1699 2646">
    <p class='ocr_par' dir='ltr' id='par_1_8' title="bbox 59 2295 1699 2646">
     <span class='ocr_line' id='line_1_20' title="bbox 59 2295 1698 2382; baseline 0.001 -24"><span class='ocrx_word' id='word_1_266' title='bbox 59 2297 289 2381; x_wconf 75' lang='lat' dir='ltr'>rilesolnmjus</span> <span class='ocrx_word' id='word_1_267' title='bbox 309 2300 849 2382; x_wconf 87' lang='lat' dir='ltr'>prohibito,nonpeccare,docetur</span> <span class='ocrx_word' id='word_1_268' title='bbox 903 2296 1016 2377; x_wconf 81' lang='lat' dir='ltr'>Regin.</span> <span class='ocrx_word' id='word_1_269' title='bbox 1041 2295 1155 2358; x_wconf 87' lang='lat' dir='ltr'>Dicast.</span> <span class='ocrx_word' id='word_1_270' title='bbox 1179 2297 1264 2358; x_wconf 88' lang='lat' dir='ltr'>Less.</span> <span class='ocrx_word' id='word_1_271' title='bbox 1280 2313 1320 2372; x_wconf 79' lang='lat' dir='ltr'>¹o.</span> <span class='ocrx_word' id='word_1_272' title='bbox 1344 2295 1395 2374; x_wconf 80' lang='lat'>31,</span> <span class='ocrx_word' id='word_1_273' title='bbox 1421 2295 1529 2361; x_wconf 91' lang='lat' dir='ltr'>dicunt</span> <span class='ocrx_word' id='word_1_274' title='bbox 1544 2303 1576 2359; x_wconf 91' lang='lat' dir='ltr'>te</span> <span class='ocrx_word' id='word_1_275' title='bbox 1598 2296 1698 2360; x_wconf 90' lang='lat' dir='ltr'>teneri</span> 
     </span>
     <span class='ocr_line' id='line_1_21' title="bbox 61 2383 1699 2467; baseline 0.001 -19"><span class='ocrx_word' id='word_1_276' title='bbox 61 2387 283 2462; x_wconf 60' lang='lat' dir='ltr'>communitam</span> <span class='ocrx_word' id='word_1_277' title='bbox 301 2389 386 2450; x_wconf 89' lang='lat' dir='ltr'>idem</span> <span class='ocrx_word' id='word_1_278' title='bbox 400 2389 475 2452; x_wconf 89' lang='lat' dir='ltr'>dicit</span> <span class='ocrx_word' id='word_1_279' title='bbox 492 2408 565 2450; x_wconf 91' lang='lat' dir='ltr'>cum</span> <span class='ocrx_word' id='word_1_280' title='bbox 579 2389 647 2451; x_wconf 92' lang='lat' dir='ltr'>aliis</span> <span class='ocrx_word' id='word_1_281' title='bbox 666 2390 754 2467; x_wconf 80' lang='lat' dir='ltr'>Lago</span> <span class='ocrx_word' id='word_1_282' title='bbox 769 2405 799 2446; x_wconf 85' lang='lat' dir='ltr'>n.</span> <span class='ocrx_word' id='word_1_283' title='bbox 815 2387 846 2462; x_wconf 83' lang='grc'>9,</span> <span class='ocrx_word' id='word_1_284' title='bbox 902 2385 1067 2449; x_wconf 88' lang='lat' dir='ltr'>restituere</span> <span class='ocrx_word' id='word_1_285' title='bbox 1093 2385 1118 2446; x_wconf 90' lang='lat' dir='ltr'>si</span> <span class='ocrx_word' id='word_1_286' title='bbox 1142 2383 1283 2462; x_wconf 89' lang='lat' dir='ltr'>lucreris,</span> <span class='ocrx_word' id='word_1_287' title='bbox 1309 2384 1383 2466; x_wconf 87' lang='lat' dir='ltr'>quia</span> <span class='ocrx_word' id='word_1_288' title='bbox 1397 2383 1473 2446; x_wconf 87' lang='lat' dir='ltr'>facis</span> <span class='ocrx_word' id='word_1_289' title='bbox 1496 2385 1603 2448; x_wconf 91' lang='lat' dir='ltr'>dolum</span> <span class='ocrx_word' id='word_1_290' title='bbox 1619 2387 1699 2449; x_wconf 86' lang='lat' dir='ltr'>dan·</span> 
     </span>
     <span class='ocr_line' id='line_1_22' title="bbox 61 2469 1696 2557; baseline 0.001 -23"><span class='ocrx_word' id='word_1_291' title='bbox 61 2479 196 2552; x_wconf 84' lang='lat' dir='ltr'>respectu</span> <span class='ocrx_word' id='word_1_292' title='bbox 210 2475 381 2538; x_wconf 88' lang='lat' dir='ltr'>Laicorum</span> <span class='ocrx_word' id='word_1_293' title='bbox 397 2476 436 2538; x_wconf 89' lang='lat' dir='ltr'>de</span> <span class='ocrx_word' id='word_1_294' title='bbox 459 2477 579 2539; x_wconf 87' lang='lat' dir='ltr'>lusibus</span> <span class='ocrx_word' id='word_1_295' title='bbox 595 2477 667 2557; x_wconf 87' lang='lat' dir='ltr'>jure</span> <span class='ocrx_word' id='word_1_296' title='bbox 690 2469 848 2536; x_wconf 90' lang='lat' dir='ltr'>communi</span> <span class='ocrx_word' id='word_1_297' title='bbox 902 2479 967 2536; x_wconf 91' lang='lat' dir='ltr'>tcm</span> <span class='ocrx_word' id='word_1_298' title='bbox 991 2492 1119 2536; x_wconf 85' lang='lat' dir='ltr'>causam</span> <span class='ocrx_word' id='word_1_299' title='bbox 1144 2473 1219 2536; x_wconf 93' lang='lat' dir='ltr'>ludo</span> <span class='ocrx_word' id='word_1_300' title='bbox 1246 2475 1278 2535; x_wconf 93' lang='lat' dir='ltr'>et</span> <span class='ocrx_word' id='word_1_301' title='bbox 1304 2473 1395 2553; x_wconf 91' lang='lat' dir='ltr'>ponis</span> <span class='ocrx_word' id='word_1_302' title='bbox 1423 2472 1696 2556; x_wconf 69' lang='lat' dir='ltr'>inaequalitatem</span> 
     </span>
     <span class='ocr_line' id='line_1_23' title="bbox 63 2557 1694 2646; baseline 0.001 -22"><span class='ocrx_word' id='word_1_303' title='bbox 63 2561 211 2624; x_wconf 83' lang='lat' dir='ltr'>Canonico</span> <span class='ocrx_word' id='word_1_304' title='bbox 249 2563 437 2644; x_wconf 86' lang='lat' dir='ltr'>prohibitis,</span> <span class='ocrx_word' id='word_1_305' title='bbox 468 2565 542 2646; x_wconf 89' lang='lat' dir='ltr'>quia</span> <span class='ocrx_word' id='word_1_306' title='bbox 574 2566 660 2644; x_wconf 85' lang='lat' dir='ltr'>leges</span> <span class='ocrx_word' id='word_1_307' title='bbox 692 2562 741 2624; x_wconf 83' lang='lat' dir='ltr'>hae</span> <span class='ocrx_word' id='word_1_308' title='bbox 764 2559 848 2640; x_wconf 91' lang='lat' dir='ltr'>apud</span> <span class='ocrx_word' id='word_1_309' title='bbox 904 2561 959 2624; x_wconf 91' lang='lat' dir='ltr'>sed</span> <span class='ocrx_word' id='word_1_310' title='bbox 987 2559 1182 2624; x_wconf 84' lang='lat' dir='ltr'>Sancb.dub.</span> <span class='ocrx_word' id='word_1_311' title='bbox 1208 2563 1242 2634; x_wconf 81' lang='lat'>53</span> <span class='ocrx_word' id='word_1_312' title='bbox 1265 2561 1345 2639; x_wconf 81' lang='lat' dir='ltr'>Lug.</span> <span class='ocrx_word' id='word_1_313' title='bbox 1369 2557 1400 2621; x_wconf 79' lang='lat' dir='ltr'>d.</span> <span class='ocrx_word' id='word_1_314' title='bbox 1425 2563 1584 2638; x_wconf 74' lang='lat' dir='ltr'>31,n.5e;</span> <span class='ocrx_word' id='word_1_315' title='bbox 1602 2563 1694 2643; x_wconf 88' lang='lat' dir='ltr'>Spor.</span> 
     </span>
    </p>
   </div>
   <div class='ocr_carea' id='block_1_8' title="bbox 9 2646 1699 2730">
    <p class='ocr_par' dir='ltr' id='par_1_9' title="bbox 9 2646 1699 2730">
     <span class='ocr_line' id='line_1_24' title="bbox 9 2646 1699 2730; baseline 0 -18"><span class='ocrx_word' id='word_1_316' title='bbox 9 2653 11 2690; x_wconf 75' lang='grc' dir='ltr'>Γ</span> <span class='ocrx_word' id='word_1_317' title='bbox 62 2650 161 2712; x_wconf 78' lang='lat' dir='ltr'>tricos</span> <span class='ocrx_word' id='word_1_318' title='bbox 186 2668 248 2730; x_wconf 90' lang='lat' dir='ltr'>per</span> <span class='ocrx_word' id='word_1_319' title='bbox 275 2651 467 2714; x_wconf 85' lang='lat' dir='ltr'>contrariam</span> <span class='ocrx_word' id='word_1_320' title='bbox 494 2651 754 2715; x_wconf 88' lang='lat' dir='ltr'>consuetudinem</span> <span class='ocrx_word' id='word_1_321' title='bbox 777 2649 850 2710; x_wconf 90' lang='lat' dir='ltr'>sunt</span> <span class='ocrx_word' id='word_1_322' title='bbox 902 2671 931 2713; x_wconf 83' lang='lat' dir='ltr'>n.</span> <span class='ocrx_word' id='word_1_323' title='bbox 943 2654 993 2728; x_wconf 69' lang='lat'>84,</span> <span class='ocrx_word' id='word_1_324' title='bbox 1010 2649 1126 2730; x_wconf 88' lang='lat' dir='ltr'>aliique</span> <span class='ocrx_word' id='word_1_325' title='bbox 1140 2666 1213 2710; x_wconf 92' lang='lat' dir='ltr'>cum</span> <span class='ocrx_word' id='word_1_326' title='bbox 1227 2646 1317 2710; x_wconf 86' lang='lat' dir='ltr'>Dian.</span> <span class='ocrx_word' id='word_1_327' title='bbox 1333 2646 1372 2710; x_wconf 82' lang='lat' dir='ltr'>R.</span> <span class='ocrx_word' id='word_1_328' title='bbox 1389 2651 1439 2726; x_wconf 77' lang='lat'>25,</span> <span class='ocrx_word' id='word_1_329' title='bbox 1452 2649 1699 2728; x_wconf 89' lang='lat' dir='ltr'>probabiliusdi-</span> 
     </span>
    </p>
   </div>
   <div class='ocr_carea' id='block_1_9' title="bbox 63 2735 1700 2819">
    <p class='ocr_par' dir='ltr' id='par_1_10' title="bbox 63 2735 1700 2819">
     <span class='ocr_line' id='line_1_25' title="bbox 63 2735 1700 2819; baseline 0.001 -21"><span class='ocrx_word' id='word_1_330' title='bbox 63 2737 265 2818; x_wconf 66' lang='lat' dir='ltr'>cumpace,</span> <span class='ocrx_word' id='word_1_331' title='bbox 283 2741 363 2801; x_wconf 81' lang='lat' dir='ltr'>Nar.</span> <span class='ocrx_word' id='word_1_332' title='bbox 390 2740 505 2803; x_wconf 86' lang='lat' dir='ltr'>Sench.</span> <span class='ocrx_word' id='word_1_333' title='bbox 523 2743 608 2802; x_wconf 89' lang='lat' dir='ltr'>Less.</span> <span class='ocrx_word' id='word_1_334' title='bbox 624 2761 656 2801; x_wconf 83' lang='lat' dir='ltr'>n.</span> <span class='ocrx_word' id='word_1_335' title='bbox 678 2742 713 2812; x_wconf 79' lang='lat'>63</span> <span class='ocrx_word' id='word_1_336' title='bbox 738 2736 846 2816; x_wconf 88' lang='lat' dir='ltr'>Steph.</span> <span class='ocrx_word' id='word_1_337' title='bbox 911 2743 986 2801; x_wconf 88' lang='lat' dir='ltr'>cunt</span> <span class='ocrx_word' id='word_1_338' title='bbox 999 2739 1109 2800; x_wconf 90' lang='lat' dir='ltr'>ludum</span> <span class='ocrx_word' id='word_1_339' title='bbox 1123 2755 1190 2798; x_wconf 89' lang='lat' dir='ltr'>esse</span> <span class='ocrx_word' id='word_1_340' title='bbox 1205 2735 1343 2800; x_wconf 85' lang='lat' dir='ltr'>validum</span> <span class='ocrx_word' id='word_1_341' title='bbox 1359 2740 1391 2798; x_wconf 93' lang='lat' dir='ltr'>et</span> <span class='ocrx_word' id='word_1_342' title='bbox 1403 2738 1529 2799; x_wconf 88' lang='lat' dir='ltr'>retineri</span> <span class='ocrx_word' id='word_1_343' title='bbox 1545 2755 1635 2819; x_wconf 86' lang='lat' dir='ltr'>posse</span> <span class='ocrx_word' id='word_1_344' title='bbox 1649 2739 1700 2800; x_wconf 92' lang='lat' dir='ltr'>lu·</span> 
     </span>
    </p>
   </div>
   <div class='ocr_carea' id='block_1_10' title="bbox 9 2824 1700 2908">
    <p class='ocr_par' dir='ltr' id='par_1_11' title="bbox 9 2824 1700 2908">
     <span class='ocr_line' id='line_1_26' title="bbox 9 2824 1700 2908; baseline 0.001 -22"><span class='ocrx_word' id='word_1_345' title='bbox 9 2895 10 2900; x_wconf 8' lang='grc' dir='ltr'>ἵ</span> <span class='ocrx_word' id='word_1_346' title='bbox 63 2842 93 2886; x_wconf 84' lang='grc' dir='ltr'>ιι.</span> <span class='ocrx_word' id='word_1_347' title='bbox 106 2827 152 2888; x_wconf 78' lang='lat' dir='ltr'>to.</span> <span class='ocrx_word' id='word_1_348' title='bbox 174 2825 287 2888; x_wconf 81' lang='lat' dir='ltr'>Talem</span> <span class='ocrx_word' id='word_1_349' title='bbox 308 2830 414 2889; x_wconf 91' lang='lat' dir='ltr'>autem</span> <span class='ocrx_word' id='word_1_350' title='bbox 432 2827 607 2890; x_wconf 88' lang='lat' dir='ltr'>lucrantem</span> <span class='ocrx_word' id='word_1_351' title='bbox 629 2825 704 2888; x_wconf 89' lang='lat' dir='ltr'>ludo</span> <span class='ocrx_word' id='word_1_352' title='bbox 726 2841 784 2906; x_wconf 89' lang='lat' dir='ltr'>per</span> <span class='ocrx_word' id='word_1_353' title='bbox 805 2825 850 2884; x_wconf 88' lang='lat' dir='ltr'>le·</span> <span class='ocrx_word' id='word_1_354' title='bbox 907 2844 1007 2904; x_wconf 88' lang='lat' dir='ltr'>orum,</span> <span class='ocrx_word' id='word_1_355' title='bbox 1024 2827 1099 2908; x_wconf 90' lang='lat' dir='ltr'>qnia</span> <span class='ocrx_word' id='word_1_356' title='bbox 1113 2825 1242 2888; x_wconf 91' lang='lat' dir='ltr'>intentio</span> <span class='ocrx_word' id='word_1_357' title='bbox 1258 2824 1450 2906; x_wconf 89' lang='lat' dir='ltr'>adimplendi</span> <span class='ocrx_word' id='word_1_358' title='bbox 1465 2844 1527 2887; x_wconf 94' lang='lat' dir='ltr'>non</span> <span class='ocrx_word' id='word_1_359' title='bbox 1542 2827 1637 2888; x_wconf 91' lang='lat' dir='ltr'>estde</span> <span class='ocrx_word' id='word_1_360' title='bbox 1652 2845 1700 2888; x_wconf 89' lang='lat' dir='ltr'>es·</span> 
     </span>
    </p>
   </div>
   <div class='ocr_carea' id='block_1_11' title="bbox 63 2911 1692 2995">
    <p class='ocr_par' dir='ltr' id='par_1_12' title="bbox 63 2911 1692 2995">
     <span class='ocr_line' id='line_1_27' title="bbox 63 2911 1692 2995; baseline 0.002 -21"><span class='ocrx_word' id='word_1_361' title='bbox 63 2929 126 2992; x_wconf 77' lang='lat' dir='ltr'>gem</span> <span class='ocrx_word' id='word_1_362' title='bbox 144 2911 252 2976; x_wconf 87' lang='lat' dir='ltr'>adhuc</span> <span class='ocrx_word' id='word_1_363' title='bbox 272 2913 433 2994; x_wconf 78' lang='lat' dir='ltr'>vigentem</span> <span class='ocrx_word' id='word_1_364' title='bbox 459 2915 616 2995; x_wconf 88' lang='lat' dir='ltr'>prohibito</span> <span class='ocrx_word' id='word_1_365' title='bbox 637 2914 735 2976; x_wconf 90' lang='lat' dir='ltr'>teneri</span> <span class='ocrx_word' id='word_1_366' title='bbox 760 2911 851 2974; x_wconf 90' lang='lat' dir='ltr'>resti·</span> <span class='ocrx_word' id='word_1_367' title='bbox 904 2914 1006 2976; x_wconf 87' lang='lat' dir='ltr'>sentia</span> <span class='ocrx_word' id='word_1_368' title='bbox 1029 2917 1247 2976; x_wconf 79' lang='lat' dir='ltr'>contractuum</span> <span class='ocrx_word' id='word_1_369' title='bbox 1272 2912 1444 2975; x_wconf 89' lang='lat' dir='ltr'>secundnm</span> <span class='ocrx_word' id='word_1_370' title='bbox 1470 2913 1596 2976; x_wconf 77' lang='lat' dir='ltr'>dictae.</span> <span class='ocrx_word' id='word_1_371' title='bbox 1620 2917 1692 2994; x_wconf 87' lang='lat'>608,</span> 
     </span>
    </p>
   </div>
   <div class='ocr_carea' id='block_1_12' title="bbox 9 2999 1698 3086">
    <p class='ocr_par' dir='ltr' id='par_1_13' title="bbox 9 2999 1698 3086">
     <span class='ocr_line' id='line_1_28' title="bbox 9 2999 1698 3086; baseline 0.002 -24"><span class='ocrx_word' id='word_1_372' title='bbox 9 3083 10 3086; x_wconf 8' lang='grc' dir='ltr'><strong>Ἴ</strong></span> <span class='ocrx_word' id='word_1_373' title='bbox 66 3005 144 3062; x_wconf 79' lang='lat' dir='ltr'>tuere</span> <span class='ocrx_word' id='word_1_374' title='bbox 181 2999 214 3062; x_wconf 94' lang='lat' dir='ltr'>in</span> <span class='ocrx_word' id='word_1_375' title='bbox 249 3001 321 3065; x_wconf 86' lang='lat' dir='ltr'>foro</span> <span class='ocrx_word' id='word_1_376' title='bbox 354 3004 551 3067; x_wconf 88' lang='lat' dir='ltr'>conscientiae</span> <span class='ocrx_word' id='word_1_377' title='bbox 586 3003 700 3065; x_wconf 86' lang='lat' dir='ltr'>docent</span> <span class='ocrx_word' id='word_1_378' title='bbox 727 3002 759 3064; x_wconf 89' lang='lat' dir='ltr'>S.</span> <span class='ocrx_word' id='word_1_379' title='bbox 788 2999 848 3062; x_wconf 81' lang='lat' dir='ltr'>Th.</span> <span class='ocrx_word' id='word_1_380' title='bbox 905 3021 980 3082; x_wconf 86' lang='lat' dir='ltr'>ergo</span> <span class='ocrx_word' id='word_1_381' title='bbox 994 3003 1168 3080; x_wconf 88' lang='lat' dir='ltr'>licetabsit,</span> <span class='ocrx_word' id='word_1_382' title='bbox 1183 3001 1276 3063; x_wconf 89' lang='lat' dir='ltr'>ludus</span> <span class='ocrx_word' id='word_1_383' title='bbox 1292 3007 1339 3064; x_wconf 90' lang='lat' dir='ltr'>est</span> <span class='ocrx_word' id='word_1_384' title='bbox 1351 3001 1495 3076; x_wconf 88' lang='lat' dir='ltr'>validus;</span> <span class='ocrx_word' id='word_1_385' title='bbox 1523 3001 1556 3063; x_wconf 91' lang='lat' dir='ltr'>in</span> <span class='ocrx_word' id='word_1_386' title='bbox 1577 3003 1698 3084; x_wconf 84' lang='lat' dir='ltr'>reliquo</span> 
     </span>
    </p>
   </div>
   <div class='ocr_carea' id='block_1_13' title="bbox 66 3088 1700 3170">
    <p class='ocr_par' dir='ltr' id='par_1_14' title="bbox 66 3088 1700 3170">
     <span class='ocr_line' id='line_1_29' title="bbox 66 3088 1700 3170; baseline 0.002 -20"><span class='ocrx_word' id='word_1_387' title='bbox 66 3088 93 3150; x_wconf 86' lang='lat' dir='ltr'>S.</span> <span class='ocrx_word' id='word_1_388' title='bbox 104 3088 219 3150; x_wconf 75' lang='lat' dir='ltr'>boner.</span> <span class='ocrx_word' id='word_1_389' title='bbox 229 3089 310 3152; x_wconf 87' lang='lat' dir='ltr'>Silv.</span> <span class='ocrx_word' id='word_1_390' title='bbox 321 3098 350 3153; x_wconf 87' lang='lat' dir='ltr'>et</span> <span class='ocrx_word' id='word_1_391' title='bbox 363 3088 421 3153; x_wconf 79' lang='lat' dir='ltr'>olii</span> <span class='ocrx_word' id='word_1_392' title='bbox 426 3113 438 3160; x_wconf 89' lang='lat'>,·</span> <span class='ocrx_word' id='word_1_393' title='bbox 447 3091 503 3153; x_wconf 93' lang='lat' dir='ltr'>sed</span> <span class='ocrx_word' id='word_1_394' title='bbox 513 3088 767 3152; x_wconf 81' lang='lat' dir='ltr'>communissima</span> <span class='ocrx_word' id='word_1_395' title='bbox 778 3104 850 3151; x_wconf 90' lang='lat' dir='ltr'>con·</span> <span class='ocrx_word' id='word_1_396' title='bbox 904 3091 971 3152; x_wconf 83' lang='lat' dir='ltr'>vult</span> <span class='ocrx_word' id='word_1_397' title='bbox 984 3090 1029 3152; x_wconf 90' lang='lat' dir='ltr'>nti</span> <span class='ocrx_word' id='word_1_398' title='bbox 1040 3089 1111 3170; x_wconf 85' lang='lat' dir='ltr'>jure</span> <span class='ocrx_word' id='word_1_399' title='bbox 1123 3108 1179 3152; x_wconf 91' lang='lat' dir='ltr'>suo</span> <span class='ocrx_word' id='word_1_400' title='bbox 1195 3093 1226 3152; x_wconf 91' lang='lat' dir='ltr'>et</span> <span class='ocrx_word' id='word_1_401' title='bbox 1238 3089 1391 3151; x_wconf 86' lang='lat' dir='ltr'>beneflcio</span> <span class='ocrx_word' id='word_1_402' title='bbox 1406 3089 1483 3170; x_wconf 86' lang='lat' dir='ltr'>legis</span> <span class='ocrx_word' id='word_1_403' title='bbox 1499 3090 1700 3153; x_wconf 84' lang='lat' dir='ltr'>concedentis</span> 
     </span>
    </p>
   </div>
   <div class='ocr_carea' id='block_1_14' title="bbox 66 3175 1700 3261">
    <p class='ocr_par' dir='ltr' id='par_1_15' title="bbox 9 3165 1700 3261">
     <span class='ocr_line' id='line_1_30' title="bbox 66 3175 1700 3261; baseline 0.002 -22.899"><span class='ocrx_word' id='word_1_404' title='bbox 66 3175 211 3240; x_wconf 88' lang='lat' dir='ltr'>tradicunt</span> <span class='ocrx_word' id='word_1_405' title='bbox 224 3177 292 3252; x_wconf 86' lang='lat' dir='ltr'>elii,</span> <span class='ocrx_word' id='word_1_406' title='bbox 307 3177 388 3241; x_wconf 88' lang='lat' dir='ltr'>inter</span> <span class='ocrx_word' id='word_1_407' title='bbox 402 3197 481 3261; x_wconf 87' lang='lat' dir='ltr'>quos</span> <span class='ocrx_word' id='word_1_408' title='bbox 494 3184 567 3242; x_wconf 90' lang='lat' dir='ltr'>sunt</span> <span class='ocrx_word' id='word_1_409' title='bbox 579 3180 663 3241; x_wconf 74' lang='lat' dir='ltr'>Ales.</span> <span class='ocrx_word' id='word_1_410' title='bbox 681 3180 747 3241; x_wconf 89' lang='lat' dir='ltr'>Sot.</span> <span class='ocrx_word' id='word_1_411' title='bbox 765 3177 846 3241; x_wconf 88' lang='lat' dir='ltr'>Med.</span> <span class='ocrx_word' id='word_1_412' title='bbox 905 3178 1136 3258; x_wconf 84' lang='lat' dir='ltr'>exceptionem,</span> <span class='ocrx_word' id='word_1_413' title='bbox 1153 3177 1232 3240; x_wconf 88' lang='lat' dir='ltr'>alter</span> <span class='ocrx_word' id='word_1_414' title='bbox 1250 3181 1357 3239; x_wconf 88' lang='lat' dir='ltr'>autem</span> <span class='ocrx_word' id='word_1_415' title='bbox 1380 3175 1440 3238; x_wconf 92' lang='lat' dir='ltr'>sibi</span> <span class='ocrx_word' id='word_1_416' title='bbox 1459 3177 1592 3256; x_wconf 89' lang='lat' dir='ltr'>imputet</span> <span class='ocrx_word' id='word_1_417' title='bbox 1614 3179 1700 3260; x_wconf 87' lang='lat' dir='ltr'>quod</span> 
     </span>
    </p>
   </div>
   <div class='ocr_carea' id='block_1_15' title="bbox 10 3725 18 3898">
    <p class='ocr_par' dir='ltr' id='par_1_16' title="bbox 10 3725 18 3898">
     <span class='ocr_line' id='line_1_31' title="bbox 10 3725 18 3898; baseline 0 0"><span class='ocrx_word' id='word_1_418' title='bbox 10 3725 18 3898; x_wconf 86' lang='lat' dir='ltr'>l</span> 
     </span>
    </p>
   </div>
   <div class='ocr_carea' id='block_1_16' title="bbox 10 3931 12 3964">
    <p class='ocr_par' dir='ltr' id='par_1_17' title="bbox 10 3931 12 3964">
     <span class='ocr_line' id='line_1_32' title="bbox 10 3931 12 3964; baseline 0 0"><span class='ocrx_word' id='word_1_419' title='bbox 10 3931 12 3964; x_wconf 84' lang='lat' dir='ltr'>l</span> 
     </span>
    </p>
   </div>
   <div class='ocr_carea' id='block_1_17' title="bbox 10 3264 1699 3348">
    <p class='ocr_par' dir='ltr' id='par_1_18' title="bbox 10 3264 1699 3348">
     <span class='ocr_line' id='line_1_33' title="bbox 10 3264 1699 3348; baseline 0.001 -22"><span class='ocrx_word' id='word_1_420' title='bbox 10 3275 12 3286; x_wconf 73' lang='grc'>’</span> <span class='ocrx_word' id='word_1_421' title='bbox 66 3265 132 3326; x_wconf 80' lang='lat' dir='ltr'>Adr.</span> <span class='ocrx_word' id='word_1_422' title='bbox 148 3267 260 3329; x_wconf 82' lang='lat' dir='ltr'>Covar.</span> <span class='ocrx_word' id='word_1_423' title='bbox 278 3267 352 3330; x_wconf 86' lang='lat' dir='ltr'>Mol.</span> <span class='ocrx_word' id='word_1_424' title='bbox 369 3269 464 3330; x_wconf 81' lang='lat' dir='ltr'>Trull.</span> <span class='ocrx_word' id='word_1_425' title='bbox 479 3267 594 3331; x_wconf 87' lang='lat' dir='ltr'>Dicast.</span> <span class='ocrx_word' id='word_1_426' title='bbox 609 3264 848 3331; x_wconf 85' lang='lat' dir='ltr'>Sancb.dub.l.</span> <span class='ocrx_word' id='word_1_427' title='bbox 905 3283 977 3328; x_wconf 90' lang='lat' dir='ltr'>oum</span> <span class='ocrx_word' id='word_1_428' title='bbox 1000 3265 1053 3328; x_wconf 91' lang='lat' dir='ltr'>tali</span> <span class='ocrx_word' id='word_1_429' title='bbox 1077 3265 1175 3328; x_wconf 89' lang='lat' dir='ltr'>ludat.</span> <span class='ocrx_word' id='word_1_430' title='bbox 1199 3267 1307 3345; x_wconf 84' lang='lat' dir='ltr'>Neque</span> <span class='ocrx_word' id='word_1_431' title='bbox 1330 3267 1377 3326; x_wconf 88' lang='lat' dir='ltr'>est</span> <span class='ocrx_word' id='word_1_432' title='bbox 1399 3264 1606 3346; x_wconf 71' lang='lat' dir='ltr'>inequalitas,</span> <span class='ocrx_word' id='word_1_433' title='bbox 1623 3266 1699 3348; x_wconf 88' lang='lat' dir='ltr'>quia</span> 
     </span>
    </p>
   </div>
   <div class='ocr_carea' id='block_1_18' title="bbox 66 3351 1782 3879">
    <p class='ocr_par' dir='ltr' id='par_1_19' title="bbox 66 3351 1694 3524">
     <span class='ocr_line' id='line_1_34' title="bbox 66 3351 1694 3436; baseline 0.002 -22"><span class='ocrx_word' id='word_1_434' title='bbox 66 3351 140 3414; x_wconf 78' lang='lat' dir='ltr'>bees</span> <span class='ocrx_word' id='word_1_435' title='bbox 158 3352 180 3416; x_wconf 84' lang='lat' dir='ltr'>l.</span> <span class='ocrx_word' id='word_1_436' title='bbox 196 3357 228 3432; x_wconf 81' lang='lat'>2,</span> <span class='ocrx_word' id='word_1_437' title='bbox 241 3373 269 3416; x_wconf 87' lang='lat' dir='ltr'>c.</span> <span class='ocrx_word' id='word_1_438' title='bbox 286 3357 337 3432; x_wconf 81' lang='lat'>26,</span> <span class='ocrx_word' id='word_1_439' title='bbox 354 3373 385 3418; x_wconf 83' lang='lat' dir='ltr'>o.</span> <span class='ocrx_word' id='word_1_440' title='bbox 403 3359 461 3430; x_wconf 75' lang='lat' dir='ltr'>l&#39;l,</span> <span class='ocrx_word' id='word_1_441' title='bbox 477 3355 569 3419; x_wconf 86' lang='lat' dir='ltr'>Dian.</span> <span class='ocrx_word' id='word_1_442' title='bbox 584 3353 623 3418; x_wconf 87' lang='lat' dir='ltr'>It.</span> <span class='ocrx_word' id='word_1_443' title='bbox 640 3360 675 3429; x_wconf 55' lang='grc' dir='ltr'>ἲς</span> <span class='ocrx_word' id='word_1_444' title='bbox 691 3352 802 3417; x_wconf 78' lang='lat' dir='ltr'>Tamb.</span> <span class='ocrx_word' id='word_1_445' title='bbox 820 3352 851 3413; x_wconf 81' lang='lat' dir='ltr'>in</span> <span class='ocrx_word' id='word_1_446' title='bbox 906 3354 1001 3416; x_wconf 89' lang='lat' dir='ltr'>etiam</span> <span class='ocrx_word' id='word_1_447' title='bbox 1015 3352 1104 3416; x_wconf 84' lang='lat' dir='ltr'>altori</span> <span class='ocrx_word' id='word_1_448' title='bbox 1119 3353 1268 3433; x_wconf 86' lang='lat' dir='ltr'>competit</span> <span class='ocrx_word' id='word_1_449' title='bbox 1281 3352 1382 3414; x_wconf 86' lang='lat' dir='ltr'>simile</span> <span class='ocrx_word' id='word_1_450' title='bbox 1395 3351 1585 3416; x_wconf 85' lang='lat' dir='ltr'>beneficium</span> <span class='ocrx_word' id='word_1_451' title='bbox 1602 3354 1694 3436; x_wconf 81' lang='lat' dir='ltr'>legis,</span> 
     </span>
     <span class='ocr_line' id='line_1_35' title="bbox 66 3437 1066 3524; baseline 0.002 -22"><span class='ocrx_word' id='word_1_452' title='bbox 66 3437 305 3520; x_wconf 60' lang='lat' dir='ltr'>sabaea,</span> <span class='ocrx_word' id='word_1_453' title='bbox 327 3443 512 3522; x_wconf 80' lang='lat' dir='ltr'>§l,n.ll;</span> <span class='ocrx_word' id='word_1_454' title='bbox 536 3446 627 3524; x_wconf 84' lang='lat' dir='ltr'>Spor.</span> <span class='ocrx_word' id='word_1_455' title='bbox 651 3463 683 3505; x_wconf 83' lang='lat' dir='ltr'>n.</span> <span class='ocrx_word' id='word_1_456' title='bbox 705 3439 852 3523; x_wconf 86' lang='lat' dir='ltr'>8l,quis</span> <span class='ocrx_word' id='word_1_457' title='bbox 905 3440 1066 3521; x_wconf 90' lang='lat' dir='ltr'>siperdat.</span> 
     </span>
    </p>

    <p class='ocr_par' dir='ltr' id='par_1_20' title="bbox 66 3525 1782 3879">
     <span class='ocr_line' id='line_1_36' title="bbox 66 3525 1782 3611; baseline 0.005 -22"><span class='ocrx_word' id='word_1_458' title='bbox 66 3525 111 3607; x_wconf 85' lang='lat' dir='ltr'>jus</span> <span class='ocrx_word' id='word_1_459' title='bbox 125 3529 296 3610; x_wconf 86' lang='lat' dir='ltr'>positivum</span> <span class='ocrx_word' id='word_1_460' title='bbox 315 3531 458 3611; x_wconf 75' lang='lat' dir='ltr'>precipit</span> <span class='ocrx_word' id='word_1_461' title='bbox 477 3531 706 3596; x_wconf 87' lang='lat' dir='ltr'>restitutionem</span> <span class='ocrx_word' id='word_1_462' title='bbox 730 3533 852 3592; x_wconf 89' lang='lat' dir='ltr'>tantum</span> <span class='ocrx_word' id='word_1_463' title='bbox 944 3530 1023 3609; x_wconf 59' lang='grc' dir='ltr'>ψ.</span> <span class='ocrx_word' id='word_1_464' title='bbox 1041 3528 1184 3592; x_wconf 85' lang='lat' dir='ltr'>Sivictus</span> <span class='ocrx_word' id='word_1_465' title='bbox 1198 3526 1423 3592; x_wconf 85' lang='lat' dir='ltr'>antecedenter</span> <span class='ocrx_word' id='word_1_466' title='bbox 1436 3529 1624 3610; x_wconf 88' lang='lat' dir='ltr'>promiserat</span> <span class='ocrx_word' id='word_1_467' title='bbox 1637 3547 1700 3594; x_wconf 91' lang='lat' dir='ltr'>non</span> <span class='ocrx_word' id='word_1_468' title='bbox 1727 3550 1782 3600; x_wconf 78' lang='lat' dir='ltr'>eoos</span> 
     </span>
     <span class='ocr_line' id='line_1_37' title="bbox 68 3617 1701 3700; baseline 0.002 -23"><span class='ocrx_word' id='word_1_469' title='bbox 68 3620 129 3694; x_wconf 89' lang='lat' dir='ltr'>post</span> <span class='ocrx_word' id='word_1_470' title='bbox 146 3618 336 3680; x_wconf 87' lang='lat' dir='ltr'>sententiam</span> <span class='ocrx_word' id='word_1_471' title='bbox 353 3619 491 3698; x_wconf 80' lang='lat' dir='ltr'>iudicis,</span> <span class='ocrx_word' id='word_1_472' title='bbox 515 3620 598 3682; x_wconf 90' lang='lat' dir='ltr'>unde</span> <span class='ocrx_word' id='word_1_473' title='bbox 620 3637 682 3682; x_wconf 90' lang='lat' dir='ltr'>non</span> <span class='ocrx_word' id='word_1_474' title='bbox 706 3619 849 3694; x_wconf 87' lang='lat' dir='ltr'>debetur,</span> <span class='ocrx_word' id='word_1_475' title='bbox 905 3623 1012 3698; x_wconf 88' lang='lat' dir='ltr'>petere</span> <span class='ocrx_word' id='word_1_476' title='bbox 1026 3617 1284 3698; x_wconf 86' lang='lat' dir='ltr'>perbeneficium</span> <span class='ocrx_word' id='word_1_477' title='bbox 1297 3618 1387 3698; x_wconf 82' lang='lat' dir='ltr'>legis,</span> <span class='ocrx_word' id='word_1_478' title='bbox 1413 3637 1476 3682; x_wconf 94' lang='lat' dir='ltr'>non</span> <span class='ocrx_word' id='word_1_479' title='bbox 1490 3623 1594 3700; x_wconf 89' lang='lat' dir='ltr'>potest</span> <span class='ocrx_word' id='word_1_480' title='bbox 1618 3617 1701 3681; x_wconf 91' lang='lat' dir='ltr'>nihi-</span> 
     </span>
     <span class='ocr_line' id='line_1_38' title="bbox 68 3701 1700 3790; baseline 0.004 -26"><span class='ocrx_word' id='word_1_481' title='bbox 68 3701 132 3766; x_wconf 88' lang='lat' dir='ltr'>licet</span> <span class='ocrx_word' id='word_1_482' title='bbox 155 3709 284 3785; x_wconf 88' lang='lat' dir='ltr'>petatur</span> <span class='ocrx_word' id='word_1_483' title='bbox 307 3707 594 3790; x_wconf 81' lang='lat' dir='ltr'>extrajudicialiter,</span> <span class='ocrx_word' id='word_1_484' title='bbox 620 3709 761 3771; x_wconf 91' lang='lat' dir='ltr'>uticum</span> <span class='ocrx_word' id='word_1_485' title='bbox 783 3707 852 3768; x_wconf 87' lang='lat' dir='ltr'>aliis</span> <span class='ocrx_word' id='word_1_486' title='bbox 904 3707 1041 3770; x_wconf 91' lang='lat' dir='ltr'>lominus</span> <span class='ocrx_word' id='word_1_487' title='bbox 1055 3711 1165 3787; x_wconf 88' lang='lat' dir='ltr'>postea</span> <span class='ocrx_word' id='word_1_488' title='bbox 1174 3712 1329 3788; x_wconf 85' lang='lat' dir='ltr'>repetere,</span> <span class='ocrx_word' id='word_1_489' title='bbox 1344 3707 1389 3769; x_wconf 92' lang='lat' dir='ltr'>nti</span> <span class='ocrx_word' id='word_1_490' title='bbox 1400 3711 1510 3772; x_wconf 85' lang='lat' dir='ltr'>notant</span> <span class='ocrx_word' id='word_1_491' title='bbox 1524 3707 1631 3770; x_wconf 86' lang='lat' dir='ltr'>Rebel.</span> <span class='ocrx_word' id='word_1_492' title='bbox 1644 3707 1700 3770; x_wconf 87' lang='lat' dir='ltr'>Sa-</span> 
     </span>
     <span class='ocr_line' id='line_1_39' title="bbox 70 3794 1700 3879; baseline 0.004 -28"><span class='ocrx_word' id='word_1_493' title='bbox 70 3795 147 3854; x_wconf 89' lang='lat' dir='ltr'>notat</span> <span class='ocrx_word' id='word_1_494' title='bbox 171 3794 291 3858; x_wconf 84' lang='lat' dir='ltr'>Sench.</span> <span class='ocrx_word' id='word_1_495' title='bbox 308 3799 340 3858; x_wconf 89' lang='lat' dir='ltr'>et</span> <span class='ocrx_word' id='word_1_496' title='bbox 361 3796 451 3861; x_wconf 88' lang='lat' dir='ltr'>Dian.</span> <span class='ocrx_word' id='word_1_497' title='bbox 477 3797 515 3860; x_wconf 82' lang='lat' dir='ltr'>R.</span> <span class='ocrx_word' id='word_1_498' title='bbox 539 3801 588 3860; x_wconf 68' lang='lat'>22.</span> <span class='ocrx_word' id='word_1_499' title='bbox 614 3799 720 3860; x_wconf 88' lang='lat' dir='ltr'>Potest</span> <span class='ocrx_word' id='word_1_500' title='bbox 744 3801 851 3857; x_wconf 88' lang='lat' dir='ltr'>tamen</span> <span class='ocrx_word' id='word_1_501' title='bbox 905 3795 963 3872; x_wconf 86' lang='lat' dir='ltr'>les,</span> <span class='ocrx_word' id='word_1_502' title='bbox 979 3799 1064 3858; x_wconf 88' lang='lat' dir='ltr'>Lesa.</span> <span class='ocrx_word' id='word_1_503' title='bbox 1074 3795 1162 3858; x_wconf 87' lang='lat' dir='ltr'>Dian.</span> <span class='ocrx_word' id='word_1_504' title='bbox 1175 3795 1212 3858; x_wconf 87' lang='lat' dir='ltr'>lt.</span> <span class='ocrx_word' id='word_1_505' title='bbox 1229 3797 1283 3870; x_wconf 62' lang='lat' dir='ltr'>iffi</span> <span class='ocrx_word' id='word_1_506' title='bbox 1300 3797 1387 3876; x_wconf 62' lang='lat' dir='ltr'>lango</span> <span class='ocrx_word' id='word_1_507' title='bbox 1397 3814 1429 3859; x_wconf 83' lang='lat' dir='ltr'>n.</span> <span class='ocrx_word' id='word_1_508' title='bbox 1444 3798 1483 3859; x_wconf 79' lang='lat'>65</span> <span class='ocrx_word' id='word_1_509' title='bbox 1494 3816 1502 3870; x_wconf 82' lang='lat'>3</span> <span class='ocrx_word' id='word_1_510' title='bbox 1515 3796 1589 3879; x_wconf 86' lang='lat' dir='ltr'>quia</span> <span class='ocrx_word' id='word_1_511' title='bbox 1598 3795 1700 3858; x_wconf 89' lang='lat' dir='ltr'>omnis</span> 
     </span>
    </p>
   </div>
   <div class='ocr_carea' id='block_1_19' title="bbox 10 3877 1701 3966">
    <p class='ocr_par' dir='ltr' id='par_1_21' title="bbox 10 3877 1701 3966">
     <span class='ocr_line' id='line_1_40' title="bbox 10 3877 1701 3966; baseline 0.006 -28"><span class='ocrx_word' id='word_1_512' title='bbox 10 3901 12 3928; x_wconf 68' lang='grc' dir='ltr'><strong>ι</strong></span> <span class='ocrx_word' id='word_1_513' title='bbox 70 3877 159 3942; x_wconf 80' lang='lat' dir='ltr'>rictus</span> <span class='ocrx_word' id='word_1_514' title='bbox 170 3885 294 3946; x_wconf 90' lang='lat' dir='ltr'>terrere</span> <span class='ocrx_word' id='word_1_515' title='bbox 309 3882 348 3946; x_wconf 89' lang='lat' dir='ltr'>de</span> <span class='ocrx_word' id='word_1_516' title='bbox 363 3886 540 3947; x_wconf 89' lang='lat' dir='ltr'>accusando</span> <span class='ocrx_word' id='word_1_517' title='bbox 559 3885 654 3947; x_wconf 85' lang='lat' dir='ltr'>etsie</span> <span class='ocrx_word' id='word_1_518' title='bbox 672 3883 787 3966; x_wconf 91' lang='lat' dir='ltr'>pacisci</span> <span class='ocrx_word' id='word_1_519' title='bbox 812 3883 850 3945; x_wconf 90' lang='lat' dir='ltr'>de</span> <span class='ocrx_word' id='word_1_520' title='bbox 905 3884 1017 3947; x_wconf 90' lang='lat' dir='ltr'>ludens</span> <span class='ocrx_word' id='word_1_521' title='bbox 1030 3884 1184 3964; x_wconf 89' lang='lat' dir='ltr'>promittit</span> <span class='ocrx_word' id='word_1_522' title='bbox 1197 3883 1444 3947; x_wconf 80' lang='lat' dir='ltr'>irrevocabiliter</span> <span class='ocrx_word' id='word_1_523' title='bbox 1458 3885 1579 3946; x_wconf 85' lang='lat' dir='ltr'>solvere</span> <span class='ocrx_word' id='word_1_524' title='bbox 1600 3890 1631 3946; x_wconf 88' lang='lat' dir='ltr'>et</span> <span class='ocrx_word' id='word_1_525' title='bbox 1652 3887 1701 3948; x_wconf 85' lang='lat' dir='ltr'>ta·</span> 
     </span>
    </p>
   </div>
   <div class='ocr_carea' id='block_1_20' title="bbox 72 3968 1817 5560">
    <p class='ocr_par' dir='ltr' id='par_1_22' title="bbox 72 3968 1817 5560">
     <span class='ocr_line' id='line_1_41' title="bbox 72 3968 1700 4054; baseline 0.004 -24"><span class='ocrx_word' id='word_1_526' title='bbox 72 3972 149 4044; x_wconf 77' lang='lat' dir='ltr'>parte</span> <span class='ocrx_word' id='word_1_527' title='bbox 159 3971 365 4035; x_wconf 85' lang='lat' dir='ltr'>restituenda.</span> <span class='ocrx_word' id='word_1_528' title='bbox 383 3971 474 4047; x_wconf 82' lang='lat' dir='ltr'>Quod</span> <span class='ocrx_word' id='word_1_529' title='bbox 492 3973 598 4035; x_wconf 87' lang='lat' dir='ltr'>sificte</span> <span class='ocrx_word' id='word_1_530' title='bbox 620 3977 743 4037; x_wconf 81' lang='lat' dir='ltr'>tantum</span> <span class='ocrx_word' id='word_1_531' title='bbox 752 3968 852 4032; x_wconf 91' lang='lat' dir='ltr'>mina·</span> <span class='ocrx_word' id='word_1_532' title='bbox 905 3991 978 4034; x_wconf 89' lang='lat' dir='ltr'>men</span> <span class='ocrx_word' id='word_1_533' title='bbox 992 3974 1043 4034; x_wconf 86' lang='lat' dir='ltr'>lex</span> <span class='ocrx_word' id='word_1_534' title='bbox 1056 3973 1123 4035; x_wconf 86' lang='lat' dir='ltr'>vult</span> <span class='ocrx_word' id='word_1_535' title='bbox 1136 3976 1181 4050; x_wconf 92' lang='lat' dir='ltr'>ut,</span> <span class='ocrx_word' id='word_1_536' title='bbox 1198 3991 1261 4034; x_wconf 92' lang='lat' dir='ltr'>non</span> <span class='ocrx_word' id='word_1_537' title='bbox 1272 3972 1415 4038; x_wconf 85' lang='lat' dir='ltr'>obstante</span> <span class='ocrx_word' id='word_1_538' title='bbox 1425 3973 1630 4054; x_wconf 86' lang='lat' dir='ltr'>promissione</span> <span class='ocrx_word' id='word_1_539' title='bbox 1641 3973 1700 4036; x_wconf 91' lang='lat' dir='ltr'>sol·</span> 
     </span>
     <span class='ocr_line' id='line_1_42' title="bbox 73 4059 1702 4143; baseline 0.006 -27"><span class='ocrx_word' id='word_1_540' title='bbox 73 4059 157 4136; x_wconf 87' lang='lat' dir='ltr'>retur,</span> <span class='ocrx_word' id='word_1_541' title='bbox 172 4059 283 4122; x_wconf 91' lang='lat' dir='ltr'>nolens</span> <span class='ocrx_word' id='word_1_542' title='bbox 298 4079 458 4140; x_wconf 89' lang='lat' dir='ltr'>accusare,</span> <span class='ocrx_word' id='word_1_543' title='bbox 479 4061 542 4124; x_wconf 89' lang='lat' dir='ltr'>Sal.</span> <span class='ocrx_word' id='word_1_544' title='bbox 559 4061 632 4125; x_wconf 87' lang='lat' dir='ltr'>Mol.</span> <span class='ocrx_word' id='word_1_545' title='bbox 649 4063 727 4142; x_wconf 81' lang='lat' dir='ltr'>Lug.</span> <span class='ocrx_word' id='word_1_546' title='bbox 744 4078 775 4124; x_wconf 83' lang='lat' dir='ltr'>n.</span> <span class='ocrx_word' id='word_1_547' title='bbox 791 4062 849 4134; x_wconf 77' lang='lat'>723</span> <span class='ocrx_word' id='word_1_548' title='bbox 905 4061 1000 4124; x_wconf 78' lang='lat' dir='ltr'>vendi</span> <span class='ocrx_word' id='word_1_549' title='bbox 1013 4061 1112 4141; x_wconf 89' lang='lat' dir='ltr'>possit</span> <span class='ocrx_word' id='word_1_550' title='bbox 1126 4079 1188 4124; x_wconf 93' lang='lat' dir='ltr'>non</span> <span class='ocrx_word' id='word_1_551' title='bbox 1203 4061 1340 4137; x_wconf 87' lang='lat' dir='ltr'>solvere;</span> <span class='ocrx_word' id='word_1_552' title='bbox 1353 4063 1378 4124; x_wconf 89' lang='lat' dir='ltr'>si</span> <span class='ocrx_word' id='word_1_553' title='bbox 1388 4065 1494 4125; x_wconf 88' lang='lat' dir='ltr'>tamen</span> <span class='ocrx_word' id='word_1_554' title='bbox 1504 4061 1702 4143; x_wconf 86' lang='lat' dir='ltr'>illapromis·</span> 
     </span>
     <span class='ocr_line' id='line_1_43' title="bbox 74 4143 1697 4230; baseline 0.007 -27"><span class='ocrx_word' id='word_1_555' title='bbox 74 4143 166 4208; x_wconf 82' lang='lat' dir='ltr'>llloza</span> <span class='ocrx_word' id='word_1_556' title='bbox 180 4167 203 4211; x_wconf 82' lang='lat' dir='ltr'>r.</span> <span class='ocrx_word' id='word_1_557' title='bbox 220 4152 250 4228; x_wconf 93' lang='lat' dir='ltr'>l,</span> <span class='ocrx_word' id='word_1_558' title='bbox 266 4167 300 4211; x_wconf 85' lang='lat' dir='ltr'>o.</span> <span class='ocrx_word' id='word_1_559' title='bbox 317 4153 346 4227; x_wconf 83' lang='lat'>9,</span> <span class='ocrx_word' id='word_1_560' title='bbox 363 4153 629 4230; x_wconf 87' lang='lat' dir='ltr'>putanteumnon</span> <span class='ocrx_word' id='word_1_561' title='bbox 644 4168 711 4212; x_wconf 88' lang='lat' dir='ltr'>esse</span> <span class='ocrx_word' id='word_1_562' title='bbox 725 4153 849 4226; x_wconf 88' lang='lat' dir='ltr'>tutum;</span> <span class='ocrx_word' id='word_1_563' title='bbox 906 4151 953 4212; x_wconf 89' lang='lat' dir='ltr'>sio</span> <span class='ocrx_word' id='word_1_564' title='bbox 978 4152 1067 4214; x_wconf 90' lang='lat' dir='ltr'>lieret</span> <span class='ocrx_word' id='word_1_565' title='bbox 1093 4155 1164 4230; x_wconf 93' lang='lat' dir='ltr'>post</span> <span class='ocrx_word' id='word_1_566' title='bbox 1190 4149 1305 4212; x_wconf 85' lang='lat' dir='ltr'>factam</span> <span class='ocrx_word' id='word_1_567' title='bbox 1333 4151 1532 4230; x_wconf 92' lang='lat' dir='ltr'>solutionem,</span> <span class='ocrx_word' id='word_1_568' title='bbox 1561 4157 1697 4230; x_wconf 88' lang='lat' dir='ltr'>teneret,</span> 
     </span>
     <span class='ocr_line' id='line_1_44' title="bbox 74 4231 1701 4321; baseline 0.006 -29"><span class='ocrx_word' id='word_1_569' title='bbox 74 4231 120 4292; x_wconf 86' lang='lat' dir='ltr'>sed</span> <span class='ocrx_word' id='word_1_570' title='bbox 145 4236 227 4300; x_wconf 87' lang='lat' dir='ltr'>bess.</span> <span class='ocrx_word' id='word_1_571' title='bbox 257 4237 369 4300; x_wconf 79' lang='lat' dir='ltr'>Tamb.</span> <span class='ocrx_word' id='word_1_572' title='bbox 401 4240 494 4317; x_wconf 90' lang='lat' dir='ltr'>Spor.</span> <span class='ocrx_word' id='word_1_573' title='bbox 525 4239 641 4320; x_wconf 88' lang='lat' dir='ltr'>aliique</span> <span class='ocrx_word' id='word_1_574' title='bbox 671 4256 744 4300; x_wconf 90' lang='lat' dir='ltr'>cnm</span> <span class='ocrx_word' id='word_1_575' title='bbox 758 4237 849 4301; x_wconf 88' lang='lat' dir='ltr'>Dian.</span> <span class='ocrx_word' id='word_1_576' title='bbox 907 4240 1185 4321; x_wconf 87' lang='lat' dir='ltr'>quiaessetveluti</span> <span class='ocrx_word' id='word_1_577' title='bbox 1204 4259 1287 4302; x_wconf 89' lang='lat' dir='ltr'>novo</span> <span class='ocrx_word' id='word_1_578' title='bbox 1305 4239 1432 4304; x_wconf 87' lang='lat' dir='ltr'>donatio</span> <span class='ocrx_word' id='word_1_579' title='bbox 1450 4239 1701 4320; x_wconf 87' lang='lat' dir='ltr'>independensa</span> 
     </span>
     <span class='ocr_line' id='line_1_45' title="bbox 76 4319 1702 4408; baseline 0.006 -28"><span class='ocrx_word' id='word_1_580' title='bbox 76 4319 159 4400; x_wconf 64' lang='lat' dir='ltr'>aas,</span> <span class='ocrx_word' id='word_1_581' title='bbox 169 4322 279 4388; x_wconf 90' lang='lat' dir='ltr'>dicunt</span> <span class='ocrx_word' id='word_1_582' title='bbox 293 4342 360 4387; x_wconf 91' lang='lat' dir='ltr'>esse</span> <span class='ocrx_word' id='word_1_583' title='bbox 374 4329 488 4404; x_wconf 88' lang='lat' dir='ltr'>tutum,</span> <span class='ocrx_word' id='word_1_584' title='bbox 505 4328 590 4408; x_wconf 85' lang='lat' dir='ltr'>quod</span> <span class='ocrx_word' id='word_1_585' title='bbox 606 4326 767 4408; x_wconf 89' lang='lat' dir='ltr'>probabile</span> <span class='ocrx_word' id='word_1_586' title='bbox 783 4345 851 4389; x_wconf 88' lang='lat' dir='ltr'>esse</span> <span class='ocrx_word' id='word_1_587' title='bbox 905 4329 992 4391; x_wconf 90' lang='lat' dir='ltr'>ludo.</span> <span class='ocrx_word' id='word_1_588' title='bbox 1009 4328 1099 4400; x_wconf 84' lang='lat' dir='ltr'>Quod</span> <span class='ocrx_word' id='word_1_589' title='bbox 1114 4328 1138 4389; x_wconf 91' lang='lat' dir='ltr'>si</span> <span class='ocrx_word' id='word_1_590' title='bbox 1146 4326 1261 4408; x_wconf 83' lang='lat' dir='ltr'>jurarit</span> <span class='ocrx_word' id='word_1_591' title='bbox 1274 4347 1336 4390; x_wconf 91' lang='lat' dir='ltr'>non</span> <span class='ocrx_word' id='word_1_592' title='bbox 1346 4333 1500 4408; x_wconf 90' lang='lat' dir='ltr'>repetere,</span> <span class='ocrx_word' id='word_1_593' title='bbox 1514 4333 1596 4391; x_wconf 82' lang='lat' dir='ltr'>stare</span> <span class='ocrx_word' id='word_1_594' title='bbox 1607 4327 1702 4391; x_wconf 89' lang='lat' dir='ltr'>debet</span> 
     </span>
     <span class='ocr_line' id='line_1_46' title="bbox 76 4403 1702 4499; baseline 0.007 -31"><span class='ocrx_word' id='word_1_595' title='bbox 76 4403 198 4472; x_wconf 83' lang='lat' dir='ltr'>latentur</span> <span class='ocrx_word' id='word_1_596' title='bbox 215 4413 333 4476; x_wconf 89' lang='lat' dir='ltr'>Sanch.</span> <span class='ocrx_word' id='word_1_597' title='bbox 355 4415 497 4496; x_wconf 88' lang='lat' dir='ltr'>Castrop.</span> <span class='ocrx_word' id='word_1_598' title='bbox 521 4416 607 4479; x_wconf 81' lang='lat' dir='ltr'>Trul.</span> <span class='ocrx_word' id='word_1_599' title='bbox 632 4415 749 4478; x_wconf 87' lang='lat' dir='ltr'>Dicast.</span> <span class='ocrx_word' id='word_1_600' title='bbox 778 4414 853 4496; x_wconf 88' lang='lat' dir='ltr'>qnia</span> <span class='ocrx_word' id='word_1_601' title='bbox 903 4416 1094 4499; x_wconf 85' lang='lat' dir='ltr'>juramento,</span> <span class='ocrx_word' id='word_1_602' title='bbox 1111 4415 1285 4479; x_wconf 88' lang='lat' dir='ltr'>secundum</span> <span class='ocrx_word' id='word_1_603' title='bbox 1300 4416 1384 4479; x_wconf 85' lang='lat' dir='ltr'>dicta</span> <span class='ocrx_word' id='word_1_604' title='bbox 1397 4421 1514 4493; x_wconf 57' lang='lat' dir='ltr'>rulth</span> <span class='ocrx_word' id='word_1_605' title='bbox 1532 4416 1641 4481; x_wconf 90' lang='lat' dir='ltr'>dicunt</span> <span class='ocrx_word' id='word_1_606' title='bbox 1653 4421 1702 4480; x_wconf 92' lang='lat' dir='ltr'>ta-</span> 
     </span>
     <span class='ocr_line' id='line_1_47' title="bbox 77 4499 1702 4587; baseline 0.007 -31"><span class='ocrx_word' id='word_1_607' title='bbox 77 4511 172 4560; x_wconf 83' lang='lat' dir='ltr'>rercra</span> <span class='ocrx_word' id='word_1_608' title='bbox 184 4499 281 4565; x_wconf 82' lang='lat' dir='ltr'>habet</span> <span class='ocrx_word' id='word_1_609' title='bbox 289 4501 343 4583; x_wconf 90' lang='lat' dir='ltr'>jus</span> <span class='ocrx_word' id='word_1_610' title='bbox 356 4504 531 4583; x_wconf 90' lang='lat' dir='ltr'>repetendi,</span> <span class='ocrx_word' id='word_1_611' title='bbox 549 4504 634 4586; x_wconf 88' lang='lat' dir='ltr'>qnod</span> <span class='ocrx_word' id='word_1_612' title='bbox 649 4505 753 4586; x_wconf 90' lang='lat' dir='ltr'>pretio</span> <span class='ocrx_word' id='word_1_613' title='bbox 768 4504 853 4566; x_wconf 83' lang='lat' dir='ltr'>aesti-</span> <span class='ocrx_word' id='word_1_614' title='bbox 906 4524 979 4568; x_wconf 92' lang='lat' dir='ltr'>men</span> <span class='ocrx_word' id='word_1_615' title='bbox 994 4509 1124 4568; x_wconf 87' lang='lat' dir='ltr'>Navarr.</span> <span class='ocrx_word' id='word_1_616' title='bbox 1141 4509 1252 4568; x_wconf 83' lang='lat' dir='ltr'>Govar.</span> <span class='ocrx_word' id='word_1_617' title='bbox 1270 4505 1337 4568; x_wconf 82' lang='lat' dir='ltr'>Tol.</span> <span class='ocrx_word' id='word_1_618' title='bbox 1354 4506 1478 4569; x_wconf 85' lang='lat' dir='ltr'>Valent.</span> <span class='ocrx_word' id='word_1_619' title='bbox 1497 4507 1597 4587; x_wconf 79' lang='lat' dir='ltr'>Vega,</span> <span class='ocrx_word' id='word_1_620' title='bbox 1617 4507 1702 4569; x_wconf 88' lang='lat' dir='ltr'>llen-</span> 
     </span>
     <span class='ocr_line' id='line_1_48' title="bbox 78 4585 1702 4675; baseline 0.005 -27"><span class='ocrx_word' id='word_1_621' title='bbox 78 4585 176 4648; x_wconf 79' lang='lat' dir='ltr'>nubile</span> <span class='ocrx_word' id='word_1_622' title='bbox 203 4595 260 4666; x_wconf 86' lang='lat' dir='ltr'>est,</span> <span class='ocrx_word' id='word_1_623' title='bbox 290 4591 334 4654; x_wconf 93' lang='lat' dir='ltr'>illi</span> <span class='ocrx_word' id='word_1_624' title='bbox 361 4597 468 4655; x_wconf 87' lang='lat' dir='ltr'>autem</span> <span class='ocrx_word' id='word_1_625' title='bbox 490 4592 555 4674; x_wconf 89' lang='lat' dir='ltr'>juri</span> <span class='ocrx_word' id='word_1_626' title='bbox 583 4593 667 4657; x_wconf 87' lang='lat' dir='ltr'>cedit</span> <span class='ocrx_word' id='word_1_627' title='bbox 693 4611 750 4674; x_wconf 86' lang='lat' dir='ltr'>pro</span> <span class='ocrx_word' id='word_1_628' title='bbox 779 4595 853 4657; x_wconf 89' lang='lat' dir='ltr'>data</span> <span class='ocrx_word' id='word_1_629' title='bbox 906 4594 966 4675; x_wconf 88' lang='lat' dir='ltr'>riq.</span> <span class='ocrx_word' id='word_1_630' title='bbox 977 4595 1066 4658; x_wconf 88' lang='lat' dir='ltr'>Salas</span> <span class='ocrx_word' id='word_1_631' title='bbox 1080 4599 1112 4656; x_wconf 88' lang='lat' dir='ltr'>et</span> <span class='ocrx_word' id='word_1_632' title='bbox 1124 4594 1214 4658; x_wconf 91' lang='lat' dir='ltr'>Dian.</span> <span class='ocrx_word' id='word_1_633' title='bbox 1227 4612 1321 4675; x_wconf 89' lang='lat' dir='ltr'>upra</span> <span class='ocrx_word' id='word_1_634' title='bbox 1335 4612 1426 4674; x_wconf 91' lang='lat' dir='ltr'>posse</span> <span class='ocrx_word' id='word_1_635' title='bbox 1449 4597 1557 4674; x_wconf 84' lang='lat' dir='ltr'>petere</span> <span class='ocrx_word' id='word_1_636' title='bbox 1580 4594 1702 4656; x_wconf 87' lang='lat' dir='ltr'>relaxa-</span> 
     </span>
     <span class='ocr_line' id='line_1_49' title="bbox 79 4677 1699 4765; baseline 0.002 -25"><span class='ocrx_word' id='word_1_637' title='bbox 79 4677 153 4750; x_wconf 70' lang='lat' dir='ltr'>pflrto</span> <span class='ocrx_word' id='word_1_638' title='bbox 167 4697 175 4740; x_wconf 78' lang='grc' dir='ltr'><strong>ι</strong></span> <span class='ocrx_word' id='word_1_639' title='bbox 191 4697 266 4760; x_wconf 80' lang='lat' dir='ltr'>ergo</span> <span class='ocrx_word' id='word_1_640' title='bbox 281 4679 371 4744; x_wconf 89' lang='lat' dir='ltr'>dolus</span> <span class='ocrx_word' id='word_1_641' title='bbox 384 4682 510 4744; x_wconf 81' lang='lat' dir='ltr'>videtur</span> <span class='ocrx_word' id='word_1_642' title='bbox 520 4681 636 4765; x_wconf 84' lang='lat' dir='ltr'>justus.</span> <span class='ocrx_word' id='word_1_643' title='bbox 907 4683 1025 4745; x_wconf 89' lang='lat' dir='ltr'>tionem</span> <span class='ocrx_word' id='word_1_644' title='bbox 1035 4682 1206 4764; x_wconf 86' lang='lat' dir='ltr'>juramenti</span> <span class='ocrx_word' id='word_1_645' title='bbox 1221 4685 1252 4744; x_wconf 89' lang='lat' dir='ltr'>et</span> <span class='ocrx_word' id='word_1_646' title='bbox 1266 4681 1326 4744; x_wconf 90' lang='lat' dir='ltr'>hac</span> <span class='ocrx_word' id='word_1_647' title='bbox 1340 4682 1470 4746; x_wconf 89' lang='lat' dir='ltr'>obtenta</span> <span class='ocrx_word' id='word_1_648' title='bbox 1480 4701 1542 4744; x_wconf 93' lang='lat' dir='ltr'>non</span> <span class='ocrx_word' id='word_1_649' title='bbox 1558 4683 1699 4756; x_wconf 77' lang='lat' dir='ltr'>solvere3</span> 
     </span>
     <span class='ocr_line' id='line_1_50' title="bbox 111 4763 1699 4852; baseline 0.004 -25"><span class='ocrx_word' id='word_1_650' title='bbox 111 4763 180 4842; x_wconf 64' lang='lat'>520.</span> <span class='ocrx_word' id='word_1_651' title='bbox 204 4768 262 4841; x_wconf 84' lang='lat' dir='ltr'>Oui</span> <span class='ocrx_word' id='word_1_652' title='bbox 286 4770 405 4832; x_wconf 86' lang='lat' dir='ltr'>credito</span> <span class='ocrx_word' id='word_1_653' title='bbox 432 4770 512 4834; x_wconf 92' lang='lat' dir='ltr'>ludit</span> <span class='ocrx_word' id='word_1_654' title='bbox 537 4771 612 4834; x_wconf 91' lang='lat' dir='ltr'>ludo</span> <span class='ocrx_word' id='word_1_655' title='bbox 639 4769 797 4852; x_wconf 89' lang='lat' dir='ltr'>prohibito</span> <span class='ocrx_word' id='word_1_656' title='bbox 822 4774 853 4834; x_wconf 89' lang='lat' dir='ltr'>et</span> <span class='ocrx_word' id='word_1_657' title='bbox 907 4771 1373 4852; x_wconf 83' lang='lat' dir='ltr'>aedmeliusnegantSot.ltlol.</span> <span class='ocrx_word' id='word_1_658' title='bbox 1392 4770 1699 4852; x_wconf 79' lang='lat' dir='ltr'>Rebellbessbug.</span> 
     </span>
     <span class='ocr_line' id='line_1_51' title="bbox 80 4851 1702 4939; baseline 0.004 -25"><span class='ocrx_word' id='word_1_659' title='bbox 80 4851 177 4932; x_wconf 77' lang='lat' dir='ltr'>pedit,</span> <span class='ocrx_word' id='word_1_660' title='bbox 190 4855 228 4916; x_wconf 91' lang='lat' dir='ltr'>de</span> <span class='ocrx_word' id='word_1_661' title='bbox 248 4855 321 4938; x_wconf 90' lang='lat' dir='ltr'>jure</span> <span class='ocrx_word' id='word_1_662' title='bbox 339 4861 460 4921; x_wconf 81' lang='lat' dir='ltr'>naturae</span> <span class='ocrx_word' id='word_1_663' title='bbox 482 4859 638 4939; x_wconf 80' lang='lat' dir='ltr'>obligatur</span> <span class='ocrx_word' id='word_1_664' title='bbox 659 4859 790 4938; x_wconf 89' lang='lat' dir='ltr'>solvere,</span> <span class='ocrx_word' id='word_1_665' title='bbox 807 4859 853 4922; x_wconf 91' lang='lat' dir='ltr'>nti</span> <span class='ocrx_word' id='word_1_666' title='bbox 908 4879 938 4921; x_wconf 89' lang='grc' dir='ltr'>ιι.</span> <span class='ocrx_word' id='word_1_667' title='bbox 955 4863 1011 4934; x_wconf 87' lang='grc'>66;</span> <span class='ocrx_word' id='word_1_668' title='bbox 1030 4858 1105 4939; x_wconf 86' lang='lat' dir='ltr'>quia</span> <span class='ocrx_word' id='word_1_669' title='bbox 1119 4859 1180 4920; x_wconf 93' lang='lat' dir='ltr'>hoc</span> <span class='ocrx_word' id='word_1_670' title='bbox 1191 4859 1406 4939; x_wconf 87' lang='lat' dir='ltr'>juramentum</span> <span class='ocrx_word' id='word_1_671' title='bbox 1429 4860 1594 4922; x_wconf 84' lang='lat' dir='ltr'>confirmat</span> <span class='ocrx_word' id='word_1_672' title='bbox 1613 4859 1702 4920; x_wconf 91' lang='lat' dir='ltr'>illum</span> 
     </span>
     <span class='ocr_line' id='line_1_52' title="bbox 81 4942 1700 5028; baseline 0.006 -29"><span class='ocrx_word' id='word_1_673' title='bbox 81 4945 175 5003; x_wconf 78' lang='lat' dir='ltr'>conus</span> <span class='ocrx_word' id='word_1_674' title='bbox 196 4942 285 5006; x_wconf 86' lang='lat' dir='ltr'>Dian.</span> <span class='ocrx_word' id='word_1_675' title='bbox 315 4943 352 5006; x_wconf 87' lang='lat' dir='ltr'>It.</span> <span class='ocrx_word' id='word_1_676' title='bbox 369 4949 405 5008; x_wconf 69' lang='lat' dir='ltr'>tl</span> <span class='ocrx_word' id='word_1_677' title='bbox 431 4949 464 5010; x_wconf 90' lang='lat' dir='ltr'>et</span> <span class='ocrx_word' id='word_1_678' title='bbox 477 4947 554 5008; x_wconf 91' lang='lat' dir='ltr'>alios</span> <span class='ocrx_word' id='word_1_679' title='bbox 569 4947 683 5010; x_wconf 91' lang='lat' dir='ltr'>docent</span> <span class='ocrx_word' id='word_1_680' title='bbox 696 4947 748 5009; x_wconf 90' lang='lat' dir='ltr'>alii</span> <span class='ocrx_word' id='word_1_681' title='bbox 762 4947 853 5009; x_wconf 91' lang='lat' dir='ltr'>multi</span> <span class='ocrx_word' id='word_1_682' title='bbox 908 4951 1114 5025; x_wconf 89' lang='lat' dir='ltr'>contractum,</span> <span class='ocrx_word' id='word_1_683' title='bbox 1140 4947 1314 5009; x_wconf 87' lang='lat' dir='ltr'>secundum</span> <span class='ocrx_word' id='word_1_684' title='bbox 1337 4947 1422 5010; x_wconf 90' lang='lat' dir='ltr'>diota</span> <span class='ocrx_word' id='word_1_685' title='bbox 1444 4968 1463 5008; x_wconf 87' lang='lat' dir='ltr'>a</span> <span class='ocrx_word' id='word_1_686' title='bbox 1484 4967 1516 5009; x_wconf 84' lang='grc' dir='ltr'>ιι.</span> <span class='ocrx_word' id='word_1_687' title='bbox 1536 4949 1607 5024; x_wconf 78' lang='lat'>732,</span> <span class='ocrx_word' id='word_1_688' title='bbox 1624 4962 1700 5028; x_wconf 80' lang='lat' dir='ltr'>ergo</span> 
     </span>
     <span class='ocr_line' id='line_1_53' title="bbox 82 5027 1701 5117; baseline 0.007 -31"><span class='ocrx_word' id='word_1_689' title='bbox 82 5027 152 5106; x_wconf 87' lang='lat' dir='ltr'>apud</span> <span class='ocrx_word' id='word_1_690' title='bbox 164 5031 247 5112; x_wconf 79' lang='lat' dir='ltr'>largo</span> <span class='ocrx_word' id='word_1_691' title='bbox 261 5051 291 5094; x_wconf 84' lang='grc' dir='ltr'>ιι.</span> <span class='ocrx_word' id='word_1_692' title='bbox 307 5035 348 5096; x_wconf 78' lang='lat' dir='ltr'>ro</span> <span class='ocrx_word' id='word_1_693' title='bbox 368 5033 438 5114; x_wconf 85' lang='lat' dir='ltr'>(qui</span> <span class='ocrx_word' id='word_1_694' title='bbox 453 5053 473 5095; x_wconf 89' lang='lat' dir='ltr'>a</span> <span class='ocrx_word' id='word_1_695' title='bbox 486 5053 517 5096; x_wconf 93' lang='lat' dir='ltr'>n.</span> <span class='ocrx_word' id='word_1_696' title='bbox 534 5038 584 5113; x_wconf 76' lang='lat'>67,</span> <span class='ocrx_word' id='word_1_697' title='bbox 602 5052 674 5096; x_wconf 92' lang='lat' dir='ltr'>cum</span> <span class='ocrx_word' id='word_1_698' title='bbox 690 5035 758 5097; x_wconf 90' lang='lat' dir='ltr'>aliis</span> <span class='ocrx_word' id='word_1_699' title='bbox 772 5035 855 5096; x_wconf 92' lang='lat' dir='ltr'>mul·</span> <span class='ocrx_word' id='word_1_700' title='bbox 908 5035 993 5113; x_wconf 83' lang='lat' dir='ltr'>tacit,</span> <span class='ocrx_word' id='word_1_701' title='bbox 1010 5039 1045 5097; x_wconf 91' lang='lat' dir='ltr'>ut</span> <span class='ocrx_word' id='word_1_702' title='bbox 1058 5036 1137 5097; x_wconf 91' lang='lat' dir='ltr'>alter</span> <span class='ocrx_word' id='word_1_703' title='bbox 1150 5035 1293 5115; x_wconf 87' lang='lat' dir='ltr'>acquirat</span> <span class='ocrx_word' id='word_1_704' title='bbox 1303 5034 1356 5117; x_wconf 89' lang='lat' dir='ltr'>jus</span> <span class='ocrx_word' id='word_1_705' title='bbox 1370 5036 1512 5098; x_wconf 92' lang='lat' dir='ltr'>strictum</span> <span class='ocrx_word' id='word_1_706' title='bbox 1523 5033 1701 5098; x_wconf 85' lang='lat' dir='ltr'>adsolutio·</span> 
     </span>
     <span class='ocr_line' id='line_1_54' title="bbox 83 5113 1699 5204; baseline 0.005 -28"><span class='ocrx_word' id='word_1_707' title='bbox 83 5113 210 5180; x_wconf 82' lang='lat' dir='ltr'>tiadocet</span> <span class='ocrx_word' id='word_1_708' title='bbox 231 5119 276 5182; x_wconf 91' lang='lat' dir='ltr'>sic</span> <span class='ocrx_word' id='word_1_709' title='bbox 298 5121 473 5183; x_wconf 86' lang='lat' dir='ltr'>lucrantem</span> <span class='ocrx_word' id='word_1_710' title='bbox 487 5141 579 5202; x_wconf 91' lang='lat' dir='ltr'>posse</span> <span class='ocrx_word' id='word_1_711' title='bbox 600 5123 746 5201; x_wconf 91' lang='lat' dir='ltr'>retinere,</span> <span class='ocrx_word' id='word_1_712' title='bbox 773 5123 799 5184; x_wconf 90' lang='lat' dir='ltr'>si</span> <span class='ocrx_word' id='word_1_713' title='bbox 824 5121 852 5184; x_wconf 86' lang='lat' dir='ltr'>ei</span> <span class='ocrx_word' id='word_1_714' title='bbox 908 5141 996 5197; x_wconf 91' lang='lat' dir='ltr'>men;</span> <span class='ocrx_word' id='word_1_715' title='bbox 1021 5123 1163 5204; x_wconf 89' lang='lat' dir='ltr'>superior</span> <span class='ocrx_word' id='word_1_716' title='bbox 1177 5129 1355 5186; x_wconf 86' lang='lat' dir='ltr'>autemnon</span> <span class='ocrx_word' id='word_1_717' title='bbox 1371 5126 1473 5204; x_wconf 88' lang='lat' dir='ltr'>potest</span> <span class='ocrx_word' id='word_1_718' title='bbox 1486 5123 1627 5184; x_wconf 86' lang='lat' dir='ltr'>relaxare</span> <span class='ocrx_word' id='word_1_719' title='bbox 1645 5121 1699 5204; x_wconf 88' lang='lat' dir='ltr'>ju·</span> 
     </span>
     <span class='ocr_line' id='line_1_55' title="bbox 84 5201 1699 5296; baseline 0.007 -33"><span class='ocrx_word' id='word_1_720' title='bbox 84 5201 213 5284; x_wconf 81' lang='lat' dir='ltr'>solvatur,</span> <span class='ocrx_word' id='word_1_721' title='bbox 229 5209 371 5290; x_wconf 79' lang='lat' dir='ltr'>quamvis</span> <span class='ocrx_word' id='word_1_722' title='bbox 389 5212 512 5273; x_wconf 90' lang='lat' dir='ltr'>solvens</span> <span class='ocrx_word' id='word_1_723' title='bbox 536 5212 702 5274; x_wconf 89' lang='lat' dir='ltr'>nesciverit</span> <span class='ocrx_word' id='word_1_724' title='bbox 727 5211 854 5275; x_wconf 90' lang='lat' dir='ltr'>solutio·</span> <span class='ocrx_word' id='word_1_725' title='bbox 909 5216 1085 5274; x_wconf 87' lang='lat' dir='ltr'>ramentum</span> <span class='ocrx_word' id='word_1_726' title='bbox 1109 5211 1141 5274; x_wconf 91' lang='lat' dir='ltr'>in</span> <span class='ocrx_word' id='word_1_727' title='bbox 1164 5212 1382 5296; x_wconf 87' lang='lat' dir='ltr'>praejudicium</span> <span class='ocrx_word' id='word_1_728' title='bbox 1406 5209 1500 5289; x_wconf 90' lang='lat' dir='ltr'>tertii,</span> <span class='ocrx_word' id='word_1_729' title='bbox 1516 5209 1561 5274; x_wconf 89' lang='lat' dir='ltr'>uti</span> <span class='ocrx_word' id='word_1_730' title='bbox 1581 5231 1611 5272; x_wconf 88' lang='grc' dir='ltr'>ιι.</span> <span class='ocrx_word' id='word_1_731' title='bbox 1627 5211 1699 5289; x_wconf 74' lang='lat' dir='ltr'>rto,</span> 
     </span>
     <span class='ocr_line' id='line_1_56' title="bbox 85 5297 1097 5379; baseline 0.009 -26"><span class='ocrx_word' id='word_1_732' title='bbox 85 5306 144 5353; x_wconf 83' lang='lat' dir='ltr'>nom</span> <span class='ocrx_word' id='word_1_733' title='bbox 164 5312 249 5374; x_wconf 85' lang='lat' dir='ltr'>posse</span> <span class='ocrx_word' id='word_1_734' title='bbox 272 5297 392 5378; x_wconf 81' lang='lat' dir='ltr'>negari,</span> <span class='ocrx_word' id='word_1_735' title='bbox 415 5299 499 5379; x_wconf 88' lang='lat' dir='ltr'>quod</span> <span class='ocrx_word' id='word_1_736' title='bbox 523 5299 617 5362; x_wconf 88' lang='lat' dir='ltr'>etiam</span> <span class='ocrx_word' id='word_1_737' title='bbox 631 5301 747 5362; x_wconf 83' lang='lat' dir='ltr'>fatetur</span> <span class='ocrx_word' id='word_1_738' title='bbox 761 5301 851 5362; x_wconf 87' lang='lat' dir='ltr'>Dian.</span> <span class='ocrx_word' id='word_1_739' title='bbox 909 5301 1097 5363; x_wconf 90' lang='lat' dir='ltr'>dictumest.</span> 
     </span>
     <span class='ocr_line' id='line_1_57' title="bbox 86 5373 1782 5471; baseline 0.001 -23"><span class='ocrx_word' id='word_1_740' title='bbox 86 5373 117 5442; x_wconf 75' lang='lat' dir='ltr'>R·</span> <span class='ocrx_word' id='word_1_741' title='bbox 130 5381 187 5464; x_wconf 68' lang='lat' dir='ltr'>il).</span> <span class='ocrx_word' id='word_1_742' title='bbox 203 5385 291 5450; x_wconf 88' lang='lat' dir='ltr'>itatio</span> <span class='ocrx_word' id='word_1_743' title='bbox 305 5391 363 5466; x_wconf 90' lang='lat' dir='ltr'>est,</span> <span class='ocrx_word' id='word_1_744' title='bbox 375 5388 448 5469; x_wconf 86' lang='lat' dir='ltr'>quia</span> <span class='ocrx_word' id='word_1_745' title='bbox 458 5392 635 5453; x_wconf 88' lang='lat' dir='ltr'>contractus</span> <span class='ocrx_word' id='word_1_746' title='bbox 645 5389 695 5451; x_wconf 92' lang='lat' dir='ltr'>ille</span> <span class='ocrx_word' id='word_1_747' title='bbox 705 5387 770 5452; x_wconf 91' lang='lat' dir='ltr'>ludi</span> <span class='ocrx_word' id='word_1_748' title='bbox 781 5388 853 5471; x_wconf 83' lang='lat' dir='ltr'>jure</span> <span class='ocrx_word' id='word_1_749' title='bbox 947 5388 1028 5469; x_wconf 65' lang='lat' dir='ltr'>§tt</span> <span class='ocrx_word' id='word_1_750' title='bbox 1046 5388 1078 5452; x_wconf 92' lang='lat' dir='ltr'>Si</span> <span class='ocrx_word' id='word_1_751' title='bbox 1093 5388 1193 5451; x_wconf 84' lang='lat' dir='ltr'>victor</span> <span class='ocrx_word' id='word_1_752' title='bbox 1207 5387 1273 5451; x_wconf 90' lang='lat' dir='ltr'>sine</span> <span class='ocrx_word' id='word_1_753' title='bbox 1287 5389 1318 5452; x_wconf 81' lang='lat' dir='ltr'>vi</span> <span class='ocrx_word' id='word_1_754' title='bbox 1342 5387 1392 5452; x_wconf 88' lang='lat' dir='ltr'>vel</span> <span class='ocrx_word' id='word_1_755' title='bbox 1414 5387 1524 5451; x_wconf 88' lang='lat' dir='ltr'>fraude</span> <span class='ocrx_word' id='word_1_756' title='bbox 1548 5385 1701 5467; x_wconf 86' lang='lat' dir='ltr'>impediat</span> <span class='ocrx_word' id='word_1_757' title='bbox 1727 5415 1782 5466; x_wconf 55' lang='grc' dir='ltr'>,ιω</span> 
     </span>
     <span class='ocr_line' id='line_1_58' title="bbox 87 5470 1817 5560; baseline 0.003 -28"><span class='ocrx_word' id='word_1_758' title='bbox 87 5470 188 5536; x_wconf 75' lang='lat' dir='ltr'>natum</span> <span class='ocrx_word' id='word_1_759' title='bbox 201 5479 247 5540; x_wconf 88' lang='lat' dir='ltr'>est</span> <span class='ocrx_word' id='word_1_760' title='bbox 259 5475 463 5555; x_wconf 85' lang='lat' dir='ltr'>validus‚nec</span> <span class='ocrx_word' id='word_1_761' title='bbox 474 5477 545 5560; x_wconf 89' lang='lat' dir='ltr'>jure</span> <span class='ocrx_word' id='word_1_762' title='bbox 556 5478 689 5560; x_wconf 87' lang='lat' dir='ltr'>positivo</span> <span class='ocrx_word' id='word_1_763' title='bbox 699 5477 850 5557; x_wconf 86' lang='lat' dir='ltr'>irritatur,</span> <span class='ocrx_word' id='word_1_764' title='bbox 909 5496 949 5540; x_wconf 90' lang='lat' dir='ltr'>ne</span> <span class='ocrx_word' id='word_1_765' title='bbox 969 5496 988 5540; x_wconf 90' lang='lat' dir='ltr'>a</span> <span class='ocrx_word' id='word_1_766' title='bbox 1007 5477 1113 5560; x_wconf 87' lang='lat' dir='ltr'>judice</span> <span class='ocrx_word' id='word_1_767' title='bbox 1136 5477 1363 5543; x_wconf 88' lang='lat' dir='ltr'>condemnetur</span> <span class='ocrx_word' id='word_1_768' title='bbox 1394 5478 1435 5542; x_wconf 92' lang='lat' dir='ltr'>ad</span> <span class='ocrx_word' id='word_1_769' title='bbox 1458 5475 1698 5556; x_wconf 86' lang='lat' dir='ltr'>restitutionem,</span> <span class='ocrx_word' id='word_1_770' title='bbox 1813 5543 1817 5552; x_wconf 57' lang='grc'><strong>,</strong></span> 
     </span>
    </p>
   </div>
   <div class='ocr_carea' id='block_1_21' title="bbox 0 0 2047 6340">
    <p class='ocr_par' dir='ltr' id='par_1_23' title="bbox 0 0 2047 6340">
     <span class='ocr_line' id='line_1_59' title="bbox 0 0 2047 6340; baseline 0 0"><span class='ocrx_word' id='word_1_771' title='bbox 0 0 2047 6340; x_wconf 95' lang='lat' dir='ltr'> </span> 
     </span>
    </p>
   </div>
  </div>
 </body>
</html>
