4166 6346
273 563 334 624 456
926 552 1043 616 LIBER
1066 547 1264 622 QUARTUS.

275 750 318 826 te,
335 752 368 812 et
380 746 506 810 addicta
520 747 593 807 sunt
611 744 643 804 in
662 741 787 804 ensibus
802 743 908 804 umen
922 757 1065 800 neeessa-
1118 733 1308 798 troversiem
1321 729 1439 810 vocari,
1456 731 1511 792 aut
1525 728 1564 790 sd
1575 727 1729 791 terminos
1735 726 1816 809 juris
1826 725 1921 788 redu·

275 835 340 912 riis,
357 840 389 897 et
402 833 534 896 servatis
549 832 618 892 aliis
633 829 756 910 dejure
770 827 944 904 servandis,
962 830 992 888 et
1003 843 1065 886 nou
1122 825 1162 901 oi,
1180 843 1234 886 seu
1250 822 1402 883 adversus
1416 820 1485 880 illes
1501 816 1683 897 aperitiouis
1698 817 1777 892 oris,
1794 815 1922 876 restitu-

276 925 367 985 aliter
381 921 525 999 omnino)
543 939 579 981 ee
594 919 722 980 demum
744 917 983 997 quibuscunque
997 913 1066 975 aliis
1121 911 1215 973 tionis
1231 910 1261 970 in
1277 909 1445 988 integrum,
1462 906 1588 967 aliudve
1605 904 1818 984 quodcunque
1839 902 1921 983 juris

277 1028 464 1092 quoeunque
478 1008 614 1084 nomine,
631 1011 662 1068 et
676 1006 876 1085 expressione
902 1020 1068 1081 nuncupa·
1121 999 1208 1074 fecti,
1225 998 1275 1058 vel
1284 996 1394 1076 gratie
1410 994 1586 1055 remedium
1599 991 1758 1068 intentari,
1783 992 1834 1052 vel
1862 991 1923 1052 im-

277 1098 317 1161 tis
331 1096 473 1178 personis
487 1111 676 1176 quoeunque
699 1099 841 1172 tempore
864 1111 883 1153 a
906 1088 1068 1172 quibusvis
1122 1085 1251 1166 petraei,
1269 1087 1323 1146 aut
1337 1083 1516 1163 impetrato,
1533 1080 1695 1144 senetiam
1709 1083 1809 1155 motu,
1821 1079 1921 1141 scien-

278 1186 372 1248 etiem
385 1185 426 1247 ab
440 1182 515 1262 ipsis
531 1181 680 1244 Romanis
703 1179 918 1257 Pontificibus,
946 1177 1068 1240 Praede-
1123 1175 1179 1250 tia,
1196 1178 1228 1236 et
1240 1172 1402 1252 potestatis
1416 1169 1609 1251 plenitudine
1625 1168 1753 1247 peribus
1768 1185 1922 1230 concesso

278 1272 452 1335 cessoribus
467 1270 586 1334 Nostris
600 1286 788 1350 quacunque
803 1268 843 1330 de
862 1285 967 1344 eausa,
981 1284 1069 1327 ocea-
1124 1263 1173 1322 vel
1199 1265 1344 1322 emaneto
1364 1259 1546 1340 quempiam
1568 1256 1600 1316 in
1617 1256 1751 1337 judicio,
1768 1256 1818 1317 vel
1834 1259 1924 1316 extre

278 1362 376 1436 sione,
401 1359 501 1434 titulo,
527 1357 643 1430 colore,
668 1360 700 1418 et
724 1361 878 1436 pretextu
899 1375 962 1434 per·
977 1373 1070 1434 quas-
1125 1350 1203 1411 illud
1218 1348 1275 1426 uti,
1292 1365 1347 1409 seu
1362 1365 1395 1407 se
1406 1347 1514 1428 jurare
1530 1345 1593 1406 ullo
1615 1345 1711 1406 mode
1725 1361 1836 1423 posse;
1866 1343 1923 1404 sed

279 1464 403 1527 cunque
416 1444 621 1524 apostolicas,
638 1442 704 1504 sive
725 1443 756 1502 in
771 1442 864 1504 simili
883 1442 985 1504 forma
998 1445 1070 1504 Bre-
1125 1437 1210 1517 ipses
1224 1439 1394 1516 presentes
1407 1435 1526 1497 litteras
1536 1451 1661 1512 semper
1670 1434 1788 1509 firmas,
1799 1431 1925 1492 validas

278 1536 336 1612 vis,
349 1534 481 1596 sivesub
491 1532 618 1612 plumbo
632 1531 792 1611 expeditas
805 1531 923 1592 litteras
934 1531 991 1592 sub
1005 1529 1071 1610 qui·
1127 1531 1158 1588 et
1171 1526 1314 1587 efficaces
1330 1524 1489 1599 existeres,
1506 1525 1537 1584 et
1550 1521 1628 1597 fore,
1654 1539 1790 1602 suosque
1814 1520 1925 1598 plena-

282 1624 468 1701 buseunque
499 1621 668 1682 verborum
696 1618 805 1681 formis
830 1620 938 1696 factus,
969 1619 1069 1697 datas,
1127 1613 1201 1690 rios,
1228 1617 1259 1674 et
1282 1612 1421 1690 integros
1443 1613 1570 1672 eftectus
1585 1608 1699 1686 sortiri,
1718 1611 1749 1668 et
1763 1608 1922 1684 obtinere,

280 1728 454 1786 concessas,
480 1712 512 1770 et
533 1707 706 1786 impertitas
745 1707 803 1768 sub
823 1705 1002 1788 hujusmodi
1026 1705 1074 1767 in·
1128 1720 1166 1762 ac
1190 1702 1231 1762 ab
1251 1701 1324 1778 illis,
1354 1699 1395 1761 ad
1422 1718 1500 1779 quos
1515 1701 1645 1777 spectet,
1663 1701 1764 1775 etpro
1779 1702 1926 1775 tempore

281 1816 392 1878 gressu
404 1813 600 1871 revocemus,
615 1795 789 1871 abolemus,
807 1794 1016 1872 annullamus,
1029 1798 1073 1856 at
1129 1789 1381 1868 quandocunque
1399 1786 1565 1866 spectabit,
1584 1785 1815 1860 inviolabiliter,
1832 1789 1864 1847 et
1878 1785 1927 1846 in·

282 1905 342 1968 que
356 1885 531 1956 irritamus;
548 1900 670 1943 necnon
690 1882 869 1945 adatarum
892 1882 1075 1943 earumdem
1129 1895 1280 1940 concussa
1305 1876 1483 1950 ohservari;
1505 1874 1623 1956 sicque,
1653 1878 1684 1936 et
1698 1891 1761 1935 uon
1782 1873 1875 1936 aliter
1894 1872 1928 1934 iu

281 1973 484 2057 praesentium
500 1972 550 2032 die
566 1975 724 2048 revocate,
748 1971 876 2048 abolita,
901 1971 1072 2048 annullata,
1129 1967 1298 2049 premissis
1308 1985 1365 2046 per
1377 1963 1717 2046 quoscunquetudioes
1728 1961 1927 2036 Ordinsrios,

283 2069 315 2125 et
328 2062 426 2138 irrite,
451 2078 489 2121 ee
512 2059 637 2136 nullius,
654 2078 782 2137 prorsus
802 2059 952 2121 momenti
973 2077 1010 2121 ac
1031 2059 1074 2120 vi·
1131 2062 1161 2117 et
1175 2056 1351 2134 Delegatos‚
1368 2054 1464 2116 etiam
1477 2054 1651 2114 Causarum
1665 2050 1776 2112 Palatii
1791 2051 1928 2129 Aposto-

283 2151 368 2232 goris
382 2167 461 2226 esse,
479 2152 510 2212 et
524 2150 591 2210 fore
603 2147 784 2230 neminique
793 2147 919 2210 cuilibet
938 2167 1075 2229 quocun·
1129 2144 1181 2207 lici
1195 2144 1373 2218 auditores,
1398 2160 1436 2204 ac
1459 2143 1582 2203 Sanctae
1606 2143 1756 2201 Romana
1778 2137 1930 2201 Ecclesiae

284 2257 345 2321 que
359 2243 500 2316 tempore
515 2236 690 2314 suffragari,
703 2254 740 2297 ec
750 2237 922 2316 quemlibet
936 2237 1077 2299 omnium
1130 2231 1312 2295 Cardinalee
1327 2231 1422 2297 etiam
1445 2229 1485 2290 de
1512 2232 1623 2291 Latere
1638 2229 1770 2308 legates,
1787 2231 1820 2290 et
1833 2226 1930 2290 Sedis

284 2325 514 2388 antedictorum
529 2323 623 2385 etiam
638 2324 765 2403 speciali
780 2325 940 2387 mentione
965 2325 1077 2404 digno·
1130 2319 1290 2401 predictae
1317 2318 1459 2396 Nuntios,
1476 2316 1593 2379 aliosve
1608 2316 1765 2396 quoslibet
1787 2332 1932 2395 quacun·

284 2432 354 2476 rum
369 2431 559 2494 quecunque
573 2412 721 2474 facultate
739 2413 931 2493 hujusmodi,
944 2414 1009 2476 sive
1019 2433 1077 2493 pro
1134 2427 1195 2489 que
1210 2405 1459 2489 praeeminentia,
1478 2408 1509 2468 et
1523 2408 1678 2484 potestate
1700 2403 1881 2482 fungentes,
1898 2405 1933 2464 et

284 2520 329 2578 se,
345 2501 411 2562 sive
424 2518 480 2580 pro
504 2499 572 2561 aliis
593 2503 711 2562 umere
732 2500 777 2562 uti
804 2501 983 2578 audentem,
1010 2502 1077 2582 ipso
1133 2497 1295 2558 functuros
1309 2494 1433 2556 sublate
1448 2493 1503 2570 eis,
1515 2497 1546 2554 et
1560 2510 1670 2554 eorum
1680 2487 1808 2553 cuilibet
1818 2490 1932 2570 quavis

284 2590 378 2664 facto,
396 2587 518 2667 absque
533 2586 598 2647 ulla
610 2585 673 2647 elia
687 2587 900 2648 declaratione
914 2607 1035 2668 poenas,
1048 2593 1079 2652 et
1134 2584 1224 2646 aliter
1234 2580 1409 2664 judicandi,
1427 2585 1458 2643 et
1471 2579 1698 2660 interpretandi
1717 2579 1881 2656 facultate,
1898 2583 1933 2639 et

285 2675 517 2739 Ecclesiasticus
531 2677 1079 2740 censurascontraviolanteselsusu-
1133 2669 1329 2747 auctoritate,
1342 2667 1489 2750 judicari,
1505 2673 1536 2730 et
1550 2667 1672 2728 definiri
1687 2666 1820 2743 babere,
1836 2684 1874 2727 ac
1889 2665 1931 2726 ir·

286 2783 355 2826 ram
369 2761 552 2825 monialium
562 2761 706 2841 inflictas,
717 2764 857 2845 equibus
868 2769 1079 2847 preterquam
1133 2759 1240 2835 ritum,
1257 2763 1288 2820 et
1302 2757 1405 2835 inane,
1422 2757 1447 2818 si
1462 2775 1552 2819 secus
1562 2775 1657 2835 super
1671 2754 1720 2816 his
1734 2773 1754 2816 a
1768 2771 1932 2835 quoquam

287 2852 426 2928 sNobis,
455 2853 487 2912 et
508 2868 566 2928 pro
584 2853 726 2929 tempore
750 2851 902 2915 existente
935 2857 1102 2916 Romano,
1134 2847 1244 2928 quevis
1269 2843 1455 2908 auctoritate
1482 2844 1627 2920 scienter,
1658 2843 1708 2904 vel
1743 2841 1932 2922 ignoranter

288 2938 449 3014 Pontillce‚
467 2936 526 2997 nisi
541 2935 573 2997 in
587 2936 697 2999 mortis
711 2938 841 3002 articulo
853 2941 972 3002 absolvi
982 2941 1080 3020 possit
1134 2933 1300 3014 configerit
1313 2933 1470 2996 attentari·
1489 2934 1557 2994 Non
1576 2931 1772 2994 obstantibus
1790 2931 1933 3011 praemis·

288 3027 460 3101 incurrere,
478 3028 509 3087 et
522 3023 683 3085 incursum
693 3026 1010 3108 esse;licentiamque
1023 3029 1079 3091 bu·
1134 3021 1186 3098 sis,
1206 3040 1254 3100 ec,
1273 3025 1427 3102 quatenus
1442 3039 1521 3101 opus
1535 3020 1575 3082 sit
1588 3023 1706 3098 nostra,
1724 3024 1756 3082 et
1774 3019 1933 3082 Cancella-
1957 3087 1962 3096 ,

286 3111 425 3195 jusmodi
441 3128 624 3173 concessam
638 3111 722 3174 nullo
737 3113 831 3176 modo
846 3115 1021 3194 suffragari,
1043 3135 1080 3178 aa
1134 3108 1190 3171 riae
1211 3109 1398 3187 Apostolicae
1426 3109 1538 3190 regula
1564 3108 1603 3169 de
1626 3106 1698 3188 jure
1720 3107 1853 3188 quaesito
1868 3123 1933 3168 non

289 3200 405 3262 nullius
428 3197 578 3260 momenti
602 3197 733 3278 perinde
759 3217 796 3262 ae
820 3201 846 3262 si
866 3201 993 3263 minime
1009 3220 1080 3265 con·
1136 3195 1284 3273 tollendo,
1296 3195 1429 3276 aliisque
1440 3195 1719 3258 constitutionibus
1729 3195 1932 3274 Apostoliois,

290 3305 380 3351 cesse
402 3285 521 3364 luisset,
548 3285 615 3366 ipso
643 3287 726 3350 lacto
749 3289 827 3366 tore,
852 3297 884 3352 et
906 3290 1026 3367 haberi,
1044 3309 1081 3353 ec
1136 3302 1259 3346 necnon
1274 3284 1435 3364 quibusvis
1450 3282 1936 3363 etiamjuramento,confirma·

289 3393 411 3456 poenas,
428 3377 460 3437 et
473 3391 621 3436 censuras
638 3375 872 3438 Ecclesiasticus
894 3377 962 3456 ipso
986 3378 1082 3440 etiam
1136 3373 1425 3452 tioueApostoliea,
1441 3373 1491 3434 vel
1507 3371 1617 3451 quavis
1631 3371 1778 3433 firmitate
1802 3371 1866 3433 elie
1881 3389 1936 3433 ro-

291 3465 384 3540 facto,
399 3466 434 3524 ut
447 3461 648 3542 premittitur
659 3482 716 3543 per
735 3465 1013 3528 contrafacientem
1035 3467 1083 3527 in·
1136 3459 1255 3522 beretis
1269 3460 1402 3538 statutis,
1420 3464 1451 3523 et
1464 3459 1754 3536 consuetudinibus,
1771 3477 1809 3520 ao
1824 3460 1936 3521 usibus

291 3551 386 3628 curri,
403 3555 435 3613 et
445 3551 587 3612 incursas
608 3569 676 3612 esse
690 3551 868 3630 statuimus,
884 3553 1082 3616 decernimus
1138 3556 1170 3615 et
1184 3549 1272 3629 stylis
1297 3549 1391 3612 etiam
1415 3548 1734 3621 immemorabilibus3
1760 3546 1935 3627 privilegis

291 3659 329 3702 ac
343 3639 550 3702 declaramus.
570 3640 780 3702 Decernentes
803 3641 930 3702 easdem
945 3660 1084 3721 praeseu-
1134 3657 1264 3720 ,quoque
1279 3637 1417 3714 indultis,
1435 3635 1784 3715 ettiuerisllpostoliois
1799 3635 1936 3715 predic-

291 3732 339 3790 tes
362 3726 499 3804 litteras,
529 3729 561 3789 et
585 3727 617 3788 in
641 3725 685 3789 eis
700 3730 848 3790 contenta
873 3745 1081 3811 quaecuuque,
1138 3727 1190 3804 tis,
1207 3725 1337 3806 aliisque
1358 3724 1549 3805 quibuslibet
1568 3723 1711 3803 personis
1737 3723 1833 3786 etiam
1858 3742 1934 3805 que·

292 3813 398 3890 etiam,
423 3830 461 3873 ex
483 3830 532 3889 eo,
547 3813 631 3893 quod
655 3814 836 3894 quicunque
859 3813 892 3875 in
916 3816 1084 3894 premissis
1139 3832 1264 3894 cunque
1278 3811 1510 3888 Ecclesiastice,
1536 3811 1587 3872 vel
1601 3810 1767 3872 mundana
1781 3811 1934 3891 dignitate

291 3903 442 3963 interesse
456 3901 619 3979 habentes,
646 3921 702 3963 seu
716 3903 834 3964 babere
850 3903 1086 3983 quomodolibet
1139 3901 1341 3982 fulgentibus,
1359 3899 1476 3962 stelias
1491 3898 1931 3978 quomodolibetqueliflcetis,

292 3987 522 4070 praetendentes
539 3987 676 4068 cujusvis
690 3992 799 4066 stabis,
813 3989 941 4069 gradus,
954 3991 1082 4070 ordinis,
1140 4009 1177 4053 ec
1191 3988 1370 4069 specialem,
1387 3987 1620 4068 expressionem
1633 3987 1865 4066 requirentibus
1874 3987 1934 4049 sub

293 4075 547 4155 praeminentia,
564 4082 596 4139 et
609 4076 779 4156 dignitatis,
796 4077 941 4156 existant,
958 4080 1086 4142 seuelia
1140 4075 1561 4160 quibuscunqueverborum
1579 4074 1753 4150 tenoribus,
1767 4078 1800 4136 et
1812 4075 1931 4152 formis,

293 4163 450 4244 specilloa,
476 4168 507 4225 et
528 4163 692 4225 individua
714 4165 886 4242 mentione,
914 4170 946 4229 et
961 4185 1086 4246 expres·
1141 4185 1179 4228 ec
1192 4183 1269 4228 cure
1283 4164 1445 4245 quibusvis
1461 4163 1555 4226 etiem
1579 4161 1817 4242 derogatorium
1840 4161 1934 4224 dero-

294 4252 381 4314 sione
393 4251 478 4331 digni
494 4251 553 4312 illis
568 4270 630 4313 non
646 4253 849 4330 consenserit,
864 4271 923 4316 neo
935 4255 976 4316 ad
990 4273 1029 4316 ee
1045 4256 1086 4317 ci·
1140 4253 1270 4335 getoriis
1290 4252 1421 4332 aliisque
1437 4252 1665 4314 efficacioribus
1681 4251 1887 4330 efficacimus‚
1903 4257 1935 4313 et

293 4339 361 4417 teti,
376 4339 489 4417 vocati,
508 4343 539 4402 et
552 4339 662 4418 auditi,
679 4359 846 4421 causaque
862 4347 993 4422 propter
1008 4363 1087 4424 quas
1141 4341 1274 4404 insolitis
1289 4339 1447 4417 clausulis,
1463 4357 1501 4402 ac
1514 4339 1719 4416 irritantibus,
1736 4343 1768 4402 et
1791 4339 1860 4401 aliis
1879 4338 1934 4400 de-

294 4433 464 4508 proesentes
478 4428 1016 4510 emanarintsuffrcienteredduetae,
1033 4452 1088 4494 ve-
1143 4430 1246 4506 oretis,
1264 4428 1358 4492 edam
1374 4433 1471 4504 motu,
1486 4427 1628 4504 seientia,
1646 4431 1678 4489 et
1690 4427 1856 4506 potestatis
1871 4428 1933 4508 ple·

294 4514 440 4592 rificatae,
470 4518 502 4577 et
524 4513 701 4595 justificate
729 4534 791 4578 non
818 4515 944 4595 fuerint,
973 4523 1028 4580 aut
1050 4538 1089 4581 ex
1142 4517 1284 4581 nitudine
1298 4515 1461 4594 similibus,
1478 4535 1516 4578 ec
1531 4514 1799 4590 consistorialiter,
1812 4519 1845 4577 et
1858 4515 1933 4576 alias

295 4603 358 4665 alie
381 4601 521 4683 qualibet
544 4603 639 4664 etiam
661 4604 863 4684 quantumvis
882 4603 1030 4684 juridica,
1058 4612 1089 4671 et
1144 4604 1379 4687 quomodolibet
1406 4605 1436 4666 in
1471 4603 1664 4667 eontrarium
1698 4603 1933 4685 premissorum

296 4689 495 4771 privilegiata
508 4707 604 4752 cause
618 4691 734 4769 colore,
751 4694 915 4770 pretextu,
933 4696 964 4754 et
973 4692 1086 4772 capite,
1143 4691 1311 4769 concessis,
1328 4691 1431 4770 editis,
1448 4692 1550 4770 factis,
1565 4710 1602 4753 ac
1616 4691 1734 4770 pluries
1748 4691 1880 4768 iteratis,
1904 4692 1934 4752 et

297 4777 391 4840 etiam
405 4777 436 4838 in
450 4795 583 4858 corpore
595 4777 678 4859 juris
692 4777 810 4855 clauso,
834 4778 929 4840 etiam
953 4779 1089 4842 enormis
1145 4780 1397 4861 quantiscunque
1429 4779 1550 4842 vicibus
1578 4779 1772 4859 approbatis,
1803 4781 1934 4842 confira·
1968 4831 1971 4840 ,

296 4865 523 4942 enormissime‚
549 4871 581 4929 et
605 4865 712 4929 totalis
748 4866 885 4928 laesionis
919 4868 1003 4929 nullo
1031 4887 1090 4930 un·
1143 4867 1247 4946 matis,
1264 4867 1475 4930 etinnovatis.
1500 4867 1618 4940 Quibus
1640 4868 1798 4944 omnibus,
1822 4873 1855 4930 et
1875 4867 1934 4929 sin·

297 4973 393 5035 quam
413 4957 555 5034 tempore
577 4955 616 5016 de
635 4953 857 5034 subreptionis,
884 4954 1086 5034 obreptionis,
1143 4955 1236 5034 gulis,
1253 4955 1375 5017 etiamsi
1391 4973 1447 5035 pre
1465 4955 1591 5017 illorum
1613 4955 1782 5017 sufficienti
1804 4955 1933 5036 deroga·

296 5047 351 5105 aut
365 5043 514 5106 nuditatis
530 5042 620 5120 vitio,
636 5047 691 5105 aut
703 5043 883 5105 intentionis
897 5048 1022 5122 nestra,
1039 5045 1089 5106 vel
1143 5042 1227 5104 tione
1243 5041 1282 5104 de
1297 5043 1368 5119 illis,
1393 5060 1566 5124 eorumque
1587 5041 1661 5104 totis
1681 5041 1844 5104 tenoribus
1866 5060 1935 5123 spe·

296 5131 446 5192 interesse
456 5128 641 5192 habentium
652 5147 834 5208 consensus,
848 5131 949 5194 aliove
960 5150 1089 5212 quomo·
1144 5129 1242 5208 cialis,
1255 5131 1411 5211 specifica,
1428 5148 1587 5211 expressa,
1604 5135 1635 5192 et
1654 5129 1829 5208 individua,
1846 5151 1883 5193 ac
1896 5131 1933 5192 de

297 5219 426 5296 delibet,
444 5218 538 5281 etiam
554 5218 755 5298 quantumvis
769 5221 1089 5299 magno,etsubstan-
1143 5217 1240 5280 verbo
1264 5218 1304 5283 ad
1327 5219 1470 5296 verbum,
1497 5237 1559 5280 non
1583 5224 1689 5279 eutem
1710 5237 1767 5297 per
1781 5220 1933 5281 clausulas

297 5308 375 5384 ticli,
402 5325 438 5368 ne
462 5306 643 5386 incogitata
671 5311 702 5369 ct
729 5307 959 5387 inexcogitabili
979 5307 1088 5370 indivi-
1143 5307 1306 5384 generales
1321 5305 1405 5368 idem
1420 5306 1766 5387 importentesmentio,
1783 5323 1839 5368 seu
1854 5324 1933 5387 quae-

298 5395 455 5476 (luemque
470 5394 702 5472 expressionem
713 5393 891 5474 requirente
901 5394 1024 5457 defectu
1034 5413 1088 5457 ne·
1143 5395 1190 5458 vis
1205 5395 1267 5458 elie
1282 5394 1439 5476 exquisita
1460 5395 1562 5457 forma
1577 5395 1618 5457 ad
1642 5394 1703 5457 hoc
1722 5395 1879 5457 servanda
1892 5395 1933 5456 fo·

297 5483 367 5562 tari,
384 5481 573 5564 impugnari,
589 5481 727 5568 infringi,
753 5483 932 5561 retractari,
957 5483 988 5544 in
1012 5501 1088 5546 ceu·
1143 5489 1202 5563 ret,
1218 5487 1343 5548 tenores
1357 5481 1547 5566 hujusmodi,
1564 5499 1602 5548 ee
1616 5482 1642 5545 si
1657 5481 1853 5548 deverboed
1867 5499 1933 5544 ver-

2077 653 2081 694 ¹

2079 775 2081 866 1
