3992 6336
304 539 343 607 ee
884 529 1001 603 uleus
1022 535 1202 617 nunnus
1226 539 1327 604 rins
1348 531 1372 602 l.

307 729 389 792 rium
404 730 472 789 erat
486 729 606 787 certum
623 743 630 786 :
649 743 725 806 ergo
740 728 861 788 eertum
876 730 933 804 est,
950 727 1035 808 quod
1057 725 1103 788 fe-
1196 730 1226 788 t.
1244 727 1361 805 Utres,
1379 744 1477 808 quam
1491 726 1617 806 accipis,
1644 726 1685 788 sit
1708 727 1754 789 tui
1777 727 1942 792 debitoris:
1962 733 1989 782 ee

307 815 387 878 ceris
400 814 477 876 mihi
492 813 639 895 injuriam
658 820 690 875 et
712 818 943 895 consequenter
964 815 1102 877 tenearis
1158 815 1241 876 uude
1255 833 1317 875 non
1335 815 1439 877 licebit
1459 815 1601 894 accipere
1624 833 1693 877 rem
1715 816 1852 878 alienam
1875 818 1944 879 eris-

307 922 466 985 reparare,
482 922 537 964 seu
554 903 660 964 omnia
674 902 839 964 restituere
854 904 885 964 in
900 903 1060 983 integrum
1070 908 1103 966 et
1157 904 1275 964 tentem
1290 902 1573 981 apuddebitorem,
1585 903 1696 965 necilli
1707 904 1942 982 commodatam,

307 992 392 1054 idem
406 997 453 1054 est
466 991 506 1053 de
521 990 590 1052 aliis
605 989 758 1051 similibus
773 989 908 1068 casibus,
934 991 966 1050 in
988 991 1103 1070 quibus
1156 997 1212 1052 aut
1231 990 1317 1070 apud
1341 1009 1412 1052 eum
1437 991 1624 1071 depositam,
1649 993 1724 1072 quia
1748 992 1817 1071 ipse
1832 1011 1893 1054 non
1905 999 1945 1055 εει

303 1080 356 1161 jus
371 1079 431 1141 boc
452 1078 503 1140 vel
524 1078 601 1139 illud
616 1082 665 1140 est
678 1081 811 1155 certum,
827 1078 878 1140 vel
892 1083 1015 1142 tantum
1028 1095 1103 1157 pro-
1157 1078 1270 1141 berum
1294 1097 1400 1142 rerum
1425 1079 1570 1141 domiuus
1596 1100 1603 1141 :
1629 1080 1655 1141 si
1680 1085 1788 1142 autem
1808 1081 1874 1159 ipse
1888 1099 1945 1142 rem

306 1167 421 1230 babile.
445 1167 536 1240 Quod
559 1164 584 1226 si
605 1167 759 1228 ductores
788 1173 902 1227 nostrae
926 1165 1100 1244 sententie,
1157 1185 1246 1229 suam
1260 1166 1315 1229 libi
1331 1166 1549 1244 commodarit,
1566 1171 1622 1230 aut
1641 1168 1726 1246 apud
1749 1171 1780 1230 te
1804 1168 1945 1247 deposue

307 1256 497 1337 quandoque
512 1254 630 1330 dicent,
647 1253 679 1314 in
695 1254 755 1316 hoc
769 1255 820 1316 vel
835 1253 887 1316 illo
909 1273 984 1316 casu
1006 1254 1101 1315 licere
1157 1254 1206 1330 rit,
1223 1256 1299 1333 Gap.
1317 1251 1402 1316 Bono
1415 1254 1499 1337 fides,
1516 1254 1552 1317 de
1559 1256 1710 1338 Depositis
1723 1265 1752 1317 et
1761 1255 1799 1317 L.
1810 1257 1867 1318 ult.
1881 1255 1943 1318 Cud.

308 1344 464 1405 cocullam
478 1341 778 1422 compensatiouem,
795 1359 867 1403 cum
881 1345 987 1403 temen
1002 1341 1035 1402 id
1058 1341 1102 1403 vi·
1157 1341 1192 1402 de
1211 1341 1367 1422 Depositis,
1393 1343 1509 1406 dicitur
1532 1363 1594 1406 nun
1618 1363 1711 1424 posse
1741 1345 1872 1406 retineri
1896 1363 1945 1424 pru

307 1429 420 1491 deutur
442 1447 510 1491 esse
533 1433 658 1490 tantum
677 1427 852 1507 probabile,
876 1446 914 1489 eo
943 1427 1027 1508 quod
1049 1427 1101 1488 alii
1157 1431 1422 1508 compensatione,
1440 1431 1525 1511 quod
1540 1433 1630 1494 multi
1645 1432 1946 1512 intelligenttantum

307 1517 486 1598 oppositum
513 1521 652 1592 teneant,
683 1517 853 1578 dicendum
878 1521 927 1578 est
948 1518 1102 1578 Αεοιοεεε
1157 1536 1214 1597 pro
1228 1516 1297 1579 foro
1312 1524 1452 1596 externo,
1470 1520 1555 1581 unde
1569 1521 1697 1582 retineri
1712 1539 1807 1600 posse
1823 1522 1946 1601 prolum

308 1604 376 1666 illos
391 1609 517 1683 putasse
532 1621 589 1683 pro
604 1603 659 1666 tali
673 1604 909 1666 circumstantia
920 1621 988 1665 esse
998 1622 1103 1666 mora-
1157 1604 1355 1667 conscientiae
1370 1606 1485 1668 docent
1500 1611 1578 1668 Nav.
1599 1609 1651 1685 Sa,
1668 1611 1769 1670 Tana.
1786 1611 1876 1670 Less.
1892 1607 1946 1684 te,

306 1692 378 1755 liter
392 1697 512 1754 certum
529 1712 536 1752 :
553 1697 637 1754 recte
652 1692 735 1753 enim
751 1699 861 1754 εοιεει
874 1692 981 1755 Rebel.
1005 1698 1037 1754 et
1050 1692 1103 1754 ni·
1158 1701 1197 1754 tr.
1208 1696 1257 1770 tl,
1274 1712 1305 1753 n.
1323 1696 1378 1766 l6;
1395 1697 1475 1756 Onu.
1492 1713 1522 1756 a.
1536 1698 1609 1769 l'll;
1626 1695 1742 1758 Dicast.
1759 1716 1791 1758 n.
1808 1698 1845 1758 sl
1862 1697 1946 1767 ει96;

308 1783 384 1841 εεει.
407 1777 428 1840 l.
445 1781 475 1855 Ξ,
492 1787 513 1839 ι.
531 1782 561 1854 2,
577 1778 640 1857 de,
657 1799 687 1840 n.
703 1783 754 1855 93,
771 1799 833 1842 εοε
848 1779 965 1860 requiri
989 1779 1104 1841 infalli-
1159 1782 1250 1860 Sper.
1266 1782 1357 1856 mili,
1377 1781 1520 1860 quamvis
1535 1783 1638 1843 Haun.
1654 1781 1690 1842 de
1706 1783 1815 1844 Contr.
1841 1781 1872 1842 io
1891 1799 1948 1862 pur-

306 1866 403 1928 bilem
418 1865 650 1942 certitudinem,
667 1865 722 1926 sed
738 1859 876 1928 buriano
891 1866 998 1943 modo,
1011 1867 1055 1928 ita
1069 1868 1105 1926 ut
1157 1865 1243 1927 ticet.
1270 1885 1301 1930 o.
1320 1870 1390 1944 738,
1415 1868 1500 1929 dieat
1526 1871 1594 1929 tum
1613 1873 1738 1946 lautum
1761 1870 1834 1930 fieri
1855 1885 1946 1948 possa,

308 1954 367 2016 viri
381 1954 551 2033 prudentes
566 1972 629 2015 nnn
644 1954 800 2032 dubitent,
818 1972 876 2017 nec
890 1958 1002 2034 putent
1012 1954 1062 2015 hic
1073 1957 1104 2016 et
1159 1954 1286 2033 quando
1301 1972 1352 2015 res
1366 1955 1567 2016 commodata
1581 1974 1643 2019 nou
1659 1957 1796 2036 emplius
1812 1955 1912 2018 existit
1922 1955 1948 2015 in

307 2061 392 2104 nunc
406 2060 496 2121 posse
511 2042 684 2121 prudenter
698 2042 834 2104 dubitari
850 2044 889 2104 de
904 2043 1047 2123 opposito
1073 2048 1105 2102 et
1158 2056 1203 2114 se,
1220 2041 1276 2100 sed
1290 2044 1413 2102 tantum
1429 2045 1477 2103 est
1490 2043 1675 2104 aestimanda
1693 2063 1699 2104 :
1717 2043 1773 2105 sed
1784 2043 1949 2123 intelligere
1988 2111 1989 2116 ἵ

308 2130 353 2192 εἰο
366 2130 497 2210 intelligi
513 2129 630 2192 debent
644 2129 750 2191 omnio
763 2130 909 2192 dicenda.
1158 2125 1285 2189 videtur
1297 2129 1383 2208 quod
1403 2133 1470 2189 tum
1494 2129 1590 2192 etiem
1612 2131 1717 2192 valeat
1736 2148 1796 2209 pro
1816 2131 1884 2191 loro
1906 2149 1949 2189 ex·
1987 2119 1989 2156 ⁵

348 2221 452 2281 Unum
466 2216 571 2278 adbuc
585 2217 832 2280 controvertitur
845 2218 908 2296 hic,
925 2235 1040 2297 nempe
1062 2235 1103 2277 an
1159 2217 1266 2287 terno;
1282 2233 1333 2276 res
1344 2215 1504 2278 euimtum
1518 2235 1579 2278 non
1596 2223 1654 2295 est,
1667 2237 1739 2298 quse
1747 2219 1887 2280 habebat
1897 2216 1949 2296 pri·

307 2309 386 2382 tum,
399 2305 525 2385 quaudo
540 2308 720 2366 contractus
740 2310 788 2367 est
801 2310 924 2368 tuntum
944 2303 1103 2367 irritabilis
1158 2301 1318 2380 vilegium.
1345 2304 1424 2366 vide
1448 2307 1554 2366 tamen
1579 2305 1715 2368 dicenda
1733 2313 1809 2389 pe,
1834 2326 1865 2369 o.
1887 2308 1946 2367 l55.

308 2412 365 2474 per
379 2393 567 2455 seutentiam
580 2395 598 2457 J
602 2392 702 2454 udicis
716 2399 789 2455 ante
805 2393 886 2454 banc
901 2393 987 2456 licita
1000 2393 1041 2454 sit
1054 2411 1104 2453 oc·
1159 2391 1278 2453 Saltem
1301 2391 1418 2469 poteris
1442 2390 1585 2470 accipere
1608 2411 1687 2471 rem,
1711 2411 1813 2474 quam
1838 2395 1949 2456 debitor

309 2484 393 2544 culta
406 2481 619 2561 compensatio
635 2486 667 2543 et
680 2481 850 2545 vindicatio
865 2483 928 2554 rei;
946 2482 1105 2543 affirmant
1159 2484 1232 2539 tuus
1249 2478 1393 2541 mittebat
1415 2479 1506 2540 alteri
1526 2497 1583 2558 pro
1604 2480 1699 2559 dono,
1722 2488 1779 2545 εει
1799 2500 1858 2562 pro
1879 2481 1950 2542 sclu-

309 2568 423 2631 Sancb.
450 2568 486 2629 de
508 2567 640 2631 llatrs'm.
663 2567 685 2631 l.
713 2574 742 2646 ι,
766 2568 796 2631 d.
821 2572 852 2646 8,
869 2588 900 2631 n.
919 2573 952 2631 ll
971 2573 1002 2630 et
1015 2572 1102 2631 Less.
1159 2565 1243 2627 tione
1259 2564 1376 2643 debiti,
1398 2564 1570 2627 dummodo
1591 2567 1631 2628 ub
1654 2569 1754 2630 altero
1770 2568 1905 2630 necdum
1917 2566 1950 2627 sit

309 2656 394 2736 apud
408 2657 506 2734 bugu,
523 2654 553 2716 d.
571 2659 621 2733 22,
637 2675 669 2719 n.
688 2659 757 2733 llo,
774 2659 802 2719 si
815 2657 907 2719 aliter
921 2675 983 2717 non
1006 2655 1106 2735 possit
1159 2657 1332 2733 acceptata,
1348 2653 1404 2714 sed
1419 2653 1524 2715 adbuc
1538 2656 1597 2717 sub
1611 2656 1656 2718 tui
1681 2656 1840 2719 debitoris
1863 2653 1949 2717 domi·

308 2760 376 2805 rem
403 2761 591 2823 recuperare
615 2747 646 2805 et
669 2762 739 2804 eam
764 2746 843 2807 ulter
865 2749 1011 2806 teneatur
1032 2749 1105 2805 ante
1159 2742 1223 2819 nio,
1249 2741 1292 2802 uti
1317 2744 1405 2804 notat
1426 2741 1488 2802 llls.
1515 2761 1546 2805 n.
1575 2746 1643 2820 llll,
1667 2745 1796 2805 sienim
1817 2744 1902 2804 illam
1921 2749 1949 2801 tu

308 2830 685 2910 sententiamreslituere,
710 2829 784 2912 q'uia
808 2851 880 2894 eum
903 2851 959 2913 per
982 2837 1104 2894 senteu-
1159 2829 1246 2910 prior
1269 2846 1421 2907 occupeS,
1447 2829 1554 2892 statim
1581 2849 1640 2910 per
1670 2831 1949 2910 apprehensionem

309 2918 385 2981 liam
399 2922 486 2980 certo
502 2918 601 2996 possit
616 2919 751 2981 rescindi
774 2924 964 2996 contractus,
980 2919 1106 2980 videtur
1159 2918 1364 2998 possessionis
1386 2918 1418 2978 in
1440 2923 1470 2979 te
1493 2919 1666 2982 tranfertur
1681 2921 1873 2998 dominium,
1889 2935 1949 2979 cnm
1988 2973 1989 2976 ,

310 3025 378 3068 εεεε
389 3006 457 3086 J'am
468 3005 521 3086 jus
535 3007 610 3068 satis
624 3012 747 3070 certum
764 3029 771 3070 :
789 3029 805 3070 e
821 3014 930 3070 contra
940 3009 1103 3087 negentB.
1161 3006 1306 3068 dominus
1320 3024 1383 3068 nou
1397 3007 1496 3087 possit
1509 3026 1577 3069 esse
1593 3009 1948 3071 rationabilitoriuvitus.
1983 2983 1989 3042 i

309 3093 439 3157 Pontius
465 3098 497 3155 ει
518 3094 609 3156 Dian.
629 3115 664 3174 p.
691 3098 720 3172 3,
746 3105 785 3158 ιο.
809 3099 840 3174 5,
865 3115 919 3158 res.
941 3097 1010 3173 ll8,
1033 3093 1107 3175 quia
1160 3095 1309 3156 Econtm
1323 3100 1428 3156 tamen
1443 3094 1469 3155 si
1480 3095 1560 3157 alius
1570 3096 1674 3158 mittet
1688 3097 1813 3179 aliquid
1822 3098 1864 3158 ad
1873 3101 1951 3158 tuum

311 3180 453 3261 quandiu
468 3198 531 3242 non
547 3181 702 3243 scinditur
715 3189 904 3260 contractus,
930 3187 1038 3244 manet
1053 3181 1106 3262 jus
1161 3182 1349 3258 debitorem,
1367 3183 1422 3261 qui
1436 3183 1572 3244 necdum
1587 3186 1774 3265 acceptarit,
1793 3190 1850 3248 εει
1863 3183 1888 3246 si
1901 3181 1951 3262 ipsi

309 3269 343 3330 in
365 3287 399 3329 re
424 3267 612 3349 acquisitum
635 3269 724 3332 elteri
748 3289 755 3331 :
777 3271 832 3332 sed
846 3273 934 3350 prior
951 3270 1107 3333 sententia
1161 3270 1274 3332 debeat
1288 3269 1418 3350 aliquid,
1434 3271 1491 3331 sed
1506 3271 1642 3333 necdum
1657 3273 1802 3351 solverit,
1829 3291 1892 3334 non
1906 3288 1950 3350 po

310 3357 435 3419 videtur
449 3374 536 3434 vera,
553 3357 627 3438 quia
650 3362 685 3419 ut
706 3357 792 3420 licita
814 3359 854 3421 sit
877 3359 1000 3420 occulta
1021 3374 1107 3418 com·
1160 3358 1237 3418 teris
1251 3357 1429 3435 preripere,
1446 3357 1521 3437 quia
1535 3359 1671 3420 necdum
1685 3364 1734 3422 est
1748 3380 1802 3423 res
1817 3361 1864 3423 tui
1876 3358 1950 3420 debi-

311 3445 465 3524 pensatio,
482 3445 558 3507 satis
572 3451 621 3508 est
630 3446 683 3527 jus
698 3451 819 3508 certum
830 3447 947 3508 adrem
958 3446 1105 3520 alienam,
1162 3445 1248 3508 toris.
1265 3446 1359 3524 Vasq.
1376 3447 1455 3525 Lug,
1470 3465 1502 3506 o.
1520 3448 1595 3519 1203
1620 3447 1731 3510 Tamb.
1757 3449 1778 3528 fi
1801 3453 1843 3523 ις
1870 3449 1949 3527 Sper.
1988 3473 1989 3476 ¹

310 3532 449 3613 alioquin
465 3550 626 3613 nunquam
641 3540 723 3596 esset
736 3534 856 3598 licitum
876 3535 933 3596 sibi
958 3552 1108 3612 compen·
1160 3553 1190 3596 a.
1202 3537 1252 3609 80,
1269 3534 1319 3595 8l.

311 3639 381 3682 sare
393 3619 446 3700 jos
461 3625 582 3682 certum
596 3639 654 3701 per
667 3624 886 3699 retentionem,
903 3623 952 3684 vel
973 3639 1108 3700 occupa·
1202 3623 1231 3680 5.
1250 3622 1291 3681 Ut
1304 3637 1372 3680 rem
1386 3621 1442 3681 tibi
1458 3621 1598 3683 debitam
1613 3641 1674 3685 nou
1687 3624 1779 3686 facile
1795 3627 1896 3706 possis
1908 3623 1952 3686 ali
1970 3629 1989 3694 ιζ

311 3710 429 3773 tionem
444 3708 621 3771 reialienae.
1161 3712 1210 3769 ter
1224 3707 1376 3786 obtinere,
1394 3709 1438 3768 uti
1455 3709 1590 3771 babetur
1609 3711 1628 3773 l.
1651 3712 1749 3791 l3,ff.
1771 3714 1861 3790 Quod
1876 3720 1953 3775 metus
1987 3707 1989 3764 ἕ

243 3843 285 3890 ω,
352 3795 667 3858 oberestenvelt
692 3815 854 3876 presens:
880 3798 976 3878 aliqui
1000 3803 1107 3860 tamen
1162 3813 1259 3863 causo,
1276 3799 1465 3856 tumentem
1481 3815 1542 3857 uon
1558 3800 1754 3876 potesfacile
1771 3801 1989 3878 obtinere‚si-

312 3903 385 3948 cum
395 3886 495 3946 Tana.
512 3883 602 3946 Dian.
621 3889 652 3947 et
666 3886 756 3964 Spor.
774 3895 796 3949 t.
807 3889 837 3964 5,
853 3906 879 3948 c.
891 3890 921 3963 ιι,
933 3890 1107 3963 η.“ιι,οοε-
1162 3883 1295 3943 deberes
1318 3901 1375 3962 per
1395 3884 1494 3960 litem,
1517 3886 1567 3945 vel
1591 3887 1752 3964 publicam
1775 3897 1954 3969 potestatem
1987 3933 1989 3956 ÷

312 3975 431 4037 cedunt
448 3971 545 4033 eliam
559 3973 654 4035 licere
668 3976 842 4052 prevenire
858 3979 889 4038 ει
903 3991 1107 4054 compensare
1163 3987 1276 4049 eogere
1291 3989 1362 4031 oum
1377 3973 1501 4051 magnis
1517 3975 1673 4052 expensis,
1685 3977 1735 4037 vel
1747 3975 1878 4057 jactura
1890 3978 1954 4040 ami·
1988 3989 1989 3994 ’

312 4079 397 4124 εεεο
415 4077 472 4140 pro
494 4078 544 4138 eo,
567 4061 652 4140 quod
676 4061 755 4124 ulter
779 4066 864 4125 certo
888 4062 1016 4124 debebit
1037 4064 1109 4141 post
1163 4058 1244 4119 citiae
1266 4063 1297 4120 et
1319 4059 1428 4137 gratiae
1453 4060 1508 4122 tibi
1525 4061 1661 4122 multum
1676 4065 1760 4125 utilis
1778 4067 1803 4143 ¹,
1826 4067 1870 4128 uli
1893 4080 1954 4126 oum
1987 4133 1989 4140 Α

313 4166 465 4224 mensem,
481 4147 508 4209 si
522 4152 593 4227 post
606 4164 746 4209 mensem
761 4167 823 4210 nou
839 4168 909 4211 eras
922 4153 1108 4228 accepturus
1163 4145 1232 4207 eliis
1255 4151 1343 4208 notet
1365 4147 1476 4208 Tamb.
1507 4149 1574 4226 §l
1595 4169 1626 4210 n.
1643 4152 1674 4226 3,
1691 4151 1745 4212 ubi
1770 4171 1846 4214 eum
1869 4153 1955 4215 Diana
1987 4157 1989 4184 ι

314 4236 399 4318 quod
413 4234 575 4315 probabile
590 4253 657 4296 esse
672 4236 815 4314 agnoscit
828 4239 927 4316 Lugo,
953 4238 1108 4317 docetque
1163 4234 1240 4296 dicit
1253 4253 1314 4296 non
1326 4235 1545 4311 feremurtale,
1560 4238 1705 4316 quamvis
1720 4237 1804 4301 desit
1814 4240 1955 4303 haeocou·

315 4325 457 4386 absolute
472 4324 536 4385 llls.
552 4342 583 4384 a.
602 4325 670 4400 tlt,
687 4323 859 4386 dummodo
877 4344 915 4386 ex
938 4325 1109 4404 anticipata
1164 4323 1240 4384 ditio
1253 4341 1259 4383 :
1273 4327 1409 4384 econtra
1421 4323 1528 4385 Moliu.
1542 4321 1694 4387 dicitiore
1706 4327 1864 4388 momale:
1881 4321 1954 4406 qnod
1988 4377 1989 4382 ,

314 4413 697 4474 solutionenonnasoatur
711 4411 862 4473 damnum
876 4413 1109 4490 debitori,alio·
1164 4411 1188 4472 si
1212 4410 1262 4470 fur
1284 4410 1399 4472 babeat
1417 4429 1485 4472 rem
1508 4415 1607 4489 tuam,
1631 4415 1832 4476 consuetudo
1855 4411 1954 4493 probet

314 4499 391 4579 quin
406 4497 536 4560 debebis
550 4496 611 4560 hoc
624 4497 788 4575 resarcire,
805 4500 915 4562 Tamb.
933 4500 956 4560 l.
972 4502 1002 4576 8,
1020 4505 1058 4562 tr.
1077 4501 1106 4575 ι,
1164 4516 1255 4578 posse
1270 4498 1336 4558 sine
1351 4499 1414 4560 ullo
1429 4504 1558 4580 peccato
1572 4502 1701 4580 proprie
1716 4503 1954 4564 auctoritatem

314 4605 339 4647 c.
356 4590 386 4662 5,
405 4588 419 4661 ξ
436 4587 464 4663 l,
481 4605 512 4647 e.
529 4589 559 4652 Ξ.
576 4585 667 4647 ilatio
688 4585 802 4663 prioris
825 4590 883 4662 εει,
901 4586 976 4666 quia
989 4586 1109 4648 licitum
1164 4585 1245 4664 cipi,
1270 4585 1386 4648 Dicast.
1408 4605 1440 4648 e.
1463 4590 1514 4664 79,
1540 4591 1572 4648 et
1592 4587 1730 4650 habetur
1757 4589 1777 4650 l.
1799 4592 1849 4652 l8.
1872 4582 1955 4666 ffllle

315 4679 362 4735 εει
375 4691 538 4735 removere
552 4673 738 4752 periculum,
756 4673 840 4752 quod
855 4681 942 4736 certo
967 4673 1111 4736 imminet
1163 4672 1267 4753 sertis.

314 4761 359 4824 rei
373 4777 463 4840 meae,
480 4778 593 4843 meque
608 4760 788 4824 indemnem
803 4760 947 4824 reddere.
1204 4764 1234 4822 6.
1259 4763 1300 4824 Ut
1320 4761 1376 4826 ilat
1398 4781 1471 4826 cum
1494 4765 1625 4829 minimo
1650 4765 1767 4830 damno
1792 4763 1989 4876 ειει)ἰιοειε,ιΙ

348 5114 435 5167 ιΝοε
452 5109 560 5165 inutilis
575 5113 639 5165 sunt
661 5113 719 5164 haec
737 5111 819 5167 verbe
842 5113 949 5166 muttum
970 5109 1039 5167 utile
1054 5113 1110 5168 hec
1165 5121 1286 5179 unquem
1301 5111 1438 5179 subgrsvl
1452 5109 1640 5178 obligatione,
1655 5113 1750 5164 omniu
1764 5111 1953 5176 susdequeper

315 5191 407 5237 ιειεεε
422 5200 478 5237 εοε
492 5187 599 5236 curavit
613 5187 732 5236 concine
742 5188 769 5236 Τ.
786 5189 810 5248 l,
825 5201 850 5250 p.
861 5189 916 5249 562,
932 5191 962 5238 ει
976 5187 1065 5238 laxam
1077 5202 1110 5238 ex
1165 5187 1321 5247 turbantur,
1344 5185 1462 5237 concede
1479 5204 1486 5236 ε
1501 5187 1524 5235 si
1542 5185 1610 5236 ordo
1620 5185 1739 5250 justitie
1754 5197 1811 5236 non
1829 5183 1900 5234 cedit
1910 5178 1952 5228 ml>

316 5257 422 5320 tripode
440 5255 510 5307 hunc
524 5257 675 5308 doctrinam
685 5259 880 5320 pronuntiaret.
899 5258 951 5310 Sed
965 5260 1005 5308 eil
1018 5259 1112 5310 couci·
1164 5256 1239 5322 gravi
1259 5255 1436 5320 obligatione,
1452 5261 1511 5307 tum
1525 5257 1609 5306 etism
1628 5256 1754 5320 quamsi
1772 5255 1851 5306 illum
1866 5263 1951 5308 serves,

316 5339 352 5378 na
372 5327 418 5376 :ei
429 5325 492 5376 ordo
505 5327 616 5392 justitie
633 5341 650 5376 o
669 5326 781 5390 tepitv'mo
793 5327 883 5391 judice
900 5328 1044 5378 exercende
1062 5327 1131 5379 εοε
1166 5339 1271 5388 mogum
1290 5327 1341 5377 tibi
1365 5327 1420 5376 siut
1443 5327 1575 5376 iaciendos
1596 5339 1733 5390 expensor,
1759 5324 1802 5377 vel
1826 5315 1951 5375 subeunda

316 5394 384 5445 audit
401 5395 446 5444 cot
463 5397 540 5459 proci
552 5395 712 5460 collectione,
727 5397 812 5445 omnia
829 5396 951 5462 susdeque
960 5396 1111 5462 perturban-
1163 5398 1267 5461 lectura
1290 5397 1418 5448 amicitie
1434 5402 1462 5448 et
1483 5397 1579 5460 gratiss
1600 5411 1656 5449 unu
1676 5397 1891 5462 quolisoumque
1912 5386 1950 5442 ed

317 5468 368 5522 tor.
385 5465 421 5516 Ne
436 5465 532 5516 timeas
545 5483 552 5518 z
566 5465 705 5526 distingue
717 5483 723 5517 ι
735 5464 757 5517 si
771 5464 959 5530 ordojustitioe
970 5479 1025 5518 uon
1039 5468 1112 5520 cadit
1166 5467 1217 5518 tibi
1231 5468 1347 5520 multum
1362 5467 1449 5532 utilis,
1464 5479 1541 5539 nego.
