4144 6336
296 474 337 536 lc
791 474 843 534 ΒΕ
873 468 1138 534 oeulcnmenn
1167 465 1449 531 PAROCHORUM.

296 659 406 720 oritate
423 658 559 736 idipsum
574 662 769 738 praestamus,
787 676 885 739 quum
899 658 939 718 ad
954 656 1088 718 exciten-

298 744 373 805 dum
406 745 647 807 Fraternitatem
676 749 859 808 Vestrarum
893 746 995 806 zelum
1031 762 1088 824 pro

297 835 533 895 conservatione
548 841 640 896 rectae
656 835 826 914 disciplina
841 834 872 893 in
895 834 983 896 Clero
1007 831 1090 912 regi-

299 922 374 982 mini
399 925 510 983 Vestro
541 925 724 1001 commisso,
757 923 962 1003 praesentibus
985 939 1090 981 rerum

299 1014 354 1070 eut
380 1013 558 1088 temporum
587 1010 817 1071 conditionibus
841 1026 1087 1072 commovemur.

300 1099 363 1158 Nec
379 1098 462 1158 euim
478 1097 658 1176 impositum
672 1099 875 1161 imbecillitati
891 1099 1010 1159 Nostrae
1027 1114 1090 1157 cm-

301 1186 388 1246 nium
411 1186 620 1247 llcclesiarum
644 1186 860 1248 sollicitudinis
893 1205 971 1248 enus
1002 1185 1092 1246 aliter

301 1272 453 1334 sustinere
478 1277 540 1335 Nos
561 1293 651 1353 posse
676 1275 872 1352 confidimus,
890 1293 984 1355 quem
999 1273 1024 1334 si
1039 1273 1092 1335 lii-

300 1360 364 1421 vini
389 1361 494 1422 Cultus
514 1365 729 1441 augmentum,
755 1366 849 1442 etque
871 1367 1013 1424 exactam
1035 1364 1091 1422 Ec-

302 1449 544 1511 clesiasticerem
561 1451 763 1513 Sanctionem
777 1451 808 1510 in
828 1451 959 1530 singulis
973 1451 1091 1512 Dioeee-

301 1538 387 1600 sibus
402 1538 574 1599 custodiam
598 1539 753 1618 religiosae
767 1539 965 1618 vigilantium
984 1541 1092 1600 Pasto-

301 1644 372 1688 rum
400 1643 493 1694 ceree,
523 1625 695 1688 identidem
715 1626 912 1706 inculcando,
936 1643 1092 1690 commen·

302 1715 423 1776 demus.

341 1825 356 1859 e
375 1801 474 1882 Hujus
497 1818 592 1880 porro
613 1803 759 1882 Epistola
782 1805 823 1866 ad
837 1806 900 1866 Vos
919 1802 1092 1865 scribendae

302 1889 499 1952 occasionem
519 1889 613 1951 Nubis
628 1897 722 1971 atque
737 1896 957 1972 argumentum
979 1892 1010 1951 iu
1029 1889 1093 1970 pri-

301 1979 361 2040 mis
376 1977 494 2057 prabet
508 1995 586 2038 onus
601 1979 688 2056 illud,
711 1982 795 2060 qued
810 1981 954 2042 omnibns
973 1978 1094 2040 anima-

303 2085 373 2127 rum
397 2085 505 2127 euram
525 2067 706 2145 gerentibus
729 2068 891 2144 incumbit,
915 2066 1093 2148 applicandi

302 2155 429 2216 Missam
466 2155 682 2217 Parcchialom
718 2175 775 2235 pro
804 2157 922 2234 Populo
955 2156 1094 2236 ipsorum

304 2260 386 2305 cerae
401 2241 586 2316 commiss03
603 2247 670 2303 tem
685 2243 780 2304 etiam
803 2243 969 2322 applicatio
992 2243 1094 2305 Missae

304 2330 534 2407 Conventualis‚
551 2348 621 2410 quae
642 2349 700 2410 pro
722 2332 977 2395 benefactoribus
996 2332 1027 2391 in
1042 2350 1095 2411 ge·

304 2438 378 2479 nere
393 2417 536 2478 facienda
550 2423 597 2480 est
611 2419 651 2480 ab
665 2420 713 2496 iis,
731 2420 784 2500 qui
799 2421 908 2482 blissas
932 2426 1050 2482 canunt
1063 2420 1095 2480 in

304 2505 449 2569 Ecclesiis
464 2505 739 2583 patriarchalibus,
763 2508 1020 2586 MetropolitauiS,
1042 2509 1097 2570 Ca-

305 2593 496 2658 tlrcdralibas
520 2599 551 2655 et
573 2595 767 2674 Collegietis;
792 2602 859 2656 tum
881 2597 1016 2676 denique
1044 2596 1096 2656 dc·

305 2683 406 2744 hilum
420 2682 585 2760 psallendi,
602 2701 664 2762 quo
686 2687 832 2745 tenentur
855 2685 1002 2746 canonici
1018 2704 1098 2763 pran-

305 2771 461 2832 dictarum
484 2769 694 2830 Ecclesiarum
718 2771 818 2832 Chore
834 2771 1023 2832 assistentes
1040 2774 1098 2833 tlu-

303 2858 355 2939 jos
379 2857 506 2937 quidem
529 2858 707 2936 argumenti
731 2859 859 2920 minime
883 2878 974 2936 nova,
1001 2859 1098 2920 seda

308 2942 517 3022 Scriptoribus
540 2942 720 3023 frequenter
742 2943 849 3005 habita
867 2946 1009 3008 tractatio
1032 2950 1094 3018 est;

308 3049 443 3112 cumque
467 3049 504 3091 ea
523 3049 573 3091 res
592 3030 734 3112 in'hujus
753 3033 853 3094 Almee
872 3032 965 3095 Urbis
980 3035 1099 3095 Nostrae

308 3124 463 3199 Congreg.
481 3124 512 3179 et
532 3118 728 3197 potissimum
753 3121 783 3181 in
799 3125 912 3200 Congr.
930 3121 1101 3183 Venerabi-

308 3208 386 3270 lium
407 3209 552 3268 Fratrum
575 3209 760 3268 Nostrorum
784 3211 907 3270 Sancte
922 3212 1029 3270 llcmae
1043 3211 1101 3271 Ec-

310 3297 411 3359 clesiae
435 3293 647 3357 Cardinalium
670 3295 797 3356 Concilii
818 3297 990 3358 Tridentini
1006 3299 1101 3358 leter-

309 3389 444 3465 pretum,
461 3383 550 3463 cujus
572 3384 737 3446 Secreterii
763 3403 893 3446 munere
908 3386 983 3447 olim
997 3387 1028 3446 in
1043 3385 1102 3446 rni-

310 3471 439 3536 noribus
471 3471 628 3533 constituti
663 3472 777 3533 multos
814 3492 911 3536 annos
948 3473 1101 3554 perfuncti

311 3579 429 3638 sumes,
446 3559 603 3622 multoties
628 3559 768 3622 discussa
790 3580 828 3622 ac
843 3560 972 3624 delinita
986 3563 1100 3637 luerit;

312 3649 455 3732 quemvis
475 3649 658 3709 earumdem
672 3650 954 3729 Congregationem
972 3653 1104 3714 Decreta

312 3741 497 3819 plerumque
508 3737 592 3798 circa
606 3755 676 3797 cam
686 3737 853 3799 unitormia
862 3739 958 3800 cisibi
967 3757 1105 3800 consona

313 3827 506 3909 prodierint,
554 3844 725 3906 eorumque
780 3830 982 3890 Decretorum
1027 3845 1105 3888 ncn-

314 3917 400 3978 nulle
413 3913 508 3976 etiam
523 3913 717 3976 pontificiam
737 3915 1006 3976 Praedecesscrum
1030 3917 1105 3976 Nos-

315 4011 436 4068 trorum
473 4002 737 4082 approbationem
771 4007 801 4065 et
838 4003 1106 4066 confirmationem

315 4090 504 4164 meruerint3
530 4089 658 4151 minime
677 4093 782 4152 tamen
810 4091 989 4152 mirandum
1012 4097 1103 4169 essct,

317 4196 427 4240 eorem
446 4177 588 4239 notitiam
602 4177 642 4238 ad
657 4177 795 4258 singulos
810 4197 950 4258 quosque
961 4181 1106 4241 Vestrum

318 4286 380 4329 non
395 4266 498 4338 adhuc
512 4266 702 4344 pervenisse.
721 4268 917 4346 Quapropter
935 4285 997 4328 non
1013 4267 1106 4328 modo

319 4359 541 4436 opportunum,
557 4373 666 4416 verum
681 4355 776 4417 etiam
791 4355 1002 4418 necessarium
1017 4357 1107 4417 duri·

318 4463 408 4520 mus,
437 4444 636 4523 Encyclicam
665 4443 746 4505 banc
772 4443 944 4523 Epistulam
975 4445 1017 4506 ed
1045 4448 1107 4507 Vos

319 4533 466 4609 scribere,
484 4551 541 4610 per
554 4550 660 4611 quam,
677 4532 799 4594 sublata
821 4532 947 4592 demum
969 4532 1109 4594 diversa-

319 4640 402 4698 mm,
417 4621 450 4681 in
474 4639 552 4701 quas
566 4621 740 4700 Scriptores
755 4620 908 4687 abierunt,
926 4620 1109 4698 opinionum

320 4710 483 4786 varietate,
514 4714 659 4769 constans
686 4707 778 4788 hujus
806 4707 991 4785 Apostolicae
1020 4709 1109 4769 Sedis

321 4797 475 4862 sententia
497 4794 653 4875 praedictis
682 4795 720 4855 de
749 4793 842 4854 rebus
870 4793 996 4855 cuilibet
1024 4794 1109 4856 ineo·

320 4889 430 4962 tescat,
448 4889 479 4945 et
492 4883 750 4945 Fraternitatibns
764 4881 883 4943 Vestris
898 4881 1043 4962 quaedam
1057 4902 1111 4943 ve·

321 4975 377 5037 luti
401 4991 512 5034 norma
534 4991 571 5034 ec
594 4973 703 5051 regula
724 4973 880 5048 suppetat,
902 4968 994 5049 juxta
1015 4989 1110 5049 quam

322 5063 494 5143 synodales
522 5061 661 5141 olimque
689 5064 816 5122 Vestras
839 5058 923 5119 circa
950 5059 1110 5136 praemissa

320 5151 572 5228 Constitutionm,
590 5148 817 5222 Ordinationes,
831 5163 885 5206 scu
901 5145 1021 5222 Edicta,
1034 5164 1109 5225 quo-

319 5261 390 5303 rem
417 5239 661 5318 publicationem
684 5237 780 5299 Vobis
807 5233 1011 5315 injungimus
1037 5235 1110 5295 diri·

318 5347 393 5405 gere
427 5327 567 5389 veleatis.
602 5329 718 5389 liorem
739 5341 814 5385 vero
852 5321 1106 5401 exsecutionem,

319 5415 404 5491 dem,
424 5414 514 5496 juxta
537 5433 585 5491 ea,
610 5433 679 5495 qeae
703 5413 734 5476 in
753 5408 958 5494 praesentibus
972 5410 1108 5474 tenenda

1144 656 1238 736 etque
1253 653 1409 716 servanda
1424 652 1665 732 praescribimus,
1682 651 1778 730 omni,
1795 669 1858 732 qua
1879 651 1935 714 de-

1144 747 1203 818 cet,
1220 741 1427 803 sollicitudine
1442 760 1479 801 ao
1493 741 1654 822 vigilantia
1669 759 1781 820 urgere
1795 741 1936 804 studebi-

1142 827 1325 906 tis,minime
1340 828 1548 890 dubitandum
1563 828 1659 890 Vobis
1681 829 1749 905 erit,
1766 846 1806 888 ne
1830 830 1936 891 statu-

1143 921 1248 979 torum
1264 919 1446 979 Vestrorum
1455 917 1655 995 implemento
1668 915 1788 977 obicem
1803 905 1858 977 aut
1870 934 1937 978 mo·

1144 1024 1212 1066 ram
1228 1006 1339 1066 atlerre
1354 1007 1479 1067 valeant
1492 1024 1638 1066 recursus
1652 1006 1692 1066 ad
1708 1004 1801 1086 hujus
1816 1009 1938 1068 Nostrae

1146 1093 1247 1155 Curiae
1271 1094 1453 1156 Tribunalia
1480 1095 1610 1155 forsitan
1638 1093 1793 1168 habendi3
1827 1099 1937 1174 utpote

1146 1200 1224 1264 qeos
1244 1183 1370 1244 omnino
1394 1183 1581 1263 rejiciendos
1602 1202 1669 1244 csse
1687 1183 1885 1262 precipimus
1900 1201 1939 1244 ac

1142 1269 1307 1351 jubemus3
1325 1271 1530 1351 quamobrem
1545 1271 1601 1332 hes
1616 1272 1700 1350 ipses
1713 1271 1846 1332 Litteras
1860 1273 1940 1331 Nos-

1146 1362 1211 1421 tras
1234 1360 1266 1418 in
1289 1360 1484 1439 singulorum
1504 1360 1720 1420 Tribunalium
1735 1360 1875 1439 Regestis
1890 1378 1939 1420 as-

1146 1448 1263 1508 servari
1273 1448 1428 1524 volemus,
1441 1453 1534 1528 atque
1550 1449 1591 1509 ed
1602 1467 1710 1510 earum
1721 1447 1940 1528 praescriptum

1146 1541 1211 1598 tem
1226 1537 1366 1614 ipsorum
1380 1535 1596 1597 Tribunalium
1611 1535 1826 1612 resolutiones,
1843 1552 1942 1615 quam

1146 1623 1186 1684 dc
1201 1623 1320 1685 Vestris
1334 1622 1478 1700 decretis,
1496 1642 1565 1703 quae
1584 1623 1659 1702 ipsis
1673 1623 1880 1701 presentibus
1894 1623 1942 1683 in-

1147 1711 1301 1772 haerentes
1316 1712 1429 1773 editeri
1444 1712 1528 1791 estis,
1550 1712 1671 1793 jedicia
1693 1712 1786 1792 exigi,
1810 1715 1842 1774 et
1864 1731 1943 1775 coe-

1147 1801 1222 1862 lerri
1237 1799 1436 1861 mandamus.

1148 1941 1155 1952 .
1187 1910 1201 1946 e
1220 1889 1259 1950 nt
1272 1887 1399 1968 quidem
1414 1887 1497 1968 quod
1512 1905 1612 1966 nuper
1626 1888 1867 1966 enuntiavimus,
1891 1908 1944 1952 sa-

1148 1981 1346 2039 crosanctum
1370 1976 1471 2038 Missae
1496 1976 1688 2036 Sacrificium
1712 1996 1730 2038 a
1759 1977 1944 2040 Pastoribus

1149 2065 1324 2126 animarem
1340 2063 1489 2143 applicari
1505 2064 1620 2124 debere
1639 2083 1696 2142 pro
1720 2067 1835 2144 populo
1856 2067 1946 2144 ipso-

1149 2171 1219 2214 rum
1234 2171 1316 2213 curre
1332 2153 1510 2230 commissu,
1528 2152 1559 2213 id
1574 2153 1668 2214 veluti
1684 2173 1721 2214 ex
1736 2155 1847 2216 Divino
1862 2173 1946 2234 pres-

1150 2245 1239 2319 cepto
1255 2240 1458 2316 descendens,
1476 2259 1495 2300 a
1510 2241 1606 2301 Sacra
1616 2239 1798 2304 Tridentina
1814 2242 1944 2320 Synodo

1150 2325 1264 2389 diserte
1280 2328 1464 2406 exprimitur
1477 2347 1541 2389 sess.
1563 2331 1612 2404 23,
1628 2348 1693 2410 cop.
1712 2333 1740 2406 l,
1756 2329 1791 2390 de
1809 2329 1943 2409 Reform.

1150 2436 1207 2495 per
1221 2417 1288 2476 haec
1304 2416 1454 2478 notabilia
1463 2416 1579 2477 verba:
1594 2414 1665 2477 Cera
1673 2426 1820 2498 praecepto
1835 2417 1947 2479 Divino

1150 2503 1323 2566 merrdotem
1345 2503 1385 2564 sit
1408 2504 1536 2565 oronites
1557 2503 1658 2585 quibes
1685 2505 1853 2566 ostreorum
1874 2525 1949 2565 cere

1151 2593 1300 2654 removisse
1315 2600 1366 2670 est,
1383 2611 1445 2652 ores
1458 2612 1524 2653 sees
1537 2612 1699 2672 apecscoro,
1713 2613 1771 2674 pro
1786 2593 1831 2654 tris
1846 2593 1948 2654 Sacri-

1151 2683 1252 2764 ficium
1266 2681 1373 2760 offerre
1388 2700 1397 2740 :
1413 2683 1451 2742 nt
1466 2680 1608 2760 quamvis
1622 2682 1749 2742 minime
1770 2681 1946 2758 doluerint,

1153 2771 1206 2851 qui
1221 2789 1278 2848 per
1291 2769 1399 2830 inanes
1415 2771 1446 2830 et
1459 2769 1586 2830 frivolas
1600 2769 1873 2848 interpretationes
1888 2771 1952 2830 hu-

1150 2857 1289 2941 jusmodi
1301 2857 1521 2935 obligationem
1534 2876 1552 2918 a
1564 2859 1678 2919 Sancta
1688 2858 1815 2936 Synodc
1830 2877 1950 2918 memo-

1154 2949 1255 3007 ratam
1269 2944 1308 3004 de
1323 2944 1426 3005 medio
1442 2944 1568 3020 tollere,
1585 2945 1635 3005 vel
1649 2944 1760 3006 saltem
1776 2949 1950 3006 extenuare

1155 3032 1390 3104 contenderint3
1422 3050 1518 3112 quem
1551 3035 1657 3094 nemen
1691 3033 1789 3095 relata
1817 3034 1951 3096 Caecilii

1155 3121 1252 3182 verba
1270 3120 1346 3181 satis
1362 3119 1448 3180 clara
1469 3125 1500 3180 et
1513 3118 1680 3198 perspicua
1694 3121 1769 3197 sint,
1787 3140 1952 3201 quumque

1155 3207 1306 3288 praedicta
1326 3206 1533 3286 congregatio
1557 3206 1698 3287 ejusdem
1713 3209 1839 3269 Consilii
1855 3208 1954 3270 inter-

1155 3295 1321 3376 pretationi
1336 3294 1488 3374 privative
1503 3295 1681 3373 praeposita,
1694 3299 1874 3358 constanter
1884 3297 1955 3357 edi-

1156 3384 1246 3460 xerit,
1263 3399 1331 3458 ecs,
1349 3380 1462 3460 quibus
1476 3380 1653 3440 animarem
1667 3399 1743 3441 cura
1757 3381 1956 3444 demandata

1158 3475 1214 3548 est,
1239 3489 1300 3531 non
1320 3469 1414 3529 modo
1438 3467 1633 3528 Sacrificium
1656 3469 1758 3529 Misere
1777 3469 1953 3548 celebrare,

1158 3560 1213 3622 sed
1234 3559 1317 3619 illies
1339 3557 1434 3618 etiam
1449 3555 1585 3616 fructum
1599 3555 1737 3616 medium
1758 3575 1814 3635 pro
1832 3559 1955 3635 Populo

1158 3648 1217 3710 sibi
1231 3645 1397 3708 commisso
1415 3644 1572 3723 applicare
1588 3644 1713 3720 debere,
1732 3663 1789 3705 nco
1803 3645 1879 3706 illud
1894 3665 1955 3724 pro

1159 3737 1227 3800 aliis
1238 3733 1405 3814 applicare,
1419 3738 1474 3794 aet
1487 3751 1543 3812 pro
1555 3731 1733 3813 hujusmodi
1743 3733 1957 3812 applicatione

1160 3826 1392 3900 eleemosynam
1412 3821 1573 3901 percipere
1592 3839 1699 3900 posse;
1721 3821 1867 3903 quodque
1887 3841 1959 3885 me-

1159 3913 1207 3992 gis
1222 3912 1360 3979 interest,
1378 3929 1475 3990 quum
1490 3909 1556 3970 haec
1572 3908 1776 3987 intelligentia
1795 3928 1811 3970 a
1828 3911 1959 3972 Prarde-

1160 3999 1336 4062 sessoribus
1357 3997 1476 4060 Nostris
1499 3996 1645 4058 ltomanis
1673 3997 1874 4058 Pontificibus
1897 4017 1960 4078 ep·

1160 4087 1293 4168 probata
1316 4085 1409 4148 fuerit
1430 4089 1462 4147 et
1480 4086 1678 4159 confirmata3
1700 4085 1777 4147 nihil
1795 4085 1863 4167 jam
1886 4105 1960 4147 em-

1161 4176 1241 4256 plius
1256 4175 1309 4235 ulli
1333 4177 1477 4236 Vestrum
1493 4173 1735 4233 desiderandum
1750 4178 1902 4253 superest,
1922 4181 1961 4238 ut

1162 4283 1233 4326 eam
1248 4262 1391 4342 amplecti
1407 4261 1571 4341 eidemque
1583 4261 1724 4342 obsequi,
1736 4281 1858 4324 necnon
1873 4264 1960 4326 illius

1161 4356 1342 4432 promptam
1371 4350 1602 4412 exsecutionem
1620 4349 1652 4410 in
1682 4351 1798 4414 Vestris
1830 4371 1961 4434 respec-

1162 4442 1226 4504 tive
1250 4438 1443 4501 Dioecesibus
1468 4437 1551 4498 omni
1576 4437 1678 4500 studio
1701 4456 1871 4518 procurare
1900 4441 1961 4502 de-

1162 4528 1273 4592 beatis.

1203 4639 1217 4675 a
1237 4619 1344 4694 Neque
1359 4616 1421 4675 Nus
1435 4615 1552 4690 tamen,
1569 4615 1633 4694 qui,
1651 4619 1684 4676 ut
1698 4615 1841 4694 superius
1855 4615 1961 4678 ineui-

1164 4723 1245 4780 mes,
1258 4703 1289 4762 in
1299 4700 1473 4763 minoribus
1488 4700 1591 4761 adhuc
1602 4701 1762 4780 degentes,
1776 4722 1889 4766 munus
1900 4706 1962 4766 Sc-

1165 4790 1289 4854 creterii
1305 4789 1462 4869 praedictae
1477 4789 1733 4867 Congregeticnis
1748 4791 1875 4852 Consilii
1890 4793 1961 4854 Tri-

1165 4880 1284 4942 dentini
1313 4877 1493 4957 Interpretis
1521 4877 1625 4955 plures
1654 4896 1754 4940 annos
1781 4879 1959 4960 abivimus,

1165 4969 1303 5048 aliosque
1326 4985 1387 5028 non
1411 4984 1528 5044 paucos
1552 4965 1665 5043 partim
1694 4965 1725 5025 in
1753 4967 1962 5033 Anconitenae

1164 5055 1376 5131 Cathedralis,
1399 5053 1514 5133 partim
1533 5053 1563 5112 in
1586 5054 1832 5133 Metropolitanre
1853 5059 1962 5120 Bono-

1164 5143 1290 5220 niensis,
1307 5141 1418 5203 Patriae
1433 5143 1547 5201 nostra
1562 5139 1782 5218 dilectissima,
1795 5159 1890 5222 quam
1900 5144 1963 5205 ed-

1164 5232 1226 5293 heo
1247 5232 1432 5307 retinemus,
1448 5227 1674 5308 gubernatione
1694 5229 1818 5291 assidue
1838 5235 1963 5293 transc-

1164 5319 1277 5399 gimeS‚
1293 5335 1356 5378 nou
1371 5317 1509 5397 inquam,
1523 5319 1585 5376 Nos
1600 5316 1699 5377 latent
1711 5317 1890 5396 multiplicis
1904 5337 1961 5396 ge·

1164 5407 1247 5470 neris
1262 5405 1386 5485 effugia,
1399 5423 1456 5484 per
1471 5422 1540 5486 quae
1554 5405 1694 5466 nonnulli
1708 5406 1864 5487 praedicte
1878 5407 1963 5469 obli-
