3994 6344
677 549 729 616 nlo
750 548 1062 615 corrosoribus
1626 551 1686 614 275

65 755 94 798 er
112 734 252 796 fidelitate
274 733 349 813 quia
363 733 454 796 sicuti
476 734 595 816 obligat
611 735 776 813 veracitas,
799 741 835 798 ut
891 753 961 798 eam
978 735 1039 798 ullo
1059 733 1152 798 modo
1176 733 1413 816 apprehendere
1435 738 1465 798 et
1483 734 1622 815 incipere
1643 734 1688 796 la-

65 824 180 886 erterius
193 841 251 883 non
264 821 407 900 proferas
418 821 517 882 rerba
530 822 757 898 affirmationis,
775 821 834 884 nisi
891 842 962 884 cere
978 827 1092 885 tuam:

64 912 142 972 rerba
159 911 217 970 sint
238 909 413 970 conformia
424 910 533 986 menti,
555 911 599 972 ito
612 909 737 972 videtur
757 911 835 972 obli·
932 912 1040 986 eroest.
1057 917 1125 978 ll9.
1141 911 1240 973 -Ac
1254 912 1417 993 acceptatio
1426 911 1628 994 promissionis
1642 913 1688 976 de·
1715 929 1756 976 rso

63 997 272 1078 garalidelitaS,
290 1001 324 1060 ut
344 997 480 1062 exterius
495 1017 556 1058 non
577 998 718 1078 proferas
739 999 836 1060 rerba
891 999 956 1062 beot
979 1021 1035 1062 esse
1061 1006 1206 1062 esterno?
1227 1001 1262 1061 o.
1293 1003 1393 1080 Neget
1418 1004 1497 1082 Lug.
1515 1022 1546 1062 n.
1573 1005 1623 1081 er,
1650 1021 1687 1065 eo

65 1085 269 1166 promissionis,
285 1087 344 1148 nisi
359 1087 436 1148 velis
451 1087 648 1149 conformare
663 1087 745 1148 lecte
764 1106 835 1148 ver·
890 1090 975 1170 quod
990 1091 1089 1168 possit
1103 1091 1230 1166 absone,
1249 1089 1322 1150 dum
1339 1089 1422 1150 solus
1445 1095 1502 1168 est,
1524 1095 1688 1172 acceptare

61 1175 110 1236 bis.
130 1173 163 1236 Si
185 1172 274 1250 dicos,
298 1179 406 1236 votum
422 1174 557 1237 exterius
581 1174 647 1236 sine
662 1176 834 1239 intentione
890 1180 1141 1258 promissionem,
1164 1179 1211 1239 uti
1229 1183 1260 1242 et
1274 1197 1339 1240 rem
1357 1178 1504 1240 donatam
1517 1180 1559 1241 od
1574 1199 1606 1242 sc
1618 1182 1688 1243 mis·

63 1262 216 1342 obligandi,
227 1281 287 1324 non
304 1264 425 1342 obligat
438 1262 606 1344 nequidem
621 1283 659 1325 ex
672 1265 832 1342 fidelitate,
890 1287 977 1340 sam3
995 1268 1068 1328 hinc
1090 1269 1217 1328 ridetur
1238 1269 1353 1329 frustra
1375 1268 1490 1346 requiri
1508 1274 1541 1330 ut
1562 1273 1687 1331 externa

13 1391 14 1408 2
61 1350 211 1429 respondet
223 1347 310 1432 Lupo
324 1355 432 1414 votum
443 1351 509 1414 fieri
525 1353 600 1430 Deo,
613 1371 707 1432 quem
719 1351 835 1414 seimus
890 1355 1046 1436 significet
1062 1377 1096 1418 se
1111 1361 1287 1435 acceptare.
1305 1356 1468 1417 Rationem
1484 1357 1538 1418 dat
1548 1377 1566 1418 o
1578 1357 1686 1438 priori,

13 1481 14 1516 3
61 1439 167 1500 iuterna
179 1439 466 1518 conspice1e3hinc
485 1459 544 1502 non
562 1441 832 1520 exigimusallec‚
890 1443 1000 1522 quiesi
1013 1441 1182 1522 promissio
1194 1444 1370 1506 sitexternc
1383 1443 1607 1519 manisfestum,
1621 1443 1688 1524 jam
1764 1449 1769 1462 '

13 1535 14 1538 ’
62 1526 170 1593 allidet
184 1535 296 1590 nostrse
310 1527 508 1606 promissioni
526 1531 647 1590 tantum
670 1533 832 1590 externae:
891 1527 1029 1592 habetur
1053 1531 1165 1592 titulus
1193 1531 1348 1592 sensibilis
1371 1531 1529 1594 sufficiens
1552 1550 1609 1612 pro
1637 1549 1690 1591 ac-

61 1633 75 1674 c
94 1621 192 1678 contra
208 1616 233 1677 si
254 1621 382 1678 externe
396 1617 577 1696 promittam
597 1616 727 1694 homini,
744 1617 835 1698 exigo
891 1616 1203 1696 quirendodominio,
1217 1622 1248 1680 et
1262 1619 1437 1696 acceptatio
1449 1619 1686 1698 tantumrequi-

13 1717 15 1781 p
61 1701 187 1764 utbomo
202 1703 278 1764 mihi
299 1704 390 1766 fidat:
409 1722 484 1783 ergo
499 1723 549 1766 me
572 1704 676 1784 obligo
696 1704 737 1766 ad
752 1705 835 1766 sacta
891 1705 987 1784 ritur,
1017 1707 1091 1787 quia
1123 1727 1213 1770 nemo
1239 1707 1399 1787 cogendus
1427 1713 1475 1770 est
1505 1714 1540 1769 ut
1567 1709 1687 1768 invitus

13 1791 14 1844 ἒ
61 1791 402 1865 roulormandarerbis3
419 1791 478 1854 hoe
502 1792 726 1854 enimnecesse
741 1797 838 1855 estut
891 1791 1009 1873 aliquid
1032 1793 1185 1874 acquirat,
1211 1795 1325 1855 adhoc
1347 1800 1472 1872 autem,
1496 1801 1531 1855 ut
1546 1796 1689 1874 acquirat

13 1951 15 1958 y
60 1879 224 1942 mibissdere
237 1880 334 1959 possit
351 1884 382 1942 et
399 1880 548 1960 itaerrigit
564 1879 738 1942 humanum
754 1899 836 1942 com·
891 1899 953 1942 non
988 1881 1120 1957 inritus,
1152 1881 1473 1960 suffieit-acceptatio
1498 1883 1631 1944 interno.
1662 1883 1687 1944 ll

60 1967 205 2028 mercium.
220 1968 282 2030 Alii
302 1967 530 2044 contradicunt,
553 1967 627 2048 quia
645 1967 745 2030 omnis
761 1968 836 2030 obli-

59 2057 132 2136 gatio
156 2057 247 2118 etiam
271 2056 429 2118 fidelitatis
448 2057 573 2116 videtur
592 2075 662 2118 esse
682 2057 798 2118 debere
818 2075 838 2120 a

61 2146 245 2224 promittente
262 2165 269 2206 :
288 2163 362 2224 ergo
373 2145 397 2206 si
409 2144 491 2206 absit
503 2143 570 2224 ejus
581 2163 761 2220 consensus,
775 2162 836 2205 non

13 2233 17 2330 p
60 2234 111 2294 erit
119 2232 273 2314 obligatio.
286 2235 330 2294 De
339 2231 510 2294 veracitate
523 2231 647 2294 videtur
659 2252 726 2294 esse
735 2233 837 2310 dispa-

13 2331 15 2382 ἑ
63 2321 136 2396 ritas,
154 2339 224 2382 nam
241 2326 368 2382 externe
379 2321 617 2382 affirmaussine
633 2322 737 2382 animo
753 2321 838 2382 offir-

59 2409 153 2473 mcndi
166 2411 298 2472 exercite
314 2409 389 2470 dicit
402 2428 434 2470 se
449 2409 619 2486 affirmare,
637 2414 668 2472 et
682 2410 778 2470 habet
792 2409 836 2470 in·

13 2503 15 2584 ᾗ
60 2499 213 2560 buconem
227 2499 287 2560 hoc
302 2497 439 2572 dicendi,
456 2514 528 2558 curn
550 2501 658 2560 tamen
672 2517 737 2560 non
752 2496 838 2558 olllr-

59 2592 116 2647 met
130 2606 137 2647 :
152 2586 397 2668 argomentitum
411 2585 560 2647 nibiliola
575 2590 621 2647 est
636 2586 674 2647 de
687 2586 836 2648 fidelitate

13 2667 17 2702 ²¹
59 2682 187 2753 respectu
201 2674 402 2754 obligationis
418 2674 559 2736 euticeti
576 2674 756 2754 prestandi.

94 2761 192 2836 Onesi.
210 2767 277 2828 ll8.
287 2762 415 2838 -Ouid
429 2764 525 2844 rerpsc
542 2764 580 2824 sit
593 2763 754 2844 acceptatio
765 2782 837 2846 pro-

59 2854 197 2922 missionis,
212 2862 239 2914 et
261 2851 449 2936 quandonam
463 2853 538 2932 poni
558 2851 682 2915 debeat?
706 2855 741 2913 R.
764 2851 782 2930 §
806 2855 834 2913 l.

13 2963 15 3010 ὲ
60 2942 226 3022 recepero
244 2946 292 3004 cst
311 2945 400 3004 actus
414 2958 475 3020 quo
494 2940 712 3019 promissorias
726 2939 837 3002 admit

60 3028 90 3092 tit
105 3031 291 3092 voluntatem
310 3028 532 3108 promittentis,
557 3033 587 3090 et
607 3029 676 3090 ideo
702 3028 768 3090 rult
784 3027 837 3108 jus

13 3117 15 3222 p
59 3123 154 3180 eontra
170 3137 252 3180 eum.
278 3116 359 3180 blale
385 3119 490 3178 autem
514 3117 688 3196 explicetur
710 3117 837 3178 aflera-

13 3225 16 3276 ι
59 3203 837 3284 moeleperillaverbo:recipiamcrasequumside-

61 3293 144 3370 deris,
154 3313 227 3355 nam
236 3292 305 3354 haec
317 3295 438 3354 tantum
458 3291 679 3352 estullirmntio
694 3289 837 3352 donatio·

60 3380 612 3458 uberasluturemetnonobligetionis
623 3378 729 3452 dandi,
741 3397 836 3458 quam

60 3477 151 3534 tamen
163 3469 347 3551 promittens
361 3467 508 3536 assumite
524 3467 662 3546 alioquin
678 3467 774 3528 ctiam
789 3466 837 3526 di·

60 3576 119 3620 cam
132 3576 166 3620 ex
180 3556 386 3638 promissione
405 3553 511 3634 sponsi
526 3559 689 3634 acceptata
709 3574 772 3615 non
787 3575 837 3614 re-

60 3647 161 3710 sultare
174 3644 407 3725 obligationem,
430 3641 504 3721 quia
518 3660 633 3720 sponsa
647 3647 769 3704 tantum
789 3643 837 3702 di-

61 3740 118 3798 cat:
133 3735 282 3814 accipiam
302 3732 475 3796 dominium
489 3731 534 3793 tui
548 3731 688 3810 corporis
701 3731 726 3791 si
741 3731 837 3793 dede-

61 3823 104 3898 ris,
118 3823 160 3884 sic
173 3825 278 3885 autem
296 3821 471 3884 dominium
485 3819 623 3898 corporis
638 3837 762 3897 semper
772 3839 836 3881 ma-

62 3929 123 3974 nere
146 3913 203 3974 sub
226 3911 325 3972 libera
347 3912 500 3989 potestate
525 3907 647 3986 sponsi,
678 3908 762 3988 quod
790 3913 837 3970 ast

62 4003 156 4062 rostra
174 4005 319 4062 naturam
337 3994 550 4076 promissionis
564 3994 766 4072 Matrimonii,
793 3995 836 4056 vi·

62 4087 118 4150 deri
128 4092 227 4168 potest
239 4085 331 4148 Gard.
347 4085 389 4147 ic.
406 4089 420 4146 l
437 4083 522 4159 crisi,
539 4081 569 4144 d.
587 4085 637 4161 69,
654 4101 679 4144 c.
696 4090 726 4149 3.

93 4176 160 4256 §2
188 4173 368 4254 deceptatio
399 4171 612 4253 promissionis
640 4172 713 4251 poni
742 4170 837 4232 debet

63 4267 121 4342 post
132 4263 272 4326 notitiam
282 4263 371 4323 lacta
386 4261 426 4322 ab
441 4261 538 4322 altero
553 4257 785 4339 promissionis;
810 4257 835 4318 si

892 1974 1002 2032 contro
1016 1969 1153 2030 affirmat
1168 1973 1269 2031 Haun.
1286 1979 1308 2032 t.
1325 1974 1355 2047 9,
1375 1990 1405 2030 n.
1433 1973 1484 2046 25,
1507 1971 1583 2050 quia
1598 1970 1688 2031 aliter

892 2077 954 2119 non
969 2058 1179 2119 censebuntur
1193 2058 1263 2120 duae
1279 2059 1338 2118 illae
1349 2059 1532 2120 voluntates
1548 2057 1686 2122 humano

892 2148 985 2208 modo
1002 2147 1033 2207 in
1047 2165 1144 2207 unum
1154 2151 1348 2210 rosbacium
1361 2163 1558 2224 concurrere,
1575 2167 1687 2210 secun-

893 2234 1431 2308 dumdietao.6563i1nollicast.n.
1448 2237 1519 2312 ⁸155,
1531 2239 1561 2296 et
1576 2237 1684 2298 Platel.

891 2339 923 2383 c.
950 2323 1020 2397 600,
1045 2321 1153 2385 dicunt
1167 2321 1284 2402 requiri
1306 2326 1340 2384 ut
1361 2321 1486 2402 quando
1516 2325 1687 2402 promissa-

892 2407 955 2470 rius
983 2410 1111 2486 aberat,
1142 2413 1285 2489 acceptet
1311 2409 1550 2490 promissionem
1576 2431 1683 2474 coram

892 2497 1011 2575 nuntio,
1028 2498 1076 2558 vel
1091 2516 1148 2578 per
1161 2498 1323 2577 epistolam
1339 2497 1490 2560 directam
1501 2497 1541 2560 ed
1552 2501 1685 2579 promit-

892 2589 1020 2663 tentem,
1037 2587 1213 2666 loteturque
1228 2590 1315 2666 Lugo
1331 2607 1361 2648 n.
1379 2591 1428 2665 82,
1445 2587 1686 2667 promissionem

892 2677 1033 2736 revocari
1055 2694 1156 2754 posse,
1181 2677 1331 2756 quamdiu
1347 2677 1414 2755 ejus
1429 2678 1607 2756 acceptatio
1624 2693 1685 2740 non

891 2762 1129 2842 manilestotur,
1148 2765 1222 2828 licet
1242 2765 1360 2828 nonsit
1379 2784 1457 2844 opus
1473 2765 1557 2828 hanc
1572 2765 1686 2828 iterum

890 2850 1082 2912 manifestari
1123 2853 1343 2932 promittenti,
1385 2852 1559 2915 secundum
1601 2854 1687 2917 dieta

891 2958 921 2998 o.
931 2941 1006 3012 659;
1020 2958 1093 3000 nam
1103 2938 1154 3001 hic
1169 2944 1291 3002 tantum
1302 2941 1435 3004 dicimus
1446 2941 1560 3004 debere
1575 2941 1686 3006 saltem

891 3030 1018 3087 externe
1033 3025 1236 3104 manifestari,
1249 3027 1401 3090 aliusnon
1416 3030 1508 3090 cadet
1522 3029 1581 3091 sub
1599 3047 1686 3091 eom-

890 3113 1043 3175 mercium
1068 3115 1251 3192 humanum‚
1275 3117 1359 3196 quod
1374 3116 1544 3197 requiritur
1557 3121 1592 3180 ut
1611 3136 1683 3180 con·

891 3207 1028 3268 tractum
1042 3203 1221 3266 constituat.
1303 3253 1310 3264 .
1558 3209 1561 3217 '

933 3290 1041 3366 Quart.
1052 3293 1163 3356 lao—
1172 3291 1220 3353 Aa
1234 3291 1367 3375 sufficiat
1376 3293 1569 3374 oequr'uoeotr'o
1582 3295 1684 3362 torric,
1712 3325 1751 3372 58¹

891 3381 1040 3462 (equivoco
1049 3379 1102 3440 dic
1113 3387 1305 3462 postseeuto?
1320 3383 1355 3444 lt.
1370 3381 1389 3460 δ
1404 3386 1431 3444 l.
1445 3385 1585 3445 Tacitum
1598 3381 1686 3444 sulli-

891 3487 961 3530 cere
983 3473 1100 3548 negont
1122 3469 1228 3550 Tiraq.
1250 3471 1456 3533 Romenm.
1477 3471 1589 3540 etalii,
1614 3472 1686 3554 quio

892 3557 989 3640 isqui
1008 3565 1082 3618 tacet
1109 3576 1166 3616 non
1189 3557 1314 3636 fatetur,
1336 3563 1371 3618 ut
1388 3557 1522 3620 hebetur
1540 3561 1616 3640 Reg.
1647 3563 1685 3622 ll

890 3645 975 3707 Juris
993 3645 1025 3706 in
1046 3650 1083 3708 6:
1101 3665 1176 3726 ergo
1197 3665 1235 3706 ex
1250 3644 1321 3722 hoc,
1346 3647 1429 3726 quod
1444 3647 1556 3728 aliquis
1570 3653 1684 3727 taceat,

891 3753 954 3796 non
973 3734 1173 3814 praesumitur
1193 3734 1379 3798 consentire.
1397 3735 1421 3796 E
1441 3737 1550 3797 contra
1564 3735 1685 3798 suffice-

891 3842 923 3884 re
944 3821 1103 3884 alsrrrnont
1120 3823 1192 3884 bloi.
1215 3822 1330 3884 Sanch.
1357 3827 1388 3884 et
1409 3821 1460 3884 alii
1482 3841 1552 3885 cum
1567 3825 1682 3886 Dicast.

891 3911 911 3974 l.
929 3917 959 3988 2,
972 3920 993 3972 t.
1011 3915 1042 3988 t,
1055 3932 1085 3972 rr.
1105 3915 1174 3989 lot,
1193 3911 1267 3991 quia
1286 3911 1411 3991 quando
1427 3911 1530 3991 agitur
1545 3912 1583 3972 de
1602 3931 1685 3973 eom-

890 4000 985 4062 modo
1003 4000 1146 4076 tacentis,
1167 4001 1221 4082 qut
1233 4006 1307 4061 toret
1327 4000 1486 4060 consentire
1499 3999 1623 4069 videtur,
1641 4002 1685 4062 uti

891 4089 986 4149 habet
1002 4091 1079 4167 lteg.
1101 4092 1139 4150 43
1155 4089 1240 4152 luris
1257 4089 1288 4148 in
1303 4091 1333 4150 6.
1350 4087 1476 4150 Limitat
1490 4090 1567 4168 Lug.
1585 4108 1616 4149 n.
1634 4091 1683 4165 82,

891 4175 949 4236 nisi
959 4193 1010 4236 res
1019 4172 1125 4237 obluta
1137 4176 1374 4238 nonessetadeo
1385 4180 1474 4254 grata
1486 4172 1583 4235 illicui
1595 4177 1686 4238 oller-

891 4259 952 4331 tur,
963 4255 1097 4317 itautex
1106 4255 1347 4318 circumstantiis
1359 4258 1465 4333 posset
1483 4255 1585 4334 colligi
1602 4257 1686 4336 quod

64 4352 133 4415 enim
149 4354 305 4416 sufficeret
319 4349 510 4432 precedere,
532 4352 586 4410 aut
599 4347 673 4429 poni
694 4348 760 4410 sine
781 4364 838 4410 nc·
892 4362 963 4406 eam
974 4363 1036 4406 non
1049 4345 1189 4417 curoret;
1202 4348 1269 4406 tum
1280 4343 1363 4403 enim
1373 4361 1409 4402 ex
1421 4342 1492 4419 hoc,
1505 4343 1589 4422 quod
1604 4349 1686 4405 tece-

63 4441 346 4524 litiopromissionis,
355 4439 422 4520 jam
432 4440 464 4500 vi
478 4439 660 4515 voluntatis,
674 4456 737 4519 qua
752 4454 835 4498 nune
891 4438 950 4512 ret,
977 4453 1038 4496 non
1067 4436 1173 4514 posset
1200 4431 1302 4512 colligi
1331 4449 1518 4510 consensus,
1543 4431 1686 4512 quamvis

64 4533 160 4596 rellcrn
186 4531 348 4612 acquirere
379 4527 532 4610 quidquid
562 4527 639 4589 mihi
667 4527 834 4602 olleretur,
892 4543 941 4586 ros
970 4523 1008 4584 de
1035 4530 1137 4584 cetero
1165 4521 1209 4583 illi
1235 4522 1316 4584 foret
1342 4519 1449 4595 utilis;
1479 4521 1580 4582 altera
1608 4538 1684 4582 vero

63 4620 454 4698 sufficientcracceptarem
469 4616 622 4698 quidquid
636 4615 712 4676 mibi
725 4613 837 4694 aliquis
892 4609 1023 4688 regula,
1054 4608 1107 4689 qui
1132 4617 1206 4669 toret
1233 4627 1291 4668 non
1317 4606 1440 4685 fatetur,
1457 4605 1554 4669 habet
1580 4605 1686 4669 locum

64 4709 369 4790 ooqoampromittat,
386 4705 529 4785 adeoque
551 4704 624 4766 licet
645 4703 720 4768 nihil
742 4693 839 4764 resci-
892 4697 1018 4778 qnando
1045 4695 1149 4776 agitur
1177 4693 1216 4754 de
1239 4694 1439 4757 incommodo
1467 4694 1611 4772 tacentis,
1638 4695 1685 4757 uti

65 4813 120 4858 rem
132 4797 169 4860 de
180 4795 397 4878 promissione,
414 4813 527 4873 nempe
543 4797 647 4874 posset
661 4810 731 4852 eam
746 4809 838 4852 revo-
891 4787 1043 4850 Auctoros
1058 4783 1266 4845 communiter
1291 4783 1447 4862 explicant
1462 4804 1470 4858 ;
1496 4783 1606 4862 regula
1629 4801 1687 4845 au·

65 4901 134 4961 aare,
148 4884 654 4966 qnissofficienteracceptassem.
672 4881 838 4942 Rationem
891 4877 956 4936 tem
976 4873 1020 4936 sic
1035 4872 1130 4934 habet
1147 4892 1153 4931 :
1172 4871 1208 4949 is,
1233 4873 1287 4956 qui
1307 4881 1393 4950 taret,
1412 4893 1470 4933 non
1495 4875 1620 4954 fatetur,
1638 4871 1689 4933 sed

66 4974 176 5052 apriori
189 4975 244 5036 dat
254 4976 341 5051 bugu
361 4969 452 5048 (1.23,
470 4991 499 5032 rr.
517 4971 568 5047 6¹1,
590 4969 665 5049 quia
685 4967 836 5048 quamdiu
891 4983 941 5025 nee
954 4963 1053 5044 utr'que
1066 4981 1173 5044 cepere
1186 4959 1310 5040 videtur,
1336 4961 1419 5021 unde
1443 4963 1586 5042 quamvis
1612 4977 1687 5022 eon·

64 5057 182 5124 tibicen
195 5059 412 5122 manifestetur
427 5057 603 5137 promissio,
625 5060 672 5116 est
692 5057 836 5132 respectu
892 5051 1227 5128 tractussitonerosus,
1245 5070 1283 5112 ex
1298 5050 1365 5112 aliis
1381 5047 1572 5130 conjecturis
1590 5049 1686 5130 conji-

66 5145 103 5206 toi
114 5148 202 5209 relati
215 5165 276 5208 non
291 5145 384 5222 lacta,
401 5163 472 5206 eum
487 5147 629 5222 respectu
644 5143 689 5204 tui
703 5141 837 5202 necdum
892 5139 1038 5204 ciendum
1062 5143 1109 5202 est
1130 5159 1171 5202 an
1205 5143 1311 5202 tacens
1344 5135 1490 5200 videatur
1511 5139 1686 5201 consentire

67 5231 94 5292 in
128 5240 196 5298 actu
240 5233 413 5296 secundum
453 5233 609 5311 signillcet
644 5229 838 5292 voluntatem
893 5246 1003 5291 necno.

69 5321 180 5386 oileum
197 5344 205 5386 ;
220 5341 295 5404 ergo
318 5340 375 5400 per
395 5340 466 5386 eom
487 5339 549 5382 non
572 5319 690 5382 sistitur
712 5319 768 5380 tibi
782 5317 838 5378 'ras
932 5317 992 5394 §2
1011 5317 1042 5382 Si
1058 5318 1233 5398 acceptatio
1249 5317 1289 5381 sit
1303 5316 1476 5398 aequivoca,
1490 5333 1520 5378 v.
1538 5334 1568 5396 g.
1586 5314 1610 5376 si
1633 5313 1687 5378 ilat
1713 5330 1754 5376 ras

68 5409 198 5491 adquam
210 5411 388 5492 acquireres
398 5409 461 5490 jus;
478 5410 573 5473 debet
585 5413 691 5470 autem
705 5407 761 5470 tibi
772 5405 838 5468 sisti
892 5403 942 5468 his
958 5405 1061 5468 verbis
1082 5426 1088 5467 :
1109 5405 1199 5468 tabeo
1219 5417 1331 5488 proetus
1348 5425 1407 5487 pro
1421 5406 1529 5486 optimo
1550 5424 1621 5486 erqo
1643 5423 1688 5465 me

69 5499 164 5567 ulum
189 5489 447 5577 intentionaliter,
468 5497 607 5578 alioquin
633 5515 696 5559 non
720 5493 839 5575 poteris
893 5491 1010 5572 affectu,
1028 5489 1152 5573 suflicit,
1169 5495 1193 5556 si
1208 5496 1313 5576 reipsa
1327 5492 1427 5555 subsit
1442 5492 1564 5559 animus
1576 5509 1687 5574 occep-
