4120 6348
578 543 629 601 on
651 543 867 602 aeternare}
890 543 1210 604 Etuttfstlstldls.

83 741 174 818 preest.
191 737 259 796 359.
278 733 401 812 Excipe,
423 731 481 791 nisi
498 731 558 790 sint
578 731 667 809 plene
683 731 787 791 liberti
810 749 864 791 seu

82 823 223 897 absolute,
241 826 272 881 et
286 820 514 898 inperpetuum
529 817 722 894 manumissi,
741 835 808 896 cap.
828 816 867 878 Si

82 913 149 992 qur's,
165 911 234 970 dist.
253 911 544 988 sr.Lenr.,qnn1sr.
562 911 630 966 tut.
650 907 737 976 tgtuod
752 908 778 964 si
802 926 864 965 ser·

81 1019 131 1060 vus
144 997 259 1058 sciente
275 1001 305 1056 et
320 1014 380 1055 non
396 995 628 1055 contradicente
643 994 775 1055 Domino
795 999 864 1054 ton-

81 1092 204 1160 snretur,
228 1087 264 1144 lit
288 1085 377 1160 liber,
395 1103 464 1162 cap.
482 1083 518 1144 Si
538 1103 634 1144 serens
649 1087 698 1158 ac,
716 1083 785 1156 dist.
811 1087 863 1142 rit.

81 1171 864 1250 Suar.,Det]ens.,ult.secati.rr.;'iSiip,·rror·arrt.ed0-

80 1263 155 1322 mino
171 1261 335 1320 ordinetur
350 1265 472 1318 tantum
487 1259 668 1332 ,ilium-ibus,
683 1263 787 1318 uninet
801 1277 864 1316 ser-

82 1370 139 1426 vus,
156 1369 224 1428 cap.
242 1348 287 1408 Dc
299 1367 458 1422 serrorum,
475 1347 544 1406 dist.
567 1350 615 1406 tlt.
635 1350 738 1421 Suara,
755 1365 859 1422 supra.

81 1439 108 1499 Si
122 1436 351 1498 contradicente
368 1435 415 1494 rel
432 1434 595 1512 ignonmte
616 1433 742 1492 domino
759 1451 863 1492 susce·

79 1528 118 1606 pit
131 1525 394 1589 subdiaconatum
407 1530 462 1583 arrt
485 1523 689 1584 Diaconaturn
714 1523 753 1582 ab
778 1523 863 1600 Epis-

79 1633 148 1694 copo
167 1615 296 1690 sciente,
326 1617 360 1674 tit
387 1613 489 1684 liber3
514 1615 569 1671 sed
597 1611 779 1688 Episcopus
809 1613 863 1670 aut

81 1701 126 1780 qni
146 1701 177 1760 id
199 1699 398 1778 procurarit,
421 1703 546 1759 tenetur
559 1699 691 1757 reddere
707 1699 785 1757 duos
800 1717 862 1757 ser-

79 1807 228 1868 rosaque
243 1788 355 1862 bonos,
372 1787 421 1846 rel
437 1786 566 1863 duplum
578 1785 713 1863 pretinm
728 1787 859 1864 solvere,

78 1895 138 1956 cap.
154 1876 189 1937 Si
200 1895 309 1951 serras,
327 1879 370 1936 lle
386 1875 484 1934 serris
508 1893 570 1932 non
587 1873 687 1933 ordin.
707 1873 738 1933 Si
755 1892 862 1934 servus

77 1968 134 2044 ipse
147 1963 329 2043 procurarit
343 1965 466 2022 nemine
479 1963 616 2038 conscio,
630 1963 724 2022 c'lcbet
735 1961 861 2021 domino

77 2055 142 2116 darc
166 2055 213 2114 sni
243 2053 388 2129 similem,
405 2053 454 2112 rel
478 2071 510 2112 se
533 2071 570 2110 ex
592 2052 717 2129 proprio
740 2052 861 2130 poentio

77 2142 230 2220 redimere,
250 2143 300 2202 vel
315 2141 340 2201 si
356 2147 502 2200 neutrum
518 2146 629 2217 potest,
656 2139 749 2199 debet
773 2140 860 2198 reddi

76 2231 203 2307 domino,
221 2235 254 2291 et
267 2231 412 2309 priratur
430 2249 487 2289 usu
505 2229 657 2289 tlalinum
671 2247 708 2289 ac
737 2229 862 2306 privile-

76 2320 120 2400 gio
135 2320 200 2397 lori,
220 2321 353 2397 capite
368 2319 506 2398 nrrtr'qnis,
525 2318 595 2377 dist.
614 2320 664 2394 st,
681 2319 795 2377 retinet
815 2322 861 2378 ta-

75 2409 351 2486 menprivilegium
371 2407 515 2482 Canonis,
547 2407 641 2482 Sain,
670 2407 751 2467 l'irb.
770 2407 801 2466 Si
817 2407 860 2466 sie

75 2499 200 2575 suscepit
214 2496 459 2576 presbyterium,
477 2500 583 2553 manet
598 2495 687 2570 liber,
715 2495 768 2554 sed
790 2513 860 2572 per-

76 2585 115 2645 dit
128 2604 214 2645 osum
230 2585 357 2664 peculii,
378 2582 494 2662 siquod
511 2583 635 2657 babent,
654 2601 723 2658 cap.
741 2581 795 2640 cte
809 2603 861 2642 aa·

76 2673 174 2755 tiqrn's:
191 2673 269 2732 ibid.
297 2673 327 2733 Si
351 2691 411 2732 non
441 2669 566 2747 linirent,
594 2675 721 2730 tenetur
745 2671 861 2730 servire

75 2762 101 2821 in
115 2762 219 2822 ciliciis
248 2761 473 2838 spiritualibus,
492 2779 560 2836 cup.
590 2760 751 2840 Frequens,
782 2760 856 2819 ibid.

75 2847 143 2909 Dr'ri
154 2849 218 2909 veri
235 2849 330 2923 servi,
348 2867 420 2906 narn
431 2849 602 2926 originarii,
621 2849 727 2926 quales
742 2853 814 2908 sunt
829 2849 858 2910 in

75 2937 117 2996 his
137 2939 289 3016 partibus,
320 2957 382 2996 nttn
398 2941 470 2996 srrnt
493 2937 690 3012 irregulares
718 2937 860 3013 quamvis

74 3025 225 3104 indigeant
241 3043 395 3085 consensu
406 3025 541 3098 illorum,
555 3023 666 3100 quilnrs
683 3024 860 3100 obligantur

74 3114 109 3172 ad
135 3113 286 3192 obsequia
315 3111 502 3188 personalia,
537 3129 606 3187 cap.
641 3110 856 3188 deliniarentur,

73 3200 138 3260 ibib.
150 3204 274 3278 layna,
292 3199 340 3259 td.
360 3202 387 3274 l,
406 3206 427 3258 t.
443 3202 472 3272 5,
488 3217 555 3277 par.
570 3201 599 3274 5,
617 3217 682 3277 cap.
693 3202 722 3264 8.
736 3217 816 3259 ereren.
827 3203 855 3260 ἓ.

25 3307 52 3352 ta
90 3291 142 3366 §l
156 3290 289 3349 Seruum
298 3288 337 3346 ab
347 3287 575 3363 irregularitate
588 3287 749 3345 alrsolrere
757 3291 859 3364 potest

73 3377 147 3436 solus
162 3379 267 3454 Papa;
285 3377 407 3452 barm,
426 3374 523 3449 Pirlu,
540 3365 645 3448 Lena,
662 3384 763 3452 qrrcc'st.
787 3377 855 3434 632.

25 3483 52 3530 m
109 3462 210 3536 (tuest.
231 3467 297 3524 llll.
312 3461 392 3536 Ouid
406 3461 440 3521 de
455 3461 507 3521 dle
521 3464 560 3520 sit
570 3462 735 3528 clr'ccrntnnr,
752 3464 806 3542 qui
818 3471 858 3522 est

73 3551 100 3610 in
113 3571 231 3612 censura
247 3551 362 3632 aliqua,
379 3550 423 3610 ccl
437 3550 657 3629 irrepnlaritnte
672 3557 686 3610 ,⁹
703 3553 794 3628 ltcsp.

105 3639 160 3716 §l
180 3639 442 3700 Excomnnicutns
456 3639 775 3699 excommunicatione
792 3657 857 3698 ma-

68 3723 139 3803 jore,
156 3729 251 3788 etiam
267 3729 306 3787 ab
322 3728 458 3802 homine,
473 3726 614 3806 quamvis
630 3727 857 3805 injuste,dn1n-

70 3815 154 3875 modo
170 3817 228 3876 rite
245 3816 284 3874 sit
299 3816 362 3875 lata
377 3835 383 3875 :
403 3821 433 3875 et
443 3816 585 3894 quamvis
597 3816 665 3874 talis
679 3834 856 3876 exeommu-

72 3903 181 3964 nicatus
196 3905 237 3965 sit
265 3905 413 3964 toleratus
441 3921 478 3963 ac
502 3904 592 3980 plane
621 3905 770 3980 occultus,
804 3910 857 3966 aut

70 3991 155 4052 etiam
175 3992 333 4053 nesciatur
360 3993 538 4066 incurrisse,
560 3993 608 4051 rel
637 3996 763 4070 putetur
789 4011 855 4053 esse

71 4079 233 4156 absolutae,
251 4086 298 4141 est
324 4081 525 4141 nibilominus
541 4079 685 4138 inhabilis
701 4081 740 4139 ad
764 4101 855 4142 omne

69 4165 257 4245 beneficium,
275 4173 306 4229 et
316 4169 498 4246 pensionem
510 4169 793 4247 quomodocunque
807 4189 856 4229 ae·

71 4257 257 4335 quirendam,
276 4276 344 4335 cap.
362 4257 550 4330 Postutnstis,
572 4257 609 4316 cle
624 4257 717 4330 Cleo,
733 4275 852 4319 excom.

70 4362 134 4422 cap:
151 4345 325 4421 Pastoralis,
344 4346 381 4404 de
398 4345 510 4422 appell.
524 4363 588 4422 cup.
607 4347 635 4420 l,
652 4345 690 4402 de
704 4347 853 4424 ltescript.

69 4431 107 4493 in.
122 4437 150 4508 o,
168 4437 270 4508 Gara,
281 4453 316 4513 p.
329 4439 358 4508 7,
376 4429 493 4511 copfltt
507 4435 625 4507 ;Pass.,
642 4430 677 4491 de
691 4431 771 4492 elect.
790 4453 852 4513 cap.

69 4521 113 4595 aa,
137 4539 155 4581 α
176 4541 258 4581 narn.
285 4525 360 4592 crta
379 4521 485 4594 Bnrb,
510 4521 549 4578 ad
575 4539 643 4597 cap.
670 4520 853 4598 Postulnstts,

69 4607 166 4685 Leon,
179 4629 213 4689 p.
227 4613 255 4686 l,
273 4617 375 4689 petest.
393 4613 460 4669 32¹5.
475 4609 544 4670 Etsi
558 4609 742 4669 coristitutus
757 4611 787 4668 in
802 4611 855 4671 tali

70 4699 395 4774 excommunicatione,
413 4699 505 4759 etiam
522 4698 669 4776 igrnrrans
680 4703 733 4759 aut
747 4719 779 4758 se
794 4719 855 4760 non

69 4787 224 4848 retlectens
249 4788 370 4865 accepit
384 4787 582 4861 bendicium,
600 4790 724 4846 tenetur
738 4787 856 4848 tructus

70 4880 226 4952 perceptos
240 4875 416 4951 restituere,
434 4875 508 4954 quia
532 4892 593 4933 non
610 4874 703 4934 babet
730 4875 855 4934 titolum

69 4957 194 5024 faciendi
216 4983 309 5036 suos;
326 4967 426 5040 Less,
443 4963 475 5022 in
491 4967 573 5023 auct.
599 4982 628 5023 v.
661 4963 852 5044 Beneficium,

70 5063 127 5109 cas.
146 5055 174 5111 7.

25 5173 45 5218 7,
105 5137 160 5214 §2
178 5141 209 5201 Si
223 5141 357 5218 provisio
370 5141 452 5200 lacta
467 5140 507 5200 sit
522 5145 594 5199 ante
607 5142 854 5203 excommunica-

69 5221 189 5304 tionem,
214 5229 269 5288 scd
284 5231 422 5308 acceptio
449 5228 653 5307 possessionis
677 5229 775 5289 datin
805 5249 854 5290 ex-

70 5316 362 5390 communicatione;
380 5321 519 5394 Carruca,
538 5321 630 5394 tlon,
649 5319 739 5395 Han,
757 5317 853 5378 etalii

69 5400 853 5488 dicuntprorisioncmesseinvalidam,quiaquando

69 5499 213 5572 acceptat,
230 5503 283 5558 aut
293 5496 466 5578 ingreditur
477 5497 541 5577 jus,
554 5497 692 5561 estillius
703 5497 850 5576 incapax:

1656 541 1713 618 mr

923 731 1078 806 ergoillnd
1091 729 1290 810 nonaceipit;
1306 728 1600 810 oppositnmtenent
1610 728 1715 804 Susa,

921 821 1029 898 Vasq,
1044 819 1153 895 Paris,
1165 821 1267 894 Gara,
1280 818 1387 894 Barb,
1400 821 1521 880 Passer.
1530 864 1536 885 .
1546 835 1627 876 nam.
1645 819 1715 878 450.

921 909 1030 984 Diana,
1045 929 1076 988 p.
1094 911 1123 977 t,
1139 918 1160 969 t.
1177 911 1207 984 t,
1224 907 1261 968 R.
1279 912 1329 984 56,
1347 906 1499 987 quiajnra
1512 910 1634 968 tantum
1649 904 1720 964 irri-

921 1001 987 1058 tant
1002 997 1199 1057 collationem
1215 1001 1245 1056 et
1260 995 1456 1071 electionem,
1482 1013 1538 1074 per
1553 1011 1648 1073 quarn
1663 1011 1718 1053 ex-

920 1083 1149 1145 communicato
1157 1083 1209 1162 jus
1222 1083 1403 1163 aequiritur,
1416 1100 1476 1142 non
1487 1085 1592 1142 autem
1604 1098 1717 1159 accep-

919 1173 1068 1233 tationem
1084 1173 1132 1231 rel
1143 1172 1382 1250 possessionem,
1398 1170 1472 1250 quia
1483 1169 1657 1248 acceptatio
1669 1175 1716 1230 est

919 1265 1040 1320 turdum
1052 1260 1132 1339 juris
1147 1260 1289 1338 acquisiti
1305 1259 1455 1338 receptio,
1480 1258 1635 1337 possessio
1659 1275 1714 1319 au·

919 1355 981 1407 tem
1007 1353 1051 1408 est
1068 1349 1169 1426 potins
1184 1347 1281 1427 aliqui
1305 1347 1377 1408 lacti
1394 1365 1488 1426 qnam
1508 1345 1609 1424 juris;
1627 1346 1652 1406 si
1670 1351 1713 1407 ta·

918 1456 989 1496 rnen
1006 1437 1138 1514 periuro
1159 1436 1384 1515 acquireretur,
1406 1433 1543 1512 provisio
1563 1432 1714 1495 invalida-

920 1533 1020 1598 rctur3
1037 1529 1142 1601 Lena,
1159 1545 1188 1606 q.
1202 1528 1268 1585 329.

958 1618 975 1694 ς
989 1618 1017 1676 3.
1037 1615 1067 1678 Si
1084 1615 1194 1674 electio
1210 1615 1257 1672 rel
1273 1611 1472 1692 praesentatio
1487 1612 1570 1674 lacte
1582 1612 1622 1675 sit
1635 1615 1713 1674 tem·
1743 1627 1784 1674 ue

918 1722 993 1782 pore
1009 1702 1350 1778 excommunicationis,
1368 1702 1423 1763 sed
1438 1701 1622 1778 acceptatio,
1636 1719 1710 1762 eon·

917 1792 1052 1852 firmatio
1068 1798 1122 1852 ant
1136 1791 1287 1851 institutio
1307 1791 1362 1852 fiat
1376 1795 1474 1862 extra;
1492 1789 1586 1868 ΑΜ),
1605 1791 1710 1868 Suam,

919 1880 1020 1957 Gara,
1038 1880 1143 1955 barb,
1159 1881 1244 1939 Less.
1261 1879 1354 1953 Kom,
1372 1881 1455 1952 Pas,
1472 1897 1501 1956 n.
1519 1880 1589 1939 448.
1610 1878 1708 1940 Leuc.
1782 1891 1785 1900 '

917 1977 1020 2048 penest.
1049 1971 1117 2041 aab,
1141 1965 1334 2046 probabilius
1362 1965 1471 2027 dieunt
1496 1963 1712 2044 provisionem

918 2075 984 2117 esse
1006 2055 1186 2131 invalidam,
1207 2055 1281 2133 quia
1304 2053 1388 2133 quod
1413 2052 1452 2113 ab
1477 2051 1564 2116 initio
1589 2051 1710 2113 nullum

918 2149 973 2219 est,
993 2162 1048 2202 nec
1063 2148 1213 2220 tempore,
1233 2160 1288 2202 neo
1308 2139 1536 2218 acceptatione,
1554 2157 1612 2200 nec
1634 2157 1711 2200 con-

916 2232 1093 2293 firmatione
1117 2237 1172 2293 aut
1193 2229 1387 2290 institutione
1406 2230 1442 2289 nt
1455 2228 1605 2290 validum.
1622 2229 1713 2289 Putat

916 2325 1022 2381 tamen
1038 2321 1166 2394 benaa,
1184 2321 1293 2394 liene,
1309 2318 1409 2378 Diana
1423 2335 1530 2396 supra,
1547 2315 1664 2378 Sancb.
1676 2314 1714 2376 de

917 2409 1007 2470 tran.
1029 2408 1050 2469 l.
1067 2411 1096 2484 8,
1114 2408 1141 2468 d.
1160 2413 1189 2484 7,
1206 2427 1235 2467 n.
1254 2411 1302 2482 lt,
1320 2423 1387 2466 esse
1407 2403 1614 2485 probabiliter
1631 2403 1711 2465 vali-

917 2499 1000 2573 dam,
1018 2497 1092 2576 qnia
1106 2497 1192 2576 prior
1206 2495 1315 2557 electio
1332 2494 1380 2555 vel
1400 2492 1600 2572 presentatio
1623 2492 1711 2553 vide·

915 2589 967 2646 tur
980 2586 1011 2643 in
1026 2585 1126 2662 prima
1138 2584 1296 2644 voluntate
1312 2581 1426 2642 durare
1441 2581 1590 2661 usquead
1604 2581 1711 2642 subla-

915 2673 1032 2735 tionem
1046 2670 1385 2739 exeormnunicationis,
1398 2669 1525 2751 quando
1541 2675 1710 2749 acceptans

916 2767 963 2823 est
980 2781 1090 2840 capax.
1108 2761 1186 2834 Ouid
1212 2760 1244 2820 in
1265 2758 1435 2838 Rescriptis
1455 2765 1603 2838 operetur
1623 2758 1711 2820 elau·

915 2851 983 2911 sula
1012 2849 1218 2925 absolutoria,
1244 2868 1262 2908 a
1288 2847 1454 2930 quibusvis,
1479 2846 1578 2909 videri
1607 2850 1712 2928 potest

914 2941 1007 3000 Leuc.
1023 2959 1053 3020 q.
1069 2941 1137 3014 329,
1154 2958 1184 2999 a.
1200 2942 1231 3000 l.

955 3031 1011 3107 §.a
1029 3025 1317 3088 Excornmunicatio
1334 3025 1437 3086 minor
1450 3024 1525 3087 tacit
1537 3023 1710 3104 promotio·
1737 3045 1779 3088 ru

916 3137 987 3178 nem
1009 3116 1048 3176 ad
1068 3115 1253 3174 beneficium
1273 3133 1334 3174 non
1354 3114 1487 3192 simplex
1502 3131 1570 3175 esse
1586 3113 1710 3175 irritan-

915 3207 999 3280 dam,
1017 3225 1086 3283 cap.
1103 3204 1142 3264 Si
1160 3203 1271 3267 Celebr.
1289 3206 1333 3265 De
1353 3204 1434 3265 (lter.
1456 3220 1576 3263 excom.
1602 3202 1707 3278 Scan,

914 3297 1049 3368 Passen,
1066 3313 1095 3352 n.
1117 3295 1185 3366 473,
1204 3295 1313 3351 contra
1336 3290 1417 3351 Abb.
1441 3293 1473 3350 et
1494 3288 1583 3350 alios.
1608 3287 1639 3352 Si
1663 3291 1708 3351 ta·

913 3399 985 3440 men
1007 3379 1210 3458 probabiliter
1232 3379 1394 3457 ignoretur
1414 3395 1434 3438 a
1454 3382 1661 3455 promovente
1676 3381 1709 3438 et

913 3473 1068 3549 promoto,
1095 3468 1178 3528 valet
1200 3465 1368 3544 promotio,
1394 3464 1469 3545 quia
1491 3464 1542 3524 lex
1569 3462 1708 3544 loquitur

912 3561 1034 3618 tantum
1054 3555 1093 3615 de
1108 3554 1242 3616 scienter
1255 3553 1432 3634 agentibus,
1450 3553 1571 3614 Passer.
1590 3551 1706 3633 aliique

913 3651 1023 3706 contra
1037 3647 1125 3705 Garz.
1139 3643 1228 3716 Quod
1241 3643 1265 3703 si
1281 3643 1431 3703 alteruter
1444 3643 1567 3703 tantum
1581 3639 1707 3720 ignora·

912 3734 962 3809 rit,
992 3732 1117 3792 videtur
1144 3731 1307 3808 irritanda,
1336 3731 1425 3792 Garz.
1457 3735 1488 3791 et
1515 3728 1567 3790 alii
1595 3733 1706 3791 conus

913 3825 998 3882 Host.
1017 3826 1048 3882 et
1062 3821 1142 3893 Peir;
1160 3823 1197 3882 V.
1214 3822 1306 3881 Lenr.
1324 3838 1354 3902 q.
1372 3819 1590 3894 303ec1tian.‚
1605 3837 1637 3899 p.
1654 3819 1705 3894 rt,

913 3919 935 3970 t.
952 3913 982 3986 5,
1001 3907 1036 3969 n.
1053 3911 1083 3968 5.

952 3999 1017 4076 §tn
1040 3998 1218 4074 Suspensus
1232 3996 1414 4075 simpliciter
1434 3995 1475 4057 ab
1497 3994 1583 4058 omni
1602 3995 1705 4058 officio
1733 4011 1775 4057 tre

912 4092 943 4147 et
963 4084 1127 4161 beneficio,
1149 4084 1270 4146 etiamsi
1290 4084 1330 4146 sit
1353 4084 1494 4146 occultus
1517 4086 1548 4145 et
1567 4101 1630 4145 non
1651 4083 1707 4144 de·

912 4174 1082 4249 nuntiatus,
1096 4173 1272 4252 promoveri
1284 4190 1345 4233 non
1356 4175 1460 4252 potest
1472 4171 1513 4232 ad
1524 4171 1704 4252 dignitates,

911 4263 960 4322 vel
983 4261 1136 4322 beneficia
1156 4261 1385 4338 Ecclesiastica,
1409 4279 1478 4339 cap.
1506 4259 1582 4322 Cam
1611 4260 1703 4323 tone

911 4353 955 4410 De
975 4354 1058 4410 atat.
1075 4356 1106 4410 et
1121 4350 1204 4429 qual.
1222 4350 1309 4428 prrel.
1327 4351 1439 4428 putant
1452 4353 1558 4411 tomen
1578 4350 1704 4428 Laym„

912 4441 1023 4514 Casta,
1047 4437 1161 4516 aliique
1186 4456 1258 4498 cum
1280 4437 1379 4498 Diana
1400 4455 1432 4518 p.
1458 4441 1506 4515 tl,
1528 4446 1550 4498 t.
1570 4439 1601 4514 5,
1620 4435 1656 4500 a.
1672 4441 1703 4515 l,

912 4531 1020 4587 contra
1035 4527 1139 4602 Suae,
1155 4525 1228 4601 Tb,
1245 4527 1349 4602 Hurt.‚
1366 4529 1397 4587 et
1411 4525 1488 4586 alios
1502 4525 1588 4604 apud
1602 4528 1703 4603 Pasa,

911 4634 941 4675 n.
957 4617 1027 4690 493,
1044 4614 1274 4692 promotionem
1293 4613 1365 4676 talis
1385 4612 1527 4692 suspensi
1552 4631 1614 4675 non
1636 4631 1705 4674 osse

913 4704 979 4782 ipso
1009 4703 1080 4782 jure
1111 4703 1233 4764 irritam
1256 4703 1312 4764 sed
1340 4702 1537 4764 irritandam.
1564 4702 1655 4775 Quod
1678 4702 1704 4763 si

911 4809 1080 4869 suspensus
1094 4791 1134 4851 ab
1149 4790 1232 4852 omni
1248 4795 1370 4853 tantum
1391 4789 1493 4852 officio
1515 4806 1706 4869 promovea-

911 4885 961 4940 tur
975 4879 1015 4938 ad
1030 4879 1217 4939 beneficium
1233 4884 1375 4940 curatum
1399 4882 1454 4940 aut
1472 4877 1617 4957 simplex,
1634 4895 1705 4956 pro·

910 4967 1006 5029 motio
1022 4973 1069 5028 est
1083 4968 1178 5029 etiam
1192 4967 1355 5046 irritanda,
1369 4967 1442 5047 quia
1453 4966 1537 5028 omni
1551 4967 1703 5028 beneflcio

910 5075 1032 5118 annexa
1047 5061 1094 5117 est
1107 5055 1213 5135 aliqua
1231 5056 1361 5133 functio,
1378 5073 1448 5136 quae
1471 5055 1531 5134 ipsi
1554 5053 1703 5134 prohibe·

909 5153 971 5223 tur,
994 5144 1093 5224 qualis
1118 5151 1165 5206 est
1185 5145 1295 5205 saltem
1318 5145 1466 5223 privatim
1490 5161 1580 5206 orare
1604 5145 1704 5204 Horas

910 5240 1059 5314 tanquam
1080 5233 1255 5295 ¹blinistrum
1279 5237 1310 5294 et
1332 5232 1504 5295 officialem
1528 5230 1701 5294 Ecclesiae:

910 5341 1001 5383 nemo
1022 5327 1125 5382 autem
1148 5325 1251 5401 potest
1272 5320 1450 5400 promoveri
1469 5320 1511 5381 ad
1530 5319 1602 5394 hoc,
1619 5318 1704 5400 quod

909 5409 1094 5490 prohibetur
1115 5427 1271 5485 exercere,
1293 5426 1416 5486 argum.
1439 5425 1509 5486 cap.
1534 5406 1701 5482 Translate,

910 5493 1702 5578 mmmffiwmffimmmmffim
