4120 6348
646 515 697 582 DE
718 518 934 584 renarrans
957 514 1282 584 acatesrasrlals
1728 517 1787 578 1157

129 727 144 764 ιι
164 723 295 782 cursus,
311 723 421 767 verum
442 703 536 767 etiam
556 703 596 765 ab
617 705 891 768 Examinatoribas
907 711 938 767 et
1032 729 1046 764 ιι
1066 707 1184 781 Romae,
1200 703 1261 766 bac
1281 701 1331 764 die
1346 703 1385 765 10
1403 698 1545 766 ianuarii
1562 704 1650 780 trel,
1664 702 1788 783 Ampli-

129 816 144 850 ιι
163 795 207 855 ab
233 793 422 869 Ordiuario,
446 793 495 854 vel
517 792 585 873 ejus
609 793 748 870 Vicario,
779 795 832 873 qui
856 799 937 856 Con·
990 817 1005 853 ιι
1024 793 1224 870 tadiai'lura,

129 903 144 940 ι
164 883 279 943 cursui
298 881 505 957 interfuerint,
522 881 746 942 subscribatur.

171 993 187 1028 ιι
209 973 346 1032 Peracto
366 968 540 1031 secundum
568 970 650 1030 banc
670 969 838 1032 formulam
863 989 936 1032 con·

130 1083 145 1117 ι
166 1077 281 1135 cursu,
307 1058 421 1119 collata
441 1059 533 1137 eique
553 1058 605 1138 qui
630 1058 731 1137 magis
749 1059 880 1121 idoneus
900 1078 937 1120 ac

132 1171 146 1206 ιι
165 1145 301 1226 dignior
312 1145 473 1226 judicatus
487 1145 582 1206 luerit
600 1145 738 1208 Ecclesia
752 1149 934 1225 parochiali,

1474 900 1489 937 ιι
1509 878 1558 942 Uti
1573 881 1694 957 Frater,

1090 992 1104 1026 ιι
1124 970 1165 1032 M.
1183 971 1217 1030 P.
1229 969 1321 1031 Gard.
1339 966 1529 1030 Corradinas
1543 967 1723 1030 l'raefectus.

1223 1081 1237 1116 ιι
1256 1060 1290 1119 Ρ.
1308 1054 1526 1118 lambertinus
1541 1054 1782 1120 secretariusrr

1037 1167 1050 1201 a
1065 1146 1221 1217 Quantum
1233 1151 1317 1207 recte
1329 1143 1547 1225 dispensandis
1560 1143 1788 1206 Ecclesiasticis

133 1259 147 1292 ιι
167 1253 233 1296 non
262 1235 450 1296 admittatur
468 1235 636 1314 appellatio
654 1241 709 1297 aut
727 1238 842 1298 amala
856 1239 938 1299 rcla·
991 1233 1185 1310 muneribus,
1214 1231 1471 1295 administrandae
1489 1231 1631 1311 justitiae,
1660 1249 1788 1311 compo-

133 1348 148 1382 »
167 1324 261 1386 tione
291 1322 559 1398 examinatorum,
586 1327 641 1384 aut
663 1324 704 1386 ab
730 1324 937 1388 irrationabili
993 1322 1104 1382 nendis
1118 1321 1265 1398 dissidiis,
1279 1319 1538 1399 continendisque
1554 1319 1585 1380 iu
1602 1319 1706 1382 cilicio
1722 1321 1788 1382 Cle·

134 1433 149 1470 ιι
164 1411 293 1492 judicio
317 1410 478 1491 Episcopi,
501 1411 560 1472 nisi
588 1411 670 1472 intra
693 1411 805 1473 decem
828 1412 936 1474 diesa
992 1409 1065 1470 ricis
1080 1410 1246 1488 proliceret
1259 1410 1467 1472 saluberrima
1488 1409 1723 1487 praemissarum
1744 1409 1789 1470 le-

134 1521 149 1558 ιι
169 1499 225 1560 die
243 1499 660 1578 collationisintcrponatur.
992 1517 1069 1577 gum
1096 1497 1268 1576 institutio,
1298 1500 1373 1560 satis
1402 1517 1559 1576 superque
1594 1497 1788 1576 experientia

177 1610 192 1646 ιι
214 1587 532 1668 Siquisautemboc
554 1588 940 1667 intraspatiumappclla-
993 1586 1717 1665 comperuimus,cumAuconitanamprimum
1732 1587 1788 1646 ltc-
1862 1629 1864 1636 .

135 1697 151 1734 ιι
170 1677 270 1752 verit,
287 1680 420 1755 actaque
437 1693 608 1736 concursus
632 1682 718 1755 petat
738 1678 777 1738 ad
795 1677 939 1740 iudicem
993 1673 1138 1751 clesiam,
1164 1693 1201 1734 ac
1229 1674 1342 1734 deinde
1375 1672 1605 1734 Bononiensem
1633 1674 1788 1752 Sponsam

137 1789 151 1822 ιι
171 1765 399 1843 appellationis
430 1764 669 1840 transferenda,
700 1766 864 1828 mittantur
890 1766 939 1825 rel

137 1877 151 1910 ιι
170 1859 249 1916 acta
269 1851 337 1930 ipsa
352 1851 517 1929 originalia
532 1871 707 1914 concursus
721 1854 828 1915 clausa
841 1857 872 1915 et
886 1855 939 1915 ob-

137 1967 152 2000 ιι
172 1941 324 2021 signata,
350 1942 401 2001 rel
428 1945 513 2002 certe
538 1959 635 2002 unum
659 1941 784 2022 aliquod
810 1942 940 2003 authen-

138 2051 152 2086 ιι
172 2029 277 2090 ticum
292 2047 401 2090 eorum
416 2029 595 2108 exemplum
619 2048 638 2089 a
661 2030 852 2092 cancellario
867 2048 939 2092 con·

45 2124 47 2132 ’
139 2139 153 2173 ιι
173 2135 289 2178 cursus
300 2121 395 2196 atque
410 2117 508 2178 altero
524 2117 644 2179 notario
659 2118 807 2179 collatam
823 2124 854 2180 ct
868 2137 941 2179 aus-

139 2205 333 2267 ncultatum
357 2223 464 2266 coram
486 2203 609 2268 Vicario
631 2205 681 2267 rel
700 2206 761 2267 alio
781 2207 812 2268 in
834 2207 941 2268 Eccle-

140 2315 155 2352 ιι
175 2293 308 2355 siastica
321 2293 473 2373 dignitate
484 2293 652 2355 constituto
668 2312 762 2373 quem
776 2294 872 2374 eligat
886 2297 940 2356 Or-

141 2405 155 2439 ιι
174 2381 333 2459 dinarius,
347 2381 388 2441 ad
403 2399 497 2461 quem
512 2381 606 2444 etiam
622 2383 732 2444 notarii
748 2383 940 2446 cancellario

141 2493 157 2528 ιι
176 2469 377 2552 adjungendi
405 2471 515 2532 electio
542 2469 730 2550 pertinebit,
756 2489 877 2533 necnon
901 2471 941 2533 ab

142 2557 451 2620 »examinatoribus
473 2559 675 2636 synodalibus
699 2560 752 2639 qui
771 2559 940 2622 Concursui

143 2671 157 2705 ιι
177 2646 393 2708 interfuerunt
406 2647 627 2726 subscriptum.

184 2737 269 2797 »Ex
294 2733 407 2816 quibus
435 2735 527 2797 dictis
554 2737 604 2797 vel
631 2737 811 2800 authentico
833 2755 943 2801 corum

143 2847 159 2882 ι
178 2822 327 2902 exemplo
350 2821 408 2884 nisi
430 2841 614 2902 gravamen,
639 2826 743 2904 quoad
767 2826 943 2888 doctrinam

144 2933 159 2969 ιι
179 2911 297 2991 probet
319 2909 360 2988 is,
383 2912 435 2992 qui
454 2912 515 2989 sic,
537 2917 571 2974 at
593 2913 803 2992 praemittitur,
826 2914 943 2976 exami-

144 3020 160 3056 ιι
179 3003 286 3074 natus,
308 3002 363 3060 aut
380 3017 400 3058 a
419 2999 502 3060 mala
517 3000 666 3061 relatione
681 3001 940 3078 examinatorum,

145 3109 160 3144 ιι
180 3091 237 3147 aut
253 3085 294 3146 ab
315 3085 522 3148 irrationabili
540 3086 660 3167 judicio
676 3089 820 3169 Episcopi
836 3093 944 3170 appel-

146 3189 160 3224 ιι
179 3165 311 3243 laverit,
334 3182 450 3226 novam
473 3166 515 3228 ad
535 3185 667 3228 examen
690 3171 882 3248 provocandi
897 3172 944 3232 fa-

146 3277 162 3312 »
182 3256 333 3317 cultatem
360 3273 380 3315 a
413 3255 485 3317 Sao.
516 3257 628 3334 Congr.
660 3257 777 3318 frastra
804 3261 944 3337 postula-

147 3343 245 3406 abit.

187 3456 203 3492 ιι
223 3433 495 3506 Quemadmodum
523 3437 554 3496 et
578 3433 698 3515 judicio
726 3436 945 3514 appellationis

148 3541 163 3577 ιι
181 3521 329 3601 persequi
353 3521 406 3602 jus
434 3540 526 3582 suum
547 3521 663 3584 trustra
677 3523 810 3586 tentabit
836 3525 862 3586 is
891 3525 943 3605 qui

148 3629 163 3664 ιι
182 3609 263 3670 forte
291 3629 324 3670 se
349 3615 515 3689 gravatum
544 3610 649 3672 dolcat
671 3613 775 3692 quoad
803 3613 943 3696 reliqua,

149 3717 163 3752 ιι
183 3695 255 3774 nisi,
270 3697 455 3776 interposite
472 3703 606 3774 mature,
628 3705 662 3761 ut
682 3701 800 3763 dictum
819 3707 876 3779 est,
890 3721 947 3781 ap-

149 3807 164 3842 ιι
184 3784 351 3865 pellatione
366 3787 406 3848 ab
433 3786 638 3848 irrationabili
654 3787 773 3868 judicio
788 3791 944 3869 Episcopi,

150 3893 164 3929 ιι
182 3891 354 3951 gravamen
371 3875 474 3955 quoad
489 3873 542 3935 illa
563 3875 734 3938 ostenderit
748 3876 797 3939 vel
811 3895 849 3938 ex
870 3878 946 3940 actis

151 3983 165 4016 ιι
184 3961 277 4041 primi
292 3981 472 4038 concursus,
488 3964 537 4024 vel
551 3964 661 4025 saltem
681 3984 719 4026 ex
743 3967 948 4029 attestationi-

151 4069 166 4104 ιι
184 4049 244 4110 bus
262 4053 294 4112 et
307 4047 503 4111 documentis
524 4052 811 4132 ext1·ajudicialibus
832 4055 945 4131 etiam,

152 4159 166 4194 ιι
186 4137 242 4196 sed
257 4156 318 4199 non
333 4137 464 4200 levibus.

192 4248 207 4282 ιι
227 4229 329 4306 Atque
355 4226 398 4287 ita
426 4225 554 4307 quidem
588 4229 686 4290 sensit
712 4230 743 4290 S.
774 4231 886 4309 Congr.
917 4235 948 4292 et

153 4335 167 4369 ιι
187 4313 407 4376 Sanctissimae
439 4315 581 4377 assensit.
611 4320 652 4378 At
682 4317 708 4376 si
740 4318 808 4396 quis
843 4323 946 4380 tarmen

153 4423 167 4458 ιι
186 4401 422 4466 Ordinatiorum
436 4403 526 4466 aliter
540 4423 578 4466 ec
592 4406 886 4486 supradescriplum
902 4411 949 4470 est

154 4511 168 4546 ιι
187 4491 445 4552 concurrentium
482 4493 626 4554 examina
665 4495 834 4556 instituere
877 4515 948 4575 per·

154 4599 169 4635 ιι
187 4578 311 4655 rexerit,
328 4585 438 4659 perget
452 4585 483 4640 et
497 4581 529 4642 S.
546 4582 615 4659 ipsa
632 4585 745 4662 Congr.
767 4601 854 4644 mora
869 4585 949 4664 pris-

155 4688 169 4723 ιι
188 4667 251 4728 tino
265 4669 505 4747 appellantibus,
525 4671 577 4750 qai
593 4691 626 4732 se
641 4679 787 4751 gravatos
802 4673 946 4750 dixerint,

155 4757 442 4833 »provocationem
470 4757 511 4818 ad
542 4777 658 4820 novam
687 4779 838 4837 examen,
865 4762 950 4822 nulla

156 4843 378 4922 »gravaminis
406 4845 523 4922 praevia
551 4848 736 4926 probatione
772 4849 946 4930 indulgere.

156 4952 170 4988 ιι
188 4931 313 4994 Interim
327 4937 451 5010 tamen,
467 4954 506 4996 nc
534 4935 645 4996 barum
672 4937 858 4999 Litterarum
886 4956 948 4999 me-

157 5041 171 5076 ιι
188 5021 289 5081 moria
302 5022 469 5100 dilabatur,
487 5024 554 5088 vult
568 5025 679 5086 eadem
703 5029 806 5089 Sacrr.
833 5031 946 5106 Congr.

158 5127 171 5164 ιι
190 5125 243 5167 eas
254 5108 495 5190 uniuscujusque
507 5112 662 5174 Ordinarii
677 5114 865 5176 cancellaria
879 5135 950 5194 pcr-

158 5217 173 5253 n
190 5199 284 5273 petuo
303 5199 493 5260 conservari.
518 5200 613 5281 Cujus
632 5201 752 5262 interea
773 5203 947 5281 consilium,

159 5287 259 5343 utum
282 5284 474 5348 voluntatem
498 5287 573 5349 dum
600 5306 658 5368 ego
686 5291 829 5351 omnibus
854 5291 950 5370 signi·

146 5384 174 5420 a
192 5362 266 5438 lico,
282 5365 488 5445 Amplitudini
508 5375 569 5430 tuac
587 5369 690 5430 fauste
709 5369 814 5431 omnia
831 5389 847 5431 e
865 5371 949 5433 Goelo

162 5471 176 5509 ιι
195 5467 315 5532 precor.

994 1769 1132 1823 nostram
1149 1767 1280 1840 paterna
1294 1762 1423 1823 caritate
1437 1761 1604 1840 quominus
1617 1761 1789 1840 amplecte-

994 1867 1101 1909 remur
1117 1870 1124 1910 :
1142 1851 1224 1911 Freti
1239 1848 1394 1928 siquidem
1416 1849 1570 1910 dictarum
1585 1849 1692 1930 legam
1707 1868 1788 1929 prae-

994 1937 1073 1998 sidio
1089 1936 1253 2016 Digniores
1267 1937 1428 1998 Parocbiis
1446 1943 1478 1998 ct
1499 1939 1588 1998 eure
1611 1937 1789 1998 animarum

994 2025 1192 2104 praefecimus
1210 2046 1216 2086 :
1233 2028 1408 2106 Tantaque,
1421 2023 1626 2086 benedicente
1642 2026 1786 2102 Domine,

995 2113 1027 2174 id
1054 2114 1169 2175 accidit
1194 2113 1372 2174 animuum
1394 2113 1611 2191 consensione,
1638 2119 1673 2174 ut
1696 2132 1789 2175 nemo

995 2206 1123 2281 questus
1146 2200 1197 2278 sit,
1215 2201 1365 2263 traditum
1392 2201 1498 2262 minus
1520 2201 1621 2280 Digne
1649 2201 1790 2262 celsioris

994 2289 1054 2352 loci
1069 2289 1244 2368 praemium,
1261 2290 1308 2352 vel
1334 2290 1437 2350 minus
1457 2289 1541 2370 juste
1556 2289 1646 2351 alteri
1670 2289 1791 2352 credita

995 2377 1135 2438 vacantis
1153 2376 1300 2440 Ecclesiae
1323 2377 1548 2456 gubernacula.
1566 2381 1607 2440 At
1627 2377 1701 2458 quia
1721 2396 1792 2440 cer-

995 2466 1035 2527 tis
1049 2464 1257 2527 admonemur
1276 2465 1410 2543 indiciis,
1427 2484 1489 2527 non
1505 2465 1549 2527 ita
1561 2465 1602 2528 ad
1617 2466 1686 2526 aliis
1701 2466 1791 2546 Epis·

996 2554 1082 2632 copis
1098 2554 1277 2632 contigisse,
1294 2554 1356 2615 imo
1372 2573 1435 2615 noa
1450 2553 1571 2631 deesse,
1588 2555 1642 2634 qai
1657 2554 1792 2634 privatis

996 2643 1116 2721 abrepti
1133 2642 1255 2718 studiis,
1268 2660 1352 2721 saepe
1368 2641 1536 2719 declinare,
1548 2661 1586 2704 ac
1597 2642 1790 2722 redarguere

996 2730 1153 2792 iudicium
1169 2729 1353 2808 Episcopale
1375 2734 1590 2808 praesumant:
1614 2732 1677 2792 Nos
1698 2749 1793 2810 prop·

997 2822 1085 2880 terea
1103 2817 1225 2878 solliciti
1241 2816 1280 2877 de
1298 2816 1476 2898 implendis,
1492 2821 1588 2897 prout
1602 2815 1705 2894 decet,
1722 2836 1793 2880 mu-

998 2907 1081 2967 neris
1103 2906 1204 2968 Nostri
1228 2905 1381 2984 pertibus,
1397 2905 1549 2967 nonnulla
1572 2905 1710 2983 praelatis
1730 2906 1793 2969 Lit-

997 2995 1072 3056 teris
1087 2993 1245 3070 addeado,
1263 2992 1414 3054 nonnulla
1426 3012 1502 3054 rere
1516 2993 1622 3070 tacite,
1640 2993 1793 3056 breviter-

998 3099 1059 3160 que
1079 3081 1195 3142 ibidem
1218 3079 1345 3159 tradita,
1371 3081 1485 3142 clarius
1507 3081 1695 3160 explicanda
1717 3100 1793 3144 cen-

998 3170 1136 3246 suimus,
1167 3173 1201 3230 ut
1225 3173 1309 3230 recte
1337 3169 1454 3246 omnia,
1483 3173 1579 3250 atque
1616 3189 1655 3232 ex
1682 3171 1793 3234 ordine

999 3263 1201 3337 peragantur.

1039 3369 1053 3404 ιι
1072 3347 1239 3406 Moerentcs
1255 3343 1351 3423 igitur
1365 3345 1557 3423 audirimus,
1575 3347 1661 3426 quod
1679 3347 1711 3408 in
1726 3348 1793 3428 ple-

999 3436 1103 3515 risque
1118 3432 1311 3494 Dioeccsibus
1327 3432 1385 3493 etsi
1406 3438 1535 3512 recepta
1555 3433 1596 3496 sit
1613 3433 1791 3512 laudabilis,

999 3523 1192 3602 firmiterque
1202 3520 1408 3583 custodienda
1418 3520 1612 3584 consuetudo
1623 3521 1654 3582 in
1667 3522 1792 3602 scriptis

1000 3611 1162 3690 redigendi
1178 3629 1309 3670 examen
1331 3610 1591 3672 concurrentium
1607 3631 1614 3672 :
1632 3611 1793 3674 Nihilomi-

1000 3721 1058 3763 nus
1073 3699 1326 3762 Examinatorem
1348 3699 1506 3779 Suffragia
1528 3699 1559 3760 in
1584 3701 1651 3762 sola
1672 3701 1794 3764 littera·

989 3809 1071 3853 ,rum
1085 3789 1198 3868 peritia
1211 3791 1389 3864 versantur,
1406 3807 1464 3849 nec
1479 3788 1603 3850 illorum
1619 3790 1794 3870 exquiritur

1001 3875 1154 3940 sententia
1182 3875 1220 3936 de
1248 3875 1438 3938 Clericorum
1466 3881 1569 3954 aetate,
1586 3877 1791 3957 institutione,

1000 3965 1154 4045 gravitate
1183 3968 1214 4026 et
1240 3963 1403 4026 honestate
1431 3983 1576 4038 morum;
1606 3965 1792 4045 prudentia,

1001 4053 1115 4113 muniis
1128 4057 1221 4114 antea
1232 4051 1386 4128 exercitis,
1398 4057 1430 4114 et
1439 4071 1479 4114 an
1491 4053 1568 4114 tales
1581 4053 1709 4116 demum
1719 4052 1792 4132 sint,

1002 4142 1143 4222 quiores
1165 4160 1238 4202 suas
1256 4141 1352 4202 verbo
1373 4147 1404 4202 et
1423 4143 1566 4220 exemplo
1584 4140 1698 4222 juvare
1717 4162 1790 4224 pos·

1001 4230 1072 4290 sint.
1091 4231 1190 4301 Quam
1204 4227 1296 4289 devia
1315 4227 1355 4290 sit
1369 4227 1550 4310 hujusmodi
1572 4231 1678 4309 praxis
1694 4251 1714 4293 a
1728 4232 1794 4294 Tri·
1824 4262 1831 4280 ι

1002 4317 1120 4379 dentini
1136 4317 1257 4394 semita,
1275 4315 1300 4377 is
1316 4317 1408 4396 plano
1429 4317 1591 4397 intelliget,
1610 4319 1663 4398 qui
1678 4339 1794 4398 expen-

1002 4407 1055 4467 det
1070 4406 1166 4467 verba
1184 4407 1283 4466 relate
1300 4423 1354 4485 cap
1378 4407 1425 4467 18.
1447 4403 1521 4468 Sera.
1538 4409 1588 4483 et,
1605 4406 1640 4468 de
1658 4407 1791 4489 Reform.

1001 4495 1136 4562 Peracto,
1157 4491 1259 4554 deinde
1272 4493 1419 4560 erarnr'ne,
1437 4494 1640 4556 renuntientur
1652 4504 1795 4578 quotcun-

1002 4603 1057 4665 que
1069 4582 1107 4644 ab
1119 4583 1163 4644 tris
1177 4579 1273 4644 idonei
1286 4581 1416 4664 judicati
1430 4581 1548 4664 suerint
1568 4584 1709 4653 moribus,
1726 4583 1795 4647 cloc-

1002 4672 1095 4738 trino‚
1108 4669 1267 4752 prudentia
1280 4679 1306 4730 et
1325 4669 1394 4731 otiis
1414 4669 1498 4731 rebus
1515 4669 1556 4732 ad
1573 4682 1720 4734 vacentem
1735 4671 1767 4734 Ε
1767 4693 1794 4734 1-

1002 4759 1118 4821 clesr'arn
1144 4757 1363 4840 puter-nandum
1385 4759 1567 4838 opportunis.
1585 4759 1682 4840 idque
1696 4763 1794 4841 probe

1003 4865 1135 4907 noscens
1154 4845 1362 4925 congregatio
1378 4844 1519 4925 ejusdem
1543 4846 1671 4908 Concilii
1695 4851 1795 4911 luter-

1003 4954 1075 5014 pres
1089 4935 1205 5013 pluries
1225 4932 1331 5010 edixit,
1354 4933 1591 4997 Examinatorcs
1605 4954 1662 4997 suo
1686 4937 1794 4998 deesse

1003 5022 1136 5097 maneri,
1158 5022 1184 5083 si
1209 5021 1358 5084 doctrinae
1384 5026 1504 5085 tantum
1528 5023 1655 5084 ludices
1680 5031 1792 5102 essent,

1003 5129 1061 5172 nec
1070 5110 1263 5190 inquirerent
1272 5109 1323 5189 qui
1336 5127 1401 5188 prm
1415 5110 1483 5170 aliia
1494 5109 1648 5188 probitate
1657 5129 1792 5190 morum,
1816 5141 1823 5148 ·

1003 5198 1174 5276 laboribus,
1191 5198 1329 5277 praestito
1349 5201 1442 5259 antea
1462 5197 1608 5258 Ecclesia
1631 5198 1792 5279 obsequio,

1004 5288 1178 5368 ceterisque
1195 5285 1320 5348 dotibus
1330 5284 1372 5346 ad
1386 5284 1530 5346 Officium
1540 5285 1673 5347 Parecbi
1688 5305 1795 5350 cumu-

1003 5374 1064 5435 late
1087 5373 1267 5434 obeundum
1291 5371 1487 5450 necessariis,
1512 5376 1616 5436 essent
1637 5372 1742 5438 idonei
1764 5382 1796 5443 et

1004 5459 1281 5524 commendabiles
