4126 6330
287 535 293 547 ·
308 513 367 577 158

305 697 344 760 lis
357 697 491 780 injustus
511 703 668 778 acceptor,
694 717 757 762 non
782 703 924 780 respectu
948 703 1095 782 Sempro-

306 786 361 864 nii,
378 804 453 868 ergo
474 792 619 866 respectu
643 785 725 862 Titii,
749 804 824 866 ergo
848 807 885 848 ex
905 788 1023 869 injusta
1045 807 1095 849 ae-

304 874 447 953 ceptione
462 877 586 937 tenetur
600 875 775 938 restituere.
787 874 847 937 Alii
859 893 930 938 cum
940 877 1013 940 Mol.
1030 887 1052 938 t.
1065 881 1093 948 3,

303 961 333 1024 d.
358 967 428 1041 723,
451 982 481 1023 η.
506 967 537 1039 l,
559 963 666 1025 dicunt
688 981 751 1024 non
779 965 890 1042 teneri,
916 967 1001 1044 quod
1026 984 1096 1044 pro·

302 1051 406 1114 habile
421 1069 489 1112 esse
504 1051 579 1112 dicit
592 1051 702 1114 Tamb.
727 1049 749 1112 l.
773 1055 803 1130 6,
819 1071 844 1114 c.
869 1053 976 1131 4‚§3,
994 1073 1023 1114 n.
1040 1056 1094 1126 3t;

303 1141 457 1204 rationem
485 1139 576 1216 dant,
607 1140 682 1219 quia
708 1158 770 1200 non
794 1142 940 1220 cognorit
957 1141 1009 1221 jus
1028 1160 1096 1204 esse

303 1228 386 1306 Titii,
403 1245 478 1306 ergo
503 1225 637 1288 nonfuit
656 1226 830 1291 formaliter
843 1229 977 1308 injurius
994 1229 1093 1302 Titio;

303 1333 375 1376 cum
403 1314 487 1376 euim
519 1313 659 1376 formalis
685 1315 801 1395 injuria
829 1321 973 1396 respectu
1002 1317 1096 1398 hujus

302 1418 444 1482 personae
456 1401 595 1462 includat
608 1395 764 1463 actionem
779 1404 953 1466 formaliter
968 1406 1095 1467 volitam

303 1492 412 1552 contra
426 1488 507 1548 hanc
522 1506 700 1568 personam,
726 1489 751 1550 si
768 1495 889 1554 erretur
903 1492 935 1551 iu
949 1492 1009 1554 hac
1023 1511 1095 1572 per-

302 1595 390 1655 sona,
406 1594 468 1637 nou
483 1578 598 1655 poterit
612 1576 673 1638 dici
689 1576 862 1640 formaliter
874 1579 971 1642 volita
986 1583 1096 1641 contra

302 1667 384 1728 banc
399 1684 578 1745 personam,
595 1665 729 1746 ideoque
748 1686 805 1729 nec
820 1668 959 1730 formalis
980 1667 1095 1748 injuria

302 1757 444 1832 respectu
468 1751 568 1826 illius;
589 1770 664 1830 ergo
689 1753 854 1816 debebitur
873 1755 915 1816 illi
939 1753 1094 1816 restitutio

304 1844 425 1904 tautum
440 1857 477 1900 ex
492 1857 526 1898 re
541 1843 680 1918 accepta.
699 1841 743 1900 ltu
759 1841 870 1902 eodem
889 1841 1093 1903 fundamento

302 1928 416 1990 docent
428 1929 524 2007 Vasq.
540 1930 625 1990 Less.
644 1926 665 1988 l.
684 1931 713 2004 2,
740 1948 765 1989 c.
783 1933 812 2006 7,
838 1929 905 1990 dub.
923 1937 957 2003 9;
975 1929 1090 1992 Saneh.

301 2017 332 2076 t'o
355 2015 438 2078 cens.
461 2013 482 2076 l.
508 2017 536 2092 l,
558 2035 584 2076 e.
606 2019 635 2084 4,
658 2014 688 2077 d.
714 2020 753 2091 83
778 2020 858 2097 Lug.
884 2017 913 2080 d.
930 2021 960 2094 8,
985 2039 1016 2078 η.
1033 2020 1089 2090 72;

300 2105 410 2168 Tamb.
426 2124 456 2164 o.
474 2106 529 2176 tm
546 2103 669 2164 Petseh.
683 2125 716 2184 p.
734 2107 810 2178 163;
834 2105 948 2167 Dicast.
967 2103 1089 2166 delicet.

300 2191 331 2255 d.
348 2196 413 2270 3‚o
435 2211 465 2252 o.
491 2193 541 2268 63,
559 2197 669 2253 contra
691 2193 779 2270 alios,
803 2193 828 2254 si
850 2193 919 2274 quis
935 2193 1091 2273 inculpate

300 2287 414 2362 putans
429 2299 462 2342 se
476 2280 583 2341 videre
594 2281 704 2358 feram,
718 2281 874 2362 jaculetur
887 2283 919 2343 in
934 2283 993 2344 hoc
1006 2283 1091 2362 quod

300 2372 395 2448 videt,
413 2374 444 2432 et
458 2369 633 2438 interficiat,
660 2375 769 2449 postea
789 2374 896 2434 autem
915 2371 1091 2451 deprehen-

300 2459 355 2520 dat
367 2457 462 2518 luisse
477 2455 648 2534 inimicum,
667 2459 816 2537 quemad
836 2477 944 2520 necem
970 2477 1090 2540 quaere-

298 2549 364 2624 bat,
381 2545 421 2608 ad
436 2543 512 2604 nihil
527 2545 637 2622 teneri,
655 2546 729 2624 quia
752 2547 805 2608 illa
827 2548 939 2609 occisio
955 2545 1090 2608 nonfuit

299 2636 342 2696 illi
357 2633 463 2696 volita.
480 2631 540 2694 Nee
554 2634 653 2712 refert,
671 2636 754 2714 quod
769 2637 919 2697 voluisset
933 2635 1086 2710 occidere,

299 2723 325 2784 si
340 2722 480 2784 scivisset
494 2739 561 2782 esse
575 2721 736 2784 inimicum
749 2744 756 2798 ;
780 2743 848 2785 nom
871 2724 943 2784 inde
967 2727 1089 2784 tantum

300 2809 450 2892 sequitur,
468 2807 551 2888 quod
568 2809 680 2870 occisio
696 2811 831 2872 hominis
849 2811 959 2872 fuisset
977 2811 1020 2871 illi
1036 2829 1088 2872 vo·

298 2897 364 2974 lita,
381 2895 406 2956 si
421 2895 561 2958 scivisset
575 2914 643 2956 esse
658 2897 699 2958 ibi
709 2897 880 2976 inimicum,
892 2917 954 2960 non
969 2902 1086 2975 autem,

300 2984 384 3066 quod
399 3000 482 3044 nunc
497 2982 591 3044 luerit
613 2983 727 3058 volita3
751 2985 814 3046 imo
838 3004 908 3046 eum
929 3004 1011 3048 nunc
1026 3004 1089 3046 uon

298 3072 433 3150 sciverit,
449 3071 552 3151 potius
572 3072 722 3151 sequitur,
739 3075 823 3153 quod
847 3093 929 3135 nuuc
945 3094 1006 3136 non
1021 3075 1090 3136 fuc-

297 3162 339 3224 rit
358 3161 465 3222 volita.
491 3162 629 3239 Utraque
652 3163 807 3224 sententia
835 3167 881 3224 est
903 3162 1085 3241 probabilis,

297 3250 482 3330 videturque
497 3247 541 3308 sic
555 3266 646 3326 posse
655 3249 817 3329 componi:
835 3250 967 3313 SiCaius
981 3252 1089 3314 furans

298 3355 426 3420 equum,
443 3341 525 3398 esset
538 3339 610 3398 actu
625 3336 668 3398 ito
687 3342 896 3418 comparatus,
909 3339 1019 3400 saltem
1033 3339 1089 3400 im·

296 3425 414 3506 plicite,
442 3428 477 3486 ut
503 3425 606 3487 adhuc
634 3426 801 3504 furaretur,
832 3428 976 3508 quamvis
995 3428 1088 3491 sciret

297 3533 364 3576 esse
379 3513 462 3590 Titii,
479 3512 603 3574 videtur
626 3513 729 3577 facere
751 3515 915 3577 formalem
939 3515 1087 3596 injuriam

296 3603 388 3679 Titio,
405 3601 479 3682 quia
493 3601 567 3664 satis
591 3603 752 3681 cognoscit
771 3604 882 3665 saltem
896 3605 1023 3666 confuse
1035 3603 1088 3684 jus

296 3688 388 3766 illius,
412 3693 444 3752 et
466 3707 554 3750 error
578 3688 662 3751 cirea
681 3709 849 3768 personam
872 3691 944 3752 Titii
964 3691 1088 3752 videtur

296 3796 364 3840 esse
378 3794 465 3838 mere
480 3795 685 3856 consequens,
695 3778 745 3838 vel
760 3775 983 3855 concomitans,
1000 3777 1088 3839 ideo-

297 3886 357 3948 que
385 3885 448 3928 uon
475 3865 628 3946 impedire
655 3866 809 3927 rationem
837 3867 1019 3945 voluntarii,
1050 3885 1087 3929 ac

295 3956 524 4034 consequenter
546 3953 703 4015 tenebitur
724 3955 906 4031 restituere,
933 3955 1027 4016 etiam
1049 3973 1087 4016 err

294 4039 412 4122 injusta
425 4040 616 4119 acceptione.
641 4043 667 4102 Ε
681 4046 790 4104 contra
804 4041 829 4103 si
849 4041 889 4104 sit
903 4043 1013 4104 saltem
1027 4043 1087 4104 im·

294 4128 400 4208 plicite
424 4128 468 4190 ita
491 4134 701 4208 comparatus,
723 4135 757 4192 ut
780 4149 843 4192 non
867 4131 1034 4206 furaretur,
1059 4131 1085 4194 si

295 4215 389 4278 sciret
403 4234 470 4277 esse
485 4216 568 4294 Titii,
585 4235 648 4278 non
662 4217 737 4279 facit
750 4217 914 4280 formalem
937 4219 1084 4300 injuriam

294 4303 399 4366 Titio:
424 4304 528 4383 reipsa
551 4305 635 4366 enim
656 4307 723 4367 vult
745 4307 920 4386 relinquere
940 4306 994 4388 jus
1013 4308 1084 4370 Titii

293 4391 436 4469 illaesum,
463 4392 683 4473 quamvisper
710 4413 850 4456 errorem
872 4395 1085 4458 invincibilem

293 4481 407 4555 laedat3
425 4481 498 4542 hinc
512 4481 670 4543 tenebitur
683 4485 804 4545 tantum
820 4501 858 4542 ex
881 4501 914 4544 re
929 4490 1059 4563 accepta
1075 4505 1082 4546 ε

294 4573 325 4632 et
351 4569 383 4630 in
411 4569 493 4631 hauc
521 4569 753 4631 distinctionem
780 4569 907 4632 taudem
930 4571 1086 4634 consentit

293 4656 380 4737 Lugo
394 4655 425 4717 d.
443 4661 491 4731 17,
507 4675 569 4719 oo.
586 4661 636 4735 77,
653 4662 685 4719 et
699 4659 821 4720 Petsoh.
836 4655 907 4741 pop.
924 4663 992 4723 580.

331 4745 398 4824 §2
420 4744 451 4808 Si
467 4743 559 4806 Gaius
579 4745 729 4808 occiderit
748 4746 863 4808 Titium
883 4751 996 4826 putans
1016 4766 1083 4809 esse

222 4835 261 4886 2⁰¹
293 4831 723 4911 Sempronium,Bon.Haun.
736 4833 1083 4910 Busemb.dieuntpro-

291 4919 426 4984 babillus
437 4937 516 4997 esse,
529 4920 755 5000 quodCaiuseu
765 4920 880 5000 injuria
890 4925 1033 4983 teneatur
1043 4920 1083 4980 ad

291 5013 390 5071 totam
403 5006 643 5084 restitutionem,
660 5006 753 5067 etiam
769 5007 1082 5087 damnorum,quam-

290 5097 338 5159 vis
352 5095 451 5159 Titius
474 5113 531 5174 per
554 5093 700 5158 accidens
720 5099 885 5174 putaretur
906 5113 973 5155 esse
994 5095 1084 5156 Sem-

290 5184 421 5265 pronius
437 5204 444 5244 :
461 5186 548 5262 Lugo
563 5182 687 5245 videtur
700 5181 732 5242 in
757 5183 817 5244 hoc
831 5201 905 5244 casu
920 5182 1080 5255 dubitare;

291 5273 364 5337 Mol.
381 5277 415 5334 ct
427 5271 547 5334 Rebell.
575 5271 684 5333 dicunt
702 5270 811 5332 Gaium
834 5271 932 5332 teneri
954 5270 996 5331 ad
1013 5289 1083 5349 pur-

291 5367 355 5424 tem
382 5359 598 5437 restitutionis
629 5358 703 5438 quia
730 5358 833 5419 minus
856 5359 914 5422 luit
937 5356 1079 5438 injurius,

291 5468 386 5532 quam
409 5449 437 5512 si
457 5447 598 5510 sciuisset
619 5466 687 5510 esse
710 5447 840 5521 Titium;
857 5448 966 5510 Tamb.
987 5463 1083 5525 supra

884 513 1001 576 LIBER
1022 511 1201 590 TERTIUS,
1225 513 1326 577 PARS
1348 513 1386 578 li.
1441 527 1448 539 ·

1150 699 1226 762 dicit
1239 699 1401 780 probabile
1416 717 1495 779 esse,
1513 701 1598 781 quod
1619 701 1660 764 ad
1675 701 1752 765 nihil
1770 705 1936 766 teneatur:
2050 713 2051 718 ’

1150 789 1205 850 sed
1229 788 1353 851 videtur
1376 789 1470 850 etiam
1491 808 1541 850 res
1565 789 1616 852 hic
1643 792 1873 870 componenda,
1897 792 1940 854 uti

1151 882 1242 950 ante;
1265 876 1290 938 si
1306 876 1388 936 enim
1404 881 1486 956 actu,
1512 877 1624 939 saltem
1646 878 1805 958 implicite,
1833 879 1938 954 suerit;

1150 965 1194 1025 sic
1216 968 1425 1044 comparatus
1455 969 1489 1027 ut
1508 965 1601 1026 etiam
1625 966 1789 1028 occidisset
1812 968 1938 1045 Titium,

1150 1051 1175 1111 si
1204 1052 1344 1114 scivisset
1380 1053 1509 1123 adesse,
1553 1054 1681 1115 confuse
1717 1056 1865 1133 cognovit
1891 1056 1941 1116 Ti-

1150 1138 1245 1216 tium,
1259 1141 1401 1219 adeoque
1424 1140 1481 1202 luit
1502 1140 1530 1202 ei
1541 1140 1683 1222 injurius,
1708 1147 1739 1204 et
1759 1147 1884 1206 tenetur
1902 1144 1940 1204 de

1151 1228 1283 1289 damnis.

1190 1317 1208 1395 ἓ
1221 1320 1251 1382 3.
1268 1316 1300 1380 Si
1316 1316 1408 1381 Caius
1422 1336 1543 1379 veneno
1557 1319 1700 1382 infecerit
1713 1320 1833 1396 vinum,
1849 1317 1941 1380 illud·
1965 1301 2000 1346 Μ

1150 1424 1211 1484 que
1227 1404 1366 1483 posuerit
1380 1410 1451 1466 ante
1476 1407 1706 1486 Sempronium,
1730 1408 1839 1468 volens
1858 1405 1940 1466 hunc
2050 1435 2051 1486 j

1150 1512 1167 1553 e
1195 1493 1298 1553 medio
1330 1493 1450 1572 tollere,
1478 1493 1577 1556 Titius
1605 1500 1710 1558 autem
1738 1495 1769 1555 id
1798 1495 1941 1554 nesciens
2050 1533 2051 1538 κ

1149 1582 1309 1660 praeripiat
1335 1581 1423 1658 illud,
1454 1585 1486 1644 et
1513 1583 1616 1661 Caius,
1646 1603 1685 1645 ne
1719 1583 1820 1644 scelus
1849 1599 1941 1642 suum

1150 1675 1304 1748 erumpat,
1329 1669 1360 1729 id
1380 1671 1446 1730 fieri
1472 1672 1641 1750 permittat,
1668 1671 1759 1734 Gaius
1779 1671 1811 1730 in
1828 1671 1941 1730 effectu
2050 1681 2051 1684 ’

1149 1776 1212 1818 non
1240 1762 1287 1820 est
1309 1757 1477 1833 homicida,
1505 1777 1562 1819 uec
1590 1765 1714 1820 tenetur
1737 1774 1941 1836 compensare

1148 1845 1264 1904 damna
1279 1863 1317 1904 ex
1330 1848 1430 1904 morte
1445 1843 1515 1905 Titii
1531 1850 1648 1922 secuta,
1666 1846 1739 1926 quia
1753 1845 1869 1907 occisio
1888 1843 1942 1903 illa

1147 1933 1217 1994 Titii
1247 1951 1309 1994 non
1337 1932 1395 1993 fuit
1417 1933 1594 1994 voluntaria
1622 1935 1706 2013 Gaio,
1737 1933 1812 2014 quia
1832 1949 1941 1994 casum

1147 2019 1234 2080 illum
1262 2018 1435 2096 praevidere
1465 2037 1525 2078 non
1546 2022 1657 2098 potuit,
1684 2039 1828 2082 neccum
1853 2022 1942 2082 tanto

1145 2126 1201 2168 suo
1218 2107 1356 2186 periculo
1370 2107 1538 2168 tenebatur
1553 2109 1640 2169 illum
1651 2109 1818 2188 impedire.

1186 2200 1243 2274 fit.
1262 2194 1294 2256 Si
1309 2194 1401 2256 Caius
1415 2195 1524 2255 videns
1539 2197 1666 2275 Titium,
1688 2203 1719 2258 et
1733 2203 1848 2275 putans
1873 2213 1941 2255 esse
1967 2203 2003 2249 sot

1146 2282 1377 2362 Sempronium,
1395 2301 1433 2343 ex
1452 2284 1524 2344 odio
1540 2284 1571 2344 in
1596 2285 1817 2364 Sempronium
1832 2284 1938 2346 dicat:

1145 2371 1202 2432 iste
1218 2371 1311 2431 homo
1334 2375 1381 2429 est
1403 2371 1541 2444 adulter;
1564 2371 1589 2430 si
1613 2372 1712 2433 Titius
1733 2372 1772 2433 sit
1785 2371 1941 2432 audienti-

1145 2459 1203 2519 bus
1231 2463 1336 2534 uotus,
1369 2457 1421 2538 qui
1449 2458 1520 2518 ideo
1538 2463 1664 2536 putetur
1688 2459 1820 2527 adulter,
1848 2460 1942 2521 Caius

1144 2551 1269 2608 tenetur
1293 2546 1460 2607 restituere
1484 2547 1564 2608 Titio
1586 2548 1726 2624 damna,
1753 2547 1778 2607 si
1801 2565 1874 2627 quae
1892 2565 1942 2608 se-

1144 2637 1280 2712 quantur
1302 2652 1340 2693 ex
1361 2634 1420 2694 ista
1444 2634 1593 2709 iufamia;
1625 2633 1811 2714 Sempronio
1832 2637 1943 2696 autem

1144 2739 1206 2782 non
1220 2721 1294 2782 fecit
1314 2720 1461 2801 injuriam
1481 2725 1655 2800 externam,
1681 2721 1706 2783 si
1731 2721 1798 2802 ejus
1821 2739 1942 2782 nomen

1144 2827 1205 2870 uon
1221 2809 1382 2887 expressit.

1186 2897 1292 2972 Ouoect.
1309 2902 1358 2958 47.
1373 2932 1413 2948 μ
1429 2897 1507 2972 Ouid
1528 2895 1688 2960 notandum
1705 2898 1745 2959 sit
1757 2896 1836 2959 circo
1857 2897 1943 2960 resti-
1968 2910 2006 2958 act

1145 2987 1286 3048 tutionem
1307 2985 1353 3045 rei
1369 2995 1395 3046 et
1408 2984 1571 3065 fruetuum,
1593 2987 1662 3047 item
1684 2987 1762 3046 circo
1789 2985 1944 3048 deductio-

1142 3095 1207 3136 nem
1227 3073 1511 3136 melioramentomm
1526 3082 1553 3135 et
1566 3093 1756 3156 expensorum
1768 3077 1828 3135 ru.
1847 3093 1940 3156 seqq.

1142 3167 1203 3244 fil.
1220 3166 1281 3225 Pro
1301 3163 1349 3222 his
1363 3167 1437 3224 sunt
1457 3170 1624 3242 sequentes
1642 3164 1783 3242 regulae:
1808 3167 1838 3224 l.
1866 3165 1943 3225 Pos-

1143 3269 1246 3314 sessor
1264 3252 1355 3312 bonae
1379 3250 1452 3310 fidei
1477 3255 1602 3314 tenetur
1625 3251 1788 3313 restituere
1812 3269 1885 3314 rem
1911 3255 1944 3312 et

1142 3341 1272 3416 fructus,
1298 3339 1348 3401 vel
1372 3357 1433 3420 quo
1457 3340 1557 3400 lactus
1582 3344 1630 3401 est
1653 3339 1748 3401 ditior
1766 3357 1867 3417 exre,
1885 3343 1944 3401 aut

1142 3429 1304 3491 fructibus.
1335 3431 1364 3488 2.
1395 3431 1559 3489 Possessor
1589 3429 1681 3490 malae
1707 3428 1780 3488 lidei
1811 3431 1944 3490 tenetur

1142 3520 1305 3580 restituere
1319 3535 1396 3594 rem,
1410 3522 1441 3577 et
1455 3519 1586 3593 fructus,
1603 3517 1628 3576 si
1643 3517 1755 3577 habet:
1773 3515 1823 3577 vel
1832 3516 1859 3576 si
1875 3533 1942 3576 nou

1142 3606 1247 3682 habet,
1272 3605 1423 3680 valorem,
1447 3603 1520 3665 licet
1543 3623 1606 3665 non
1630 3603 1670 3664 sit
1692 3603 1793 3664 factus
1818 3602 1940 3676 ditior;

1141 3694 1215 3756 item
1230 3696 1355 3754 tenetur
1368 3709 1572 3770 compensare
1588 3691 1739 3752 damnum
1755 3707 1939 3768 emergens,

1142 3783 1307 3844 etluerum
1331 3798 1466 3842 cessans.
1492 3782 1521 3842 3.
1548 3781 1722 3856 Possessor‚
1754 3782 1821 3839 tam
1842 3778 1942 3839 bonae

1141 3889 1236 3951 quam
1262 3869 1354 3929 malae
1377 3869 1450 3928 fidei
1477 3872 1579 3947 potest
1610 3867 1766 3928 deducere
1799 3867 1943 3930 aestima-

1140 3960 1257 4021 tionem
1285 3955 1422 4036 aliquam
1450 3956 1786 4031 melioramentorum‚
1817 3959 1851 4016 et
1883 3973 1944 4015 err-

1139 4061 1308 4124 pensarum
1324 4060 1451 4104 suarum
1467 4062 1473 4104 :
1491 4061 1561 4122 quoe
1583 4041 1689 4102 omnia
1710 4039 1812 4120 magis
1835 4041 1942 4120 expli-

1139 4134 1304 4195 cabuntur.

1178 4221 1239 4300 §2
1256 4221 1388 4282 Fructus
1402 4217 1544 4296 miscui,
1560 4218 1611 4279 vel
1625 4217 1795 4292 naturales,
1819 4215 1872 4278 vel
1887 4215 1941 4277 in·
1969 4235 2009 4280 tos

1140 4307 1315 4384 dustriales,
1331 4307 1380 4368 vel
1403 4304 1516 4366 mixti:
1541 4303 1691 4367 naturales
1704 4305 1787 4380 suut,
1818 4303 1874 4382 qui
1898 4321 1941 4365 ex

1138 4415 1172 4457 re
1195 4396 1263 4475 ipsa
1285 4393 1474 4473 proveniunt
1496 4392 1616 4473 absque
1648 4393 1710 4454 ullo
1734 4391 1799 4451 lere
1821 4389 1940 4453 labore

1138 4487 1193 4546 aut
1214 4482 1368 4543 industria
1388 4480 1586 4561 cujusquam,
1617 4481 1662 4542 uti
1690 4479 1784 4539 foetus
1812 4476 1940 4540 anima·

1137 4570 1225 4647 lium,
1246 4569 1320 4630 lana
1338 4567 1454 4644 ovium,
1479 4567 1598 4627 lructus
1626 4565 1792 4641 arborum,
1823 4563 1940 4627 herbae

1138 4662 1310 4738 pratorum,
1332 4657 1417 4717 silvae
1441 4655 1569 4732 caeduae,
1595 4653 1743 4732 pretium,
1762 4651 1849 4732 quod
1863 4653 1940 4732 quis

1137 4747 1251 4826 accipit
1264 4764 1320 4824 pro
1336 4746 1541 4806 instrumento
1557 4743 1659 4804 alieno
1681 4740 1770 4804 alteri
1785 4740 1936 4815 elocato;

1137 4835 1212 4897 item
1231 4834 1377 4913 pretium,
1404 4852 1458 4894 seu
1477 4831 1567 4893 valor
1589 4830 1633 4891 rei
1656 4876 1664 4907 ‚
1691 4829 1743 4909 qui
1768 4827 1829 4889 dici
1853 4827 1940 4889 solet

1136 4923 1254 4984 fructus
1268 4922 1313 4982 rei
1328 4920 1493 4995 mediatus‚
1511 4923 1543 4980 et
1554 4918 1658 4998 reipsa
1671 4921 1718 4979 est
1738 4916 1939 4998 aequiralen-

1136 5016 1184 5071 ter
1198 5028 1259 5070 ree.
1276 5007 1467 5069 Iodmtrioles
1480 5013 1563 5082 sunt,
1580 5023 1659 5086 quos
1673 5005 1743 5084 ipsa
1756 5003 1801 5063 rei
1817 5007 1939 5066 natura

1137 5098 1176 5158 de
1197 5116 1230 5158 se
1247 5097 1316 5176 ipsa
1339 5114 1401 5157 non
1425 5095 1589 5174 producit,
1611 5093 1667 5154 sed
1691 5092 1743 5173 qui
1769 5089 1937 5170 praecipue

1136 5185 1325 5265 proveniunt
1345 5183 1385 5244 ab
1406 5181 1561 5244 industrio
1579 5179 1716 5243 hominis
1739 5177 1856 5240 utentis
1874 5177 1936 5239 tali

1136 5293 1170 5334 re
1196 5273 1282 5334 velut
1298 5271 1516 5348 instrumento,
1540 5269 1584 5330 uti
1611 5265 1812 5346 stipendium,
1843 5265 1936 5344 quod

1137 5360 1207 5440 quis
1231 5357 1353 5438 accipit,
1378 5359 1453 5420 dum
1472 5357 1605 5436 ipsemet
1626 5355 1723 5416 utitur
1749 5353 1849 5430 falce,
1879 5351 1936 5414 vel

1137 5447 1197 5508 alio
1225 5447 1432 5510 instrumento
1460 5445 1582 5520 alien03
1612 5443 1688 5506 item
1706 5445 1772 5502 arte
1793 5439 1930 5522 lactum,
