4032 6340
647 539 765 604 atoue
785 535 965 616 marma
988 535 1136 600 ptest.
1673 543 1713 609 79

90 729 215 806 ιι,ιιιιι
238 725 283 790 ab
305 726 479 792 Alexandro
496 725 559 790 VII
578 745 646 790 esse
671 726 863 790 damnatam.
921 742 997 788 nere
1021 740 1149 786 causam
1173 739 1231 803 per
1252 741 1286 784 se
1309 721 1392 786 illius
1412 725 1639 807 commotionis,
1664 729 1715 792 rel

96 815 282 880 Vidediceudc
297 818 320 880 ι.
337 821 368 887 6,
384 839 415 880 n.
433 820 503 882 loti.
922 812 1148 876 delectationis.
1172 816 1202 874 3.
1230 812 1302 886 Qui.
1324 832 1354 874 v.
1384 831 1416 894 g.
1438 815 1544 878 studet
1561 819 1593 878 et
1619 833 1716 880 cone-

51 931 77 980 a
124 902 353 978 preaese-
369 905 449 981 Ouid
459 906 496 968 sit
509 903 666 968 delectatio
678 903 865 987 speculabirc,
920 907 974 966 tur
982 902 1099 965 babere
1109 901 1332 981 cogitationem
1342 907 1465 962 tantum
1476 904 1713 984 speculativam,

93 991 313 1076 paupertim
336 1003 364 1056 ιι
377 1015 416 1058 aa
437 994 599 1076 semperrit
617 1001 771 1076 ριιιιιυιιι
789 1012 868 1056 ιιοι-
921 990 948 1052 si
957 991 1026 1052 loco
1037 987 1131 1065 illius,
1143 987 1240 1051 invito
1251 995 1396 1051 occurrat
1406 989 1554 1068 cogitatio
1564 992 1714 1071 practica,

25 1136 26 1161 ,
95 1081 163 1142 tolet
921 1080 1120 1156 nonpeccat,
1144 1076 1218 1155 quia
1241 1076 1309 1138 hec
1327 1095 1391 1140 non
1406 1077 1510 1139 estilli
1526 1079 1713 1142 ιιιιιιιιιιιι.

126 1171 207 1250 Resp,
222 1171 241 1250 ᾖ
256 1174 270 1233 1
286 1192 294 1245 3
312 1175 405 1252 ὅροιν,
423 1171 456 1234 in
473 1171 571 1235 Theoi,
590 1190 665 1236 mor,
682 1191 715 1254 p,
736 1174 764 1248 t,
788 1179 811 1231 r.
836 1173 865 1246 ι,
921 1169 951 1226 ι.
969 1165 1000 1226 Si
1016 1164 1086 1244 quis
1100 1182 1131 1224 v.
1143 1182 1175 1243 g.
1187 1164 1342 1226 studendo
1355 1165 1498 1227 intendat
1511 1167 1717 1246 cogitationes

96 1276 116 1320 ι.
127 1261 153 1334 6,
174 1278 252 1322 aum.
268 1264 320 1338 29,
337 1266 431 1324 vocat
453 1262 540 1324 illam
562 1261 781 1342 speculativam,
798 1276 867 1339 quae
922 1254 961 1314 de
977 1251 1101 1332 objeeto
1115 1270 1252 1314 venereo
1264 1258 1295 1315 et
1305 1251 1423 1316 nesciat
1431 1254 1634 1334 distinguere,
1643 1257 1718 1320 sint-

26 1390 27 1402 .
96 1347 178 1408 estde
190 1347 257 1426 ipsa
266 1351 446 1428 cognitione
457 1354 546 1412 actus
561 1349 647 1426 meli,
659 1350 709 1411 vel
724 1349 762 1410 de
773 1346 866 1408 modo
923 1361 961 1402 ne
976 1340 1123 1420 practica
1134 1359 1174 1401 an
1189 1341 1400 1420 speculative,
1418 1359 1480 1404 non
1496 1347 1615 1426 peccat,
1632 1345 1657 1406 si
1671 1345 1718 1406 eis

27 1466 29 1479 v
97 1434 161 1498 miro
177 1436 266 1514 illins,
284 1455 315 1500 v.
332 1457 365 1517 g.
390 1438 478 1500 vides
499 1439 635 1500 amicum
658 1453 756 1516 pruno
779 1436 868 1496 vultu
923 1447 986 1490 non
1000 1429 1185 1505 consentiet,
1202 1447 1259 1490 nec
1269 1429 1309 1491 sit
1319 1428 1717 1508 periculumconsentiendi

97 1523 239 1586 cadenbm
253 1524 286 1586 in
301 1526 402 1589 lutum
418 1532 449 1590 et
469 1529 653 1589 efferentem
676 1541 787 1586 nasum
801 1541 868 1584 sor·
923 1518 955 1578 in
970 1515 1224 1594 commotionem,
1251 1517 1300 1578 vel
1316 1518 1574 1593 delectationem
1591 1519 1717 1600 quando

97 1609 198 1688 didam,
222 1631 260 1676 ac
282 1614 379 1690 rides,
396 1633 458 1677 non
482 1634 600 1692 casum,
625 1615 664 1674 de
687 1631 762 1676 casu
785 1611 868 1672 enim
923 1609 1029 1667 autem
1043 1605 1188 1666 voluntas
1197 1606 1277 1667 solet
1286 1605 1432 1667 resistere
1443 1606 1491 1668 bis
1501 1607 1715 1684 consensibus,

97 1696 178 1774 doles,
189 1699 243 1760 sed
257 1701 388 1762 modum
403 1702 543 1780 lepidum
553 1701 703 1773 cadendi3
719 1700 802 1761 banc
816 1699 868 1758 de·
923 1692 1120 1771 signumad,
1138 1693 1222 1772 quod
1232 1691 1332 1754 invita
1343 1694 1483 1771 patiatur
1496 1695 1720 1773 cogitationem

95 1783 274 1848 lactationem
288 1793 382 1852 vocat
405 1790 471 1868 ipse
485 1789 736 1870 speculativam:
756 1785 870 1868 practi-
923 1779 1105 1859 practicam·
1129 1783 1159 1840 5·
1184 1780 1242 1852 Oui
1267 1788 1359 1843 vacat
1381 1781 1562 1862 cogitationi
1579 1783 1719 1882 specula-

95 1891 147 1932 rort
167 1879 269 1936 autem
292 1875 369 1938 dicit
388 1895 455 1938 esse
478 1883 558 1954 tum,
575 1879 600 1939 si
614 1878 655 1939 sit
675 1877 716 1937 de
739 1876 867 1954 ipsura,
924 1869 996 1931 tivee
1010 1867 1125 1946 objecti
1140 1868 1266 1928 venerei
1282 1886 1354 1930 oum
1374 1869 1507 1948 praviso
1521 1870 1660 1948 periculo
1673 1885 1719 1929 rn-

96 1960 138 2021 vel
152 1963 268 2024 actione
282 1965 431 2043 cogitata,
448 1965 493 2027 ita
506 1969 542 2028 ut
555 1965 636 2028 ratio
657 1965 816 2026 delectans
830 1962 870 2023 sit
924 1955 1048 2016 uidendi
1079 1954 1110 2014 in
1138 1955 1362 2033 cogitationem
1385 1957 1556 2036 practicam
1582 1957 1721 2037 graviter

22 2048 25 2124 ξ
96 2047 153 2126 ipsa
164 2067 233 2112 res:
254 2051 328 2112 hino
343 2051 437 2132 infert
460 2053 683 2131 eogipationem
697 2051 869 2132 praebeam
924 2043 1170 2120 provocativam,
1196 2047 1335 2106 attamen
1353 2043 1420 2104 sine
1435 2043 1574 2124 periculo
1588 2061 1721 2106 consen·

97 2135 171 2198 dere
192 2138 273 2218 turpi
288 2159 415 2219 semper
438 2159 506 2202 esse
530 2145 696 2219 peccatum
714 2138 867 2209 mortale;
923 2131 1022 2192 fiendi
1046 2129 1189 2208 inillam,
1214 2149 1276 2193 ιιοιι
1292 2136 1403 2210 peccat
1416 2133 1565 2212 graviter,
1582 2132 1720 2213 quiece-

97 2222 317 2287 deleetatjonem
337 2233 443 2289 autem
466 2227 692 2307 speoulativam
714 2227 746 2287 in
761 2223 871 2302 imagi-
924 2218 1034 2298 gitatio
1049 2236 1127 2296 pure
1141 2220 1335 2298 speculativa
1355 2238 1418 2283 non
1432 2224 1480 2282 est
1493 2237 1590 2282 causa
1603 2237 1660 2300 per
1673 2237 1718 2297 se,

97 2311 207 2374 radone
221 2314 365 2376 derebus
379 2317 535 2394 turpibus,
553 2316 578 2377 si
594 2315 635 2376 sit
647 2311 824 2377 voluntaria
840 2313 871 2374 et
925 2324 983 2366 nec
997 2307 1176 2367 notabiliter
1196 2307 1330 2368 influens
1345 2307 1376 2368 in
1391 2308 1615 2388 cogitationem
1628 2321 1721 2407 prae-

98 2415 150 2460 ιιι
162 2401 239 2464 adsit
250 2402 353 2464 bonus
367 2403 448 2480 tinia,
466 2404 519 2484 qui
538 2407 677 2465 mentem
691 2401 752 2464 elio
768 2400 872 2462 diver·
926 2393 1020 2456 tieem
1034 2395 1172 2472 graviter
1185 2395 1437 2474 provocativam;
1463 2396 1534 2458 ideo
1554 2395 1629 2457 lieet
1646 2395 1722 2465 velit

99 2487 287 2567 luitpraetice
302 2489 872 2570 loquendo)etiamsemperessepec·
926 2481 1022 2559 illam,
1045 2499 1109 2542 non
1134 2488 1279 2545 censetur
1300 2483 1380 2545 hanc
1403 2485 1436 2544 in
1451 2501 1547 2546 causa
1561 2483 1652 2546 velle.
1674 2484 1722 2546 lta

98 2578 190 2634 catum
214 2577 369 2652 mortale,
399 2577 474 2655 quia
502 2577 675 2656 (moraliter
701 2572 871 2656 loquendo)
927 2570 1030 2649 quoad
1046 2571 1151 2630 omnia
1164 2571 1255 2632 Card.
1279 2571 1399 2632 addens
1414 2589 1497 2648 eum,
1515 2572 1568 2651 qui
1583 2589 1656 2634 cum
1670 2589 1722 2633 er·

99 2677 241 2740 nmquam
255 2663 375 2726 sistitur
384 2665 415 2724 in
429 2665 498 2727 sola
511 2664 748 2744 imaginatione
764 2662 821 2724 sed
831 2660 871 2724 ob

99 2751 871 2831 sympathiam,acconuenionempotentiarum,na-

99 2839 226 2902 muter
238 2842 435 2904 concitantur
447 2846 551 2904 motus
566 2841 735 2904 inordinati
751 2841 874 2920 appeti-

100 2928 143 2986 tus
154 2928 284 2990 ιιιιιιιιιι
301 2949 309 2990 :
330 2933 362 2990 et
375 2929 419 2992 ita
432 2948 564 3010 quoque
585 2930 678 2990 docet
691 2930 801 2992 Tamb.
820 2928 870 2990 tit.

101 3013 143 3089 lt),
156 3032 215 3096 cup.
234 3021 262 3094 l,
277 3035 361 3081 acm.
378 3021 410 3081 6.

50 3132 82 3178 η
133 3101 186 3180 §2
205 3106 361 3169 Gardenas
374 3107 486 3168 melius
510 3106 654 3187 explicat,
680 3106 797 3183 dicens,
819 3107 873 3168 de-

101 3189 283 3256 lectationem
314 3195 541 3275 speculativam
564 3213 632 3257 esse
655 3199 781 3271 aetum,
812 3212 873 3275 qno

102 3279 256 3359 percipitur
275 3283 404 3362 quidem
427 3283 656 3346 delectabilitas
678 3283 804 3364 objecti,
828 3287 875 3346 ta-

102 3382 163 3426 men
184 3387 243 3432 non
257 3370 312 3447 ita,
329 3375 365 3432 ut
386 3371 531 3433 voluntas
553 3377 718 3434 moveatur
739 3371 781 3432 ad
804 3387 875 3432 eam

102 3452 396 3534 desiderandam,vel
404 3460 646 3539 exsequendam,
654 3466 685 3520 et
694 3460 738 3521 sic
747 3459 876 3522 studens

102 3542 225 3623 mdbus,
240 3545 367 3625 quando
382 3547 509 3625 cogitat,
521 3546 607 3627 legit,
624 3547 674 3609 vel
688 3547 826 3626 loquitur
836 3548 875 3608 de

102 3632 203 3710 copula
213 3633 572 3714 earnali,intelligitejus
588 3635 874 3712 delectabilitatem,

102 3721 225 3781 ιιιιιιιιιι
239 3738 301 3782 non
316 3726 460 3784 movetur
474 3722 514 3784 ad
529 3741 599 3783 eam
613 3723 874 3785 desiderandam:

102 3813 230 3870 econtra
241 3807 393 3870 delectatio
412 3811 545 3890 practico
570 3815 618 3871 est
640 3814 739 3878 actus,
757 3829 818 3890 quo
834 3810 878 3874 ita

101 3894 258 3973 percipitur
279 3897 507 3960 delectabilitas
531 3897 655 3979 objecti,
677 3903 711 3960 ut
732 3900 877 3961 voluntas

102 3981 185 4042 etiam
206 3989 370 4046 moveatur
392 3985 433 4046 ad
456 4003 526 4048 eam
550 3986 802 4063 desiderandam,
827 3989 877 4048 vel

101 4071 330 4148 procurandam,
347 4075 382 4133 ut
394 4070 420 4133 si
444 4074 592 4152 cogitanti
608 4075 647 4135 de
670 4075 784 4153 copula
798 4075 877 4137 oria·

101 4157 255 4219 turcarnls
278 4159 459 4237 commotio,
480 4165 512 4222 et
533 4163 692 4239 appetitus
715 4162 755 4223 ad
778 4161 875 4237 illem,

101 4243 160 4302 tum
184 4245 266 4305 enirn
296 4245 444 4324 cogitatio
464 4248 658 4325 speculativa
680 4252 819 4311 motatur
845 4247 877 4308 in

101 4331 283 4406 practicam:
310 4332 415 4413 itaque
438 4334 511 4396 inde
534 4336 648 4398 dieitur
667 4337 813 4418 practica,
829 4337 879 4398 vel

100 4417 275 4496 φιιιιιαιιιια,
292 4422 379 4502 quod
397 4427 556 4501 provocet,
573 4425 623 4486 vel
644 4443 707 4487 non
730 4429 881 4504 provocet

102 4503 137 4564 ad
161 4523 318 4584 amorem,
344 4508 394 4570 vel
417 4510 608 4572 desiderium
632 4513 692 4575 sui.
717 4515 783 4575 Hoc
806 4531 881 4592 sup-

102 4597 203 4672 poeto,

51 4719 83 4767 ῃ
137 4681 193 4760 53.
208 4685 357 4746 'tenenda
378 4694 451 4747 sunt
473 4689 654 4769 sequeutia:
673 4693 701 4752 l.
726 4689 880 4770 Cogitatio

104 4784 173 4846 pure
186 4773 377 4850 speculativa
391 4774 503 4854 objecti
515 4777 640 4836 venerei
656 4795 718 4840 non
733 4784 780 4839 est
793 4778 832 4838 de
848 4795 880 4838 se

104 4863 266 4935 peccatum,
282 4859 309 4920 si
319 4861 401 4922 absit
409 4863 582 4940 periculum
598 4881 767 4926 consensus
781 4865 813 4926 in
827 4865 882 4926 de-

105 4941 882 5032 medonem,veleogitetionempracrioam.e.eo-

106 5029 204 5108 gitatio
230 5035 369 5114 practica
396 5037 510 5117 objecti
530 5041 656 5101 venerei
684 5045 732 5102 est
758 5039 880 5112 illicita;

107 5117 182 5180 unde
195 5121 244 5200 qui
260 5123 346 5183 illam
360 5124 481 5204 querit,
506 5126 556 5185 vel
570 5125 602 5186 in
616 5126 702 5188 illam
715 5127 881 5203 consentit,

108 5213 207 5280 peccat
219 5209 399 5285 mortaliter,
412 5211 564 5291 quietalis
575 5214 721 5293 cogitatio
732 5220 884 5275 estoausa

112 5305 162 5366 per
174 5311 204 5354 sc
218 5295 432 5358 commotionis
446 5298 610 5376 spirituum
625 5307 656 5362 et
670 5300 884 5364 delectationis

115 5381 236 5441 externae
246 5382 478 5446 determinantia
489 5386 528 5446 ad
538 5385 640 5462 illam;
656 5393 767 5468 peccat
778 5393 884 5452 autem

117 5466 284 5544 ωοιιιιιιιι,
309 5468 364 5547 qui
383 5471 549 5534 efficaciter
571 5479 602 5535 et
618 5475 734 5540 directe
749 5477 816 5538 vult
828 5493 886 5555 po·

926 2658 1010 2738 genti
1035 2675 1130 2719 causa
1151 2659 1303 2722 incumbit
1323 2661 1504 2740 cogitationi
1521 2659 1720 2739 speculative

927 2744 1041 2825 objecti
1065 2748 1190 2808 venerei
1214 2767 1287 2810 cnm
1304 2750 1444 2829 periculo
1459 2748 1675 2812 consentiendi
1687 2749 1721 2809 in

927 2835 1149 2912 cogitationem
1177 2838 1348 2915 practicam
1376 2838 1516 2918 graviter
1538 2841 1721 2918 provocato-

927 2921 1018 2999 riam,
1036 2941 1098 2985 non
1113 2929 1219 2986 tamen
1234 2926 1266 2986 in
1285 2927 1526 2989 delectationem
1540 2943 1720 3004 veneream,

927 3013 995 3072 tum
1005 3015 1128 3074 tantum
1138 3013 1307 3075 dicendum
1315 3033 1383 3076 esse
1393 3033 1525 3094 peccare
1535 3014 1720 3092 mortaliter,

927 3099 954 3159 si
969 3099 1038 3160 loeo
1052 3100 1250 3180 cogitationis
1261 3103 1418 3182 practices,
1433 3121 1529 3183 quom
1542 3101 1601 3164 scit
1612 3100 1724 3164 distin-

929 3205 1026 3267 guere
1041 3207 1061 3249 a
1074 3190 1277 3269 speculativa,
1290 3197 1396 3271 posset
1407 3196 1438 3254 et
1451 3210 1515 3254 uon
1529 3195 1654 3254 curaret
1667 3190 1724 3251 ha-

929 3277 1005 3338 bere
1032 3279 1257 3357 speculativam
1280 3285 1418 3359 tantum,
1452 3281 1615 3362 quietum
1638 3279 1725 3342 nulle

930 3368 1013 3426 esset
1035 3382 1132 3428 causa
1154 3366 1290 3429 habendi
1319 3369 1491 3448 practicam
1518 3372 1605 3430 etse
1629 3383 1725 3447 expo·

931 3452 1025 3513 nendi
1049 3452 1092 3514 illi
1107 3454 1247 3533 periculo
1263 3474 1271 3517 :
1298 3457 1323 3517 si
1343 3461 1450 3518 tamen
1465 3455 1601 3518 nesciret
1614 3455 1725 3518 distin-

930 3558 1027 3620 guere
1051 3542 1222 3618 practicam
1249 3543 1494 3623 aspeculativa,
1524 3544 1569 3605 ita
1595 3549 1630 3604 ιιι
1654 3544 1724 3605 loco

931 3629 1077 3707 practica
1092 3637 1197 3708 posset
1205 3651 1365 3694 assumere
1380 3633 1615 3712 speculativam,
1632 3635 1725 3712 puta-

930 3715 977 3778 vit
999 3716 1065 3796 ipse
1088 3719 1193 3780 adbuc
1216 3737 1277 3781 non
1301 3727 1516 3800 peccaturum,
1539 3720 1618 3782 dans
1632 3720 1725 3782 ratio

932 3821 1015 3881 nem,
1033 3805 1107 3884 qaia
1131 3825 1168 3867 ex
1183 3809 1307 3888 urgenti
1322 3827 1417 3871 causa
1431 3809 1550 3871 licitum
1565 3813 1659 3871 estse
1673 3827 1724 3871 ex·

932 3909 1049 3972 ponere
1069 3894 1207 3972 periculo
1229 3897 1371 3976 proximo
1390 3898 1561 3976 peccandi3
1587 3899 1642 3959 sed
1658 3898 1725 3960 hac

932 3979 1012 4042 ratio
1035 3980 1146 4043 ultima
1167 3983 1292 4046 videtur
1313 3985 1453 4046 amisisse
1473 3985 1725 4065 probabilitatem

932 4085 990 4148 per
1013 4069 1246 4132 damnationem
1270 4091 1360 4154 prop.
1385 4077 1424 4135 6ι
1448 4079 1479 4136 ιι
1501 4077 1550 4151 63,
1575 4074 1616 4135 ab
1635 4071 1726 4134 Inuo-

933 4165 1008 4218 erat.
1023 4155 1073 4217 XI
1084 4157 1210 4236 factam,
1227 4161 1273 4221 uti
1287 4161 1421 4239 dicetur,
1438 4161 1493 4224 lib.
1507 4165 1537 4238 e,
1554 4181 1616 4226 cn.
1632 4165 1702 4226 266.

976 4245 1084 4320 Ouoeet.
1102 4250 1170 4309 let.
1192 4281 1233 4293 -
1255 4247 1334 4323 Quid
1352 4257 1497 4329 preterea
1510 4249 1725 4312 uenerandum

933 4333 1012 4395 circo
1025 4345 1161 4415 ceperim,
1178 4335 1286 4414 osculo,
1310 4343 1414 4414 turbu,
1431 4337 1616 4419 turpiloquio
1627 4335 1727 4420 quood

933 4421 1067 4484 solutos?
1080 4425 1116 4484 R.
1135 4425 1230 4505 Seqq.

975 4511 993 4590 5
1009 4514 1036 4572 l.
1054 4511 1086 4574 si
1101 4517 1245 4590 aspectus
1263 4514 1295 4576 et
1310 4513 1417 4575 oscula
1430 4529 1487 4592 per
1497 4530 1530 4574 se
1540 4511 1672 4576 ιιιιιιιιιι
1685 4512 1727 4575 ad

935 4598 1174 4660 delectationem
1184 4617 1362 4677 veneream,
1371 4601 1404 4663 id
1414 4605 1471 4678 est,
1480 4599 1504 4662 si
1517 4619 1578 4662 nou
1590 4601 1728 4664 babeant

935 4686 1031 4748 alium
1053 4688 1210 4766 ellectum,
1232 4690 1282 4751 rel
1303 4690 1398 4750 finem
1418 4694 1531 4768 prater
1546 4688 1728 4754 delectatio·

935 4792 1008 4835 nem
1023 4793 1201 4852 veneream,
1219 4795 1288 4857 quse
1299 4795 1370 4838 cum
1387 4777 1447 4838 illis
1456 4777 1638 4857 percipitur,
1654 4777 1728 4844 licet

936 4862 1003 4924 hac
1013 4880 1075 4923 non
1086 4862 1266 4926 intendetur
1275 4864 1404 4943 directe,
1416 4868 1490 4926 sunt
1503 4869 1632 4943 peecata
1645 4883 1727 4928 mon-

936 4949 1022 5025 talia,
1047 4949 1092 5013 ite
1112 4950 1214 5016 ltbod.
1237 4951 1350 5014 Mende
1373 4950 1404 5014 d.
1428 4955 1459 5028 5,
1483 4971 1515 5013 ιι.
1535 4955 1582 5026 18,
1598 4953 1725 5034 aliique,

936 5039 1051 5118 probat
1072 5039 1178 5099 moltis
1201 5039 1317 5103 Sancb.
1341 5041 1373 5100 in
1394 5039 1463 5100 Der.
1491 5037 1542 5100 tio.
1559 5043 1589 5114 5,
1614 5059 1679 5121 rep.
1695 5044 1726 5118 6,

938 5126 1012 5206 quia
1026 5126 1079 5205 qui
1093 5127 1138 5186 sic
1152 5125 1237 5187 illam
1249 5127 1391 5204 intendit,
1408 5127 1583 5189 virtualiter
1596 5131 1628 5190 ct
1642 5145 1728 5190 exer·

938 5213 998 5274 cite
1021 5213 1113 5274 simul
1134 5213 1268 5276 intendit
1286 5215 1525 5278 delectationem
1538 5232 1725 5290 veneream3

939 5303 1081 5361 econtra
1102 5301 1127 5361 si
1151 5303 1228 5363 ssent
1247 5321 1286 5363 ex
1309 5303 1503 5380 necessitate,
1526 5303 1575 5364 vel
1590 5301 1651 5364 alio
1665 5301 1728 5365 llne

938 5388 1070 5450 honesto
1081 5407 1151 5450 cum
1162 5408 1258 5452 causo
1269 5390 1456 5466 rationabili,
1480 5409 1510 5453 v.
1526 5409 1558 5470 g.
1576 5388 1728 5454 adortan-

939 5475 1058 5538 sionem
1072 5476 1216 5540 amicitia
1229 5479 1401 5540 seeundum
1411 5493 1532 5539 morem
1546 5475 1669 5556 Patria,
1685 5475 1727 5540 ad
