4166 6346
298 469 358 536 lid

300 657 435 742 maxime
455 656 608 737 proderit,
624 657 650 720 si
671 659 702 720 et
718 655 927 720 Ecclesiastici
941 655 1094 718 Presules

302 745 465 809 etludioes
480 744 603 807 debitas
618 743 767 806 officiisui
779 747 885 823 partes
896 743 1021 822 explere
1031 760 1093 806 ιιοιι

300 831 549 914 praearmittent.
562 832 772 895 Ecclesiarnm
787 831 914 914 quidem
929 831 1091 909 Praesules,

301 923 328 986 si
343 922 533 985 anathemati
548 922 707 1004 subjectns
721 922 926 984 declarabunt
941 938 1050 984 omnes
1064 925 1096 982 et

302 1012 442 1092 singulas
466 1009 679 1091 cujuscunque
708 1009 879 1091 qualitatis,
908 1007 1096 1071 conditionis

303 1105 334 1160 et
348 1097 506 1178 dignitatis
520 1098 646 1176 fuerint,
663 1097 716 1180 qni
730 1098 876 1178 Virgines
892 1103 946 1160 aut
960 1097 1091 1172 Viduas,

303 1203 358 1248 sen
382 1185 458 1247 alias
479 1203 682 1267 quascunque
703 1185 849 1249 Mulieres
872 1185 996 1263 invites,
1014 1201 1095 1266 prae-

303 1279 446 1355 terquam
461 1273 492 1334 in
517 1275 640 1336 casibus
660 1275 692 1335 in
712 1276 784 1356 jure
799 1273 965 1354 expressis,
982 1291 1092 1353 coege-

307 1364 371 1424 rint
395 1362 436 1422 ad
456 1361 697 1442 ingrediendum
719 1362 953 1439 Monasterium,
981 1360 1032 1422 vel
1056 1362 1096 1421 ad

303 1450 535 1531 suscipiendum
551 1451 700 1512 Habitum
722 1450 938 1531 cujuscunque
963 1449 1096 1528 Religio·

305 1541 364 1618 nis,
388 1539 437 1600 vel
465 1538 505 1600 ad
529 1539 734 1602 emittendam
752 1539 992 1614 Prolessianem,
1006 1536 1097 1618 juxte

304 1626 496 1692 sanctionem
521 1628 608 1688 Saer.
631 1627 771 1690 Trident.
798 1626 928 1706 Synodi,
953 1644 1017 1688 sess.
1043 1627 1095 1704 25,

304 1735 329 1776 a.
348 1716 396 1791 18,
411 1713 447 1775 de
460 1713 581 1795 Bepara,
598 1711 651 1776 ubi
667 1715 761 1776 etiam
775 1733 868 1796 pares
879 1732 1020 1775 censure
1033 1720 1097 1774 sta·

305 1808 435 1866 tuuntnr
458 1802 608 1864 adversus
632 1821 685 1864 eos
700 1803 795 1883 quiin
810 1801 991 1882 hujusmodi
1006 1800 1096 1862 factis

305 1891 479 1966 consilium,
495 1891 654 1964 auxilium,
666 1892 716 1953 vel
731 1891 871 1953 favorem
881 1889 1043 1962 dederiut;
1060 1907 1097 1950 ac

306 1981 330 2041 si
347 1997 454 2040 omnes
469 1978 610 2041 similiter
624 1982 777 2059 quotquot
791 1979 858 2040 ausi
880 1978 998 2040 fuerint
1011 1995 1097 2038 cam-

306 2067 421 2148 pellere
436 2065 519 2128 viros
535 2067 574 2126 ad
594 2065 833 2146 ingrediendam
857 2065 1051 2146 Religionem
1066 2067 1098 2126 et

307 2149 440 2238 advola
454 2153 629 2234 profitenda
647 2155 741 2236 justis
761 2154 974 2235 gravibusque
995 2151 1097 2233 paenis

308 2242 454 2305 efficient.
477 2241 605 2304 ludices
627 2261 714 2319 vero,
731 2241 768 2320 si,
792 2242 870 2303 falso
894 2246 966 2304 ante
992 2239 1099 2302 omnia

307 2331 449 2412 deposito
463 2330 657 2410 praejudicio,
675 2349 736 2411 quo
751 2330 890 2392 nonnulli
906 2329 1099 2392 arbitrantur

308 2419 490 2482 latissimam
509 2419 592 2480 viam
615 2420 719 2500 quoad
740 2419 806 2481 fieri
830 2423 933 2499 potest
958 2416 1098 2498 aperien-

308 2510 457 2570 damesse
468 2508 568 2587 iisqui
580 2507 652 2569 inde
663 2508 800 2588 migrare
822 2507 963 2587 cupiunt,
985 2504 1038 2568 ubi
1052 2503 1101 2564 in-

308 2597 372 2660 vito
387 2596 491 2658 animo
507 2601 753 2674 commorantur,
765 2596 806 2656 ad
822 2593 1100 2675 exactsmjustitiae

308 2688 430 2766 lancem
445 2684 622 2764 expendent
642 2689 673 2747 et
685 2704 851 2747 numerum
871 2689 902 2746 et
917 2683 1099 2764 qualitatem

309 2773 447 2837 'restium
475 2772 527 2852 qui
560 2772 600 2833 ad
629 2773 897 2852 comprabandam
926 2770 1100 2832 nullitatem

310 2861 513 2926 Professionis
536 2859 738 2940 inducuntur,
762 2867 794 2923 et
814 2861 878 2923 vim
905 2859 1057 2940 maj0rem
1081 2877 1100 2919 a

310 2951 435 3025 minori,
450 2955 568 3011 metum
582 2968 713 3029 gravem
726 2968 745 3010 a
758 2949 831 3027 levi,
846 2949 1012 3011 debilema
1026 2965 1101 3008 con-

311 3037 451 3099 stantiori
466 3056 553 3114 sexu,
571 3037 771 3099 interclusam
792 3056 811 3100 a
831 3038 984 3118 permissa
1002 3034 1102 3097 recla-

311 3125 418 3187 mandi
443 3125 595 3188 facultate
612 3125 806 3202 discernent,
833 3126 971 3205 aliasque
994 3141 1102 3185 omnes

213 3223 218 3232 '
311 3213 561 3276 circumstantias
575 3215 683 3276 sedulo
699 3214 960 3290 animadvertent,
977 3230 1047 3292 quae
1071 3210 1102 3270 in

312 3302 372 3364 hoc
385 3305 449 3365 toto
465 3320 570 3363 rerum
584 3321 699 3382 genere
714 3302 754 3364 ab
763 3301 952 3365 Auctoribus
962 3297 1103 3361 conside·

310 3391 499 3474 rarisolent.

351 3503 365 3537 a
391 3482 500 3560 ltaque
535 3480 692 3562 praedictis
727 3479 873 3542 omnibus
905 3481 936 3539 et
972 3476 1102 3555 singulis

311 3567 495 3647 gravissime
511 3569 750 3644 denunciamus,
768 3565 970 3646 districteque
991 3562 1103 3645 praeci-

311 3655 426 3734 pimus,
450 3660 484 3720 ut
507 3657 537 3716 in
565 3657 684 3717 cunctis
708 3674 778 3738 quae
799 3655 839 3716 ad
863 3671 972 3716 aarum
1000 3650 1103 3713 officia

312 3743 516 3823 pertinente
531 3744 661 3826 justitia
678 3745 802 3806 tramite
826 3747 857 3804 et
881 3739 1103 3820 aprmscriptis

312 3832 370 3892 sibi
385 3831 507 3912 legibus
526 3851 564 3894 ne
588 3831 753 3892 minimum
774 3831 901 3912 quidem
926 3828 1100 3904 discedant,

313 3938 350 3980 ac
363 3920 564 3981 meminerint
577 3919 717 3981 omnium
739 3936 935 3999 quaecunque
949 3915 1104 3996 gesserint

313 4008 543 4069 severissimam
567 4007 625 4070 sibi
649 4008 805 4069 rationem
828 4009 895 4067 tum
916 4004 999 4084 apud
1021 4004 1103 4065 nivi-

313 4115 389 4157 num
403 4097 419 4158 J
425 4095 558 4174 adicem,
574 4100 641 4158 tum
655 4096 739 4175 apud
753 4094 896 4156 homines
909 4092 1103 4154 reddendam

313 4187 391 4247 fore.
406 4185 469 4246 Nos
483 4203 568 4260 vero,
585 4184 610 4246 si
628 4187 692 4246 Deo
716 4181 870 4263 placuerit
891 4180 1104 4242 valetudinem

314 4273 409 4335 Nobis
437 4292 508 4335 cum
533 4273 598 4334 vita
617 4291 754 4350 servare,
780 4291 841 4334 non
865 4288 977 4350 parum
1000 4286 1103 4348 operae

314 4361 457 4424 conferre
476 4361 666 4423 intendimus
687 4365 748 4440 quo
769 4360 891 4439 planius
913 4363 1007 4438 atque
1031 4356 1104 4419 faci·

314 4452 374 4528 lius
389 4449 428 4510 de
443 4450 545 4528 causis
560 4447 653 4528 hujus
667 4448 792 4528 generis
807 4447 847 4510 ab
861 4447 938 4527 ipsis
956 4447 988 4506 in
1002 4449 1104 4524 poste·

315 4557 385 4616 rum
396 4536 531 4618 judicari
546 4537 658 4598 valeat.
677 4536 840 4616 Siquidem
855 4534 950 4596 Nobis
965 4532 1104 4613 proposi·

314 4631 381 4688 tum
401 4631 447 4688 est
461 4643 533 4687 cum
547 4624 675 4686 consilio
699 4623 885 4685 dilectarum
905 4621 1052 4684 Virorum
1073 4619 1105 4680 in

314 4714 504 4794 'theologica
518 4717 549 4775 et
563 4712 719 4776 Cananica
729 4712 875 4773 facultate
890 4707 1104 4789 praestantium

316 4803 480 4864 nonnullae
496 4801 682 4882 quaestiones
705 4802 851 4861 accurate
875 4797 1053 4858 examinare
1069 4814 1105 4857 ac

315 4893 473 4969 dirimere,
490 4909 560 4970 quae
574 4889 668 4952 variis
692 4889 887 4968 Scriptorum
906 4884 1105 4964 opinionibus

312 4982 449 5063 jactatae,
467 4983 499 5042 et
511 4977 614 5041 varius
628 4977 748 5057 species
762 4975 938 5052 induentes,
953 4973 1043 5054 juxta
1058 4973 1106 5033 di-

315 5089 422 5132 versas
437 5065 667 5130 accurrentium
690 5083 820 5128 casuum
843 5061 1103 5138 circumstantias,

317 5157 468 5238 ancipites
483 5160 576 5237 atque
591 5155 738 5217 sollicitos
753 5153 892 5215 detinere
906 5150 1006 5213 solent
1019 5149 1105 5212 ludi·

317 5246 455 5308 eantium
470 5243 602 5320 animoa,
618 5247 653 5304 ut
666 5239 903 5319 Nobismetipsis
923 5239 955 5298 in
979 5236 1106 5297 minori-

318 5336 376 5398 hus
391 5335 466 5397 olim
479 5330 654 5396 constitutis
669 5349 730 5391 non
742 5327 837 5390 semel
848 5327 987 5388 evenisse
998 5325 1106 5385 memi-

319 5424 433 5503 nimus,
450 5441 546 5511 quum
561 5439 617 5508 pra
633 5436 762 5484 munere
778 5415 943 5488 secretarii
967 5413 1104 5500 praefatae

950 469 1067 534 mnan
1088 467 1285 541 QUARTUS.

1149 657 1266 734 (langr.
1293 652 1418 718 cardin.
1435 656 1531 717 Cone.
1548 652 1634 717 urin.
1651 652 1868 734 interpretum,
1887 653 1945 716 hu·
2072 701 2074 722 .

1146 742 1285 824 jusmodi
1306 761 1417 804 causas
1445 743 1486 804 ad
1507 743 1649 823 regulam
1669 742 1755 806 luris
1769 741 1942 822 exigendas
2072 745 2074 770 ¹

1149 850 1215 911 prae
1251 831 1396 892 manibus
1429 831 1628 894 haberemus.
1672 829 1834 911 Ejusmodi
1871 831 1946 892 sunt
2073 831 2074 842 ³

1151 919 1283 1000 exempli
1299 937 1405 995 causa,
1422 919 1610 1002 quaestiones
1627 938 1634 980 :
1652 921 1764 983 Utrum
1775 915 1943 992 Professio,

1151 1007 1294 1089 quamvis
1312 1006 1399 1071 initio
1413 1008 1499 1069 nulla
1515 1006 1619 1085 luerit,
1641 1024 1698 1088 per
1717 1006 1945 1088 subsequentes
2073 971 2074 1056 f

1150 1100 1255 1159 tamen
1270 1099 1358 1158 actus
1372 1095 1604 1169 convalidetur;
1622 1095 1749 1175 quinam
1772 1093 1835 1156 sint
1855 1096 1945 1154 actus
2072 1125 2074 1178 ,

1151 1183 1316 1259 exquibus
1330 1184 1510 1266 hujusmodi
1533 1181 1741 1247 convalidatio
1766 1200 1822 1243 seu
1845 1181 1943 1242 ratifi-

1151 1274 1232 1336 catio
1250 1273 1433 1347 inducatnr;
1459 1279 1490 1336 at
1512 1273 1587 1354 quid
1602 1271 1752 1334 momenti
1774 1267 1946 1332 habeatad

1152 1361 1235 1423 hunc
1258 1363 1404 1423 effectum
1427 1360 1583 1440 susceptio
1599 1360 1769 1422 Sacrorum
1790 1356 1946 1420 Ordinem
2073 1403 2074 1406 ,

1150 1448 1323 1510 adtitulnm
1335 1447 1492 1530 Reliqinsoe
1512 1448 1704 1530 paupertatis.
1731 1443 1945 1522 Praeterea,si
2073 1449 2074 1530 J

1152 1536 1221 1618 quis
1245 1537 1324 1599 forte
1347 1542 1420 1599 ante
1442 1536 1616 1617 legitimam
1646 1537 1770 1598 etatem
1794 1533 1947 1614 ignorans
2073 1557 2074 1608 ι

1151 1623 1381 1688 professionem
1395 1624 1544 1701 emiserit,
1562 1628 1592 1686 et
1606 1623 1639 1686 in
1653 1642 1691 1686 ea
1702 1621 1880 1703 ignorantia
1890 1639 1950 1702 per
2072 1657 2074 1692 ;

1151 1714 1256 1793 plures
1270 1731 1369 1775 annos
1383 1713 1416 1773 in
1430 1712 1592 1793 Religione
1607 1711 1831 1791 permanserit,
1849 1727 1948 1790 seque
2073 1707 2074 1710 ’

1151 1798 1948 1878 valideProiessumexistimanseaomniaqurePro-
2072 1823 2074 1886 j

1151 1891 1305 1952 fessorum
1320 1893 1392 1950 sunt
1406 1907 1469 1950 una
1483 1907 1555 1950 cum
1571 1887 1668 1951 Sociis
1683 1886 1874 1967 praestiterit,
1901 1905 1943 1946 an

1152 1978 1202 2040 hic
1213 1976 1326 2040 deinde
1336 1976 1513 2056 intelligens
1524 1996 1588 2058 qua
1598 1979 1689 2038 atate
1699 1978 1780 2038 Vota
1790 1973 1946 2050 emiserit,
2072 1991 2074 2008 ι

1152 2086 1215 2128 non
1229 2065 1424 2129 obstantibus
1433 2065 1553 2128 actibus
1568 2065 1634 2126 veri
1651 2064 1785 2127 Professi
1799 2081 1821 2124 a
1834 2081 1868 2124 se
1879 2081 1950 2143 ges-

1153 2155 1204 2231 tis,
1221 2153 1326 2216 adbuc
1341 2155 1479 2232 praefata
1501 2153 1689 2234 ignorantie
1711 2151 1873 2232 praesidio,
1897 2169 1951 2213 ac-

1152 2243 1271 2305 tionem
1286 2241 1400 2305 hebeat
1415 2242 1456 2304 ad
1465 2242 1701 2304 reclamandum
1710 2239 1863 2302 adversus
1873 2241 1948 2301 Pro·

1153 2331 1321 2392 fassianam
1334 2349 1354 2392 a
1367 2349 1401 2392 se
1416 2331 1549 2404 factam;
1564 2349 1695 2400 unvero
1711 2329 1782 2392 talis
1797 2329 1945 2408 ignoran-
2072 2363 2074 2392 ι

1153 2420 1198 2482 tia
1211 2419 1287 2481 nibil
1302 2420 1404 2481 eidem
1428 2421 1618 2498 suffragetur
1641 2417 1809 2502 quominus
1830 2415 1907 2479 Prof
1939 2450 1951 2461 ·
2072 2401 2074 2472 t

1153 2508 1275 2569 sionem
1289 2508 1377 2569 initio
1393 2507 1512 2570 nullam
1531 2526 1589 2586 per
1612 2505 1838 2586 subsequentes
1859 2509 1949 2566 actus
2073 2513 2074 2586 J

1154 2601 1255 2658 ratam
1266 2596 1411 2658 habuisse
1424 2595 1609 2658 censeatur?
1621 2596 1710 2671 ltem,
1723 2613 1763 2656 an
1773 2593 1948 2671 Professus,
2073 2589 2074 2662 l

1155 2682 1208 2764 qui
1235 2683 1267 2744 in
1287 2683 1492 2746 professionis
1513 2687 1586 2744 actu
1609 2680 1870 2761 impedimentum
1893 2679 1950 2742 ali-
2073 2671 2074 2716 ³

1155 2771 1240 2852 quod
1253 2771 1319 2834 sive
1334 2771 1491 2834 defectum
1506 2771 1674 2834 occultavit
1684 2770 1723 2830 de
1737 2787 1800 2849 quo
1815 2767 1951 2830 interro-

1154 2865 1247 2940 gatus
1273 2859 1347 2937 fuit,
1377 2860 1486 2922 addita
1513 2859 1724 2921 declaratione
1748 2857 1789 2918 ad
1816 2856 1951 2918 fonnem

1156 2949 1428 3024 constitutionum,
1452 2948 1536 3029 quod
1560 2947 1680 3010 scilicet
1703 2944 1823 3024 Religio
1848 2944 1951 3024 ipsum

1157 3055 1229 3099 cum
1243 3036 1423 3118 hujusmodi
1438 3036 1561 3098 defectu
1577 3040 1632 3097 aut
1650 3033 1875 3114 impedimento
1891 3031 1952 3093 for-

1157 3144 1214 3186 san
1229 3125 1383 3187 occultato
1404 3124 1570 3186 admittere
1591 3143 1654 3186 non
1674 3121 1873 3194 intendebam
1897 3139 1948 3196 an,

1157 3213 1297 3294 inquam,
1314 3213 1385 3273 talis
1399 3212 1572 3288 Professus,
1590 3211 1642 3292 qui
1666 3208 1819 3289 Religioni
1841 3208 1951 3270 dolum

1157 3300 1288 3377 struxit,
1325 3299 1479 3380 ejusmodi
1513 3298 1716 3362 commodum
1750 3315 1789 3357 ex
1823 3294 1952 3376 propria

1157 3389 1268 3450 fraude
1290 3387 1455 3448 desumere
1478 3387 1592 3467 possit,
1612 3389 1647 3448 nt
1669 3383 1864 3448 validitatem
1888 3401 1951 3446 sua
2072 3401 2074 3468 ξ

1157 3476 1360 3542 Professionis
1375 3495 1412 3538 ex
1434 3494 1470 3538 eo
1495 3475 1597 3554 capite
1618 3473 1805 3554 impugnare
1825 3469 1953 3533 valeat?
2073 3471 2074 3552 J

1157 3565 1310 3646 Denique,
1326 3584 1366 3626 an
1381 3565 1478 3626 ullam
1492 3563 1557 3626 vim
1576 3562 1692 3624 habere
1708 3559 1823 3621 debeat
1837 3558 1867 3618 in
1883 3559 1951 3621 fora

1158 3657 1285 3715 externo
1299 3653 1341 3714 ad
1354 3651 1549 3714 suadendam
1562 3650 1665 3714 ludici
1687 3646 1862 3710 nullitatem
1877 3648 1953 3710 Pro·
2073 3663 2074 3686 ι

1158 3738 1310 3816 fessionis,
1327 3740 1412 3820 quod
1427 3739 1633 3801 reclamantes
1656 3733 1791 3798 Professi
1811 3753 1953 3796 asserere

1159 3845 1241 3906 soepe
1255 3846 1318 3890 non
1329 3827 1483 3906 dubitant,
1496 3827 1568 3888 sein
1580 3823 1778 3888 Proferendis
1789 3823 1952 3904 lteligiosis

1158 3919 1412 3996 vetamentum
1429 3935 1571 3978 servasse
1593 3915 1729 3976 alienam
1750 3931 1771 3973 a
1792 3911 1952 3992 proposito

1158 4026 1192 4069 se
1206 4005 1387 4086 obligandi?
1410 4008 1483 4068 llaec
1508 4003 1613 4067 omnia
1636 4002 1759 4083 aliaque
1782 3999 1897 4061 similis
1920 3999 1951 4060 in

1158 4095 1338 4176 hujusmodi
1357 4093 1485 4175 judiciis
1500 4093 1682 4173 frequenter
1696 4087 1904 4166 occurrentia,
1922 4091 1952 4150 et

1158 4183 1191 4245 in
1205 4187 1507 4262 utramquepartem
1525 4181 1677 4242 hactenus
1698 4177 1868 4256 disputate,
1884 4181 1951 4238 turm

1158 4275 1282 4346 Nostro,
1298 4274 1365 4331 tum
1378 4269 1524 4346 aliorum,
1541 4287 1630 4349 quos,
1648 4269 1683 4329 ut
1699 4263 1949 4343 supradiximus,

1158 4359 1189 4419 in
1205 4356 1369 4419 consilium
1383 4354 1566 4417 advocaturi
1585 4372 1704 4428 sumus,
1722 4349 1865 4428 diligenti
1888 4355 1950 4411 stu·

1160 4447 1232 4523 dio,
1269 4447 1333 4506 Deo
1370 4443 1562 4525 adjuvante,
1601 4442 1769 4522 explanare
1798 4435 1948 4500 delibera-

1158 4551 1273 4595 vimus.
1978 4547 1984 4556 ¹

1199 4643 1214 4682 ιι
1232 4620 1361 4682 Interim
1375 4621 1545 4700 praesentes
1566 4619 1697 4694 litteras,
1713 4636 1786 4680 cum
1806 4614 1946 4682 omnibus

1159 4713 1191 4774 et
1204 4709 1333 4790 singulis
1347 4708 1379 4770 in
1394 4707 1469 4788 ipsis
1484 4706 1618 4769 decretis
1638 4710 1731 4786 atque
1752 4705 1875 4768 statutis
1898 4705 1947 4764 fir·

1159 4817 1238 4875 mas,
1254 4797 1373 4858 validas
1388 4801 1419 4857 et
1438 4796 1581 4857 efficaces
1600 4793 1733 4856 existere
1748 4813 1785 4858 aa
1799 4796 1947 4874 perpetuo

1158 4889 1226 4949 fore
1253 4905 1389 4966 suosque
1416 4884 1573 4966 plenarias
1600 4887 1632 4945 et
1655 4883 1795 4964 integros
1823 4883 1948 4944 effectus

1160 4974 1263 5037 sortiri
1278 4981 1309 5036 et
1322 4974 1474 5050 obtinere,
1490 4991 1527 5036 ac
1537 4972 1578 5033 ab
1592 4971 1663 5049 illis,
1675 4971 1717 5034 ad
1727 4989 1806 5052 quos
1817 4969 1946 5052 spectat,

1160 5068 1192 5126 et
1209 5082 1267 5144 pro
1289 5067 1432 5142 tempore
1451 5061 1702 5143 quandocunque
1727 5057 1893 5139 spectabit,
1919 5056 1949 5116 in

1161 5152 1304 5214 omnibus
1319 5156 1350 5213 et
1362 5170 1420 5230 per
1433 5150 1540 5214 omnia
1551 5148 1730 5229 plenissime
1745 5153 1777 5210 et
1790 5145 1950 5208 inviolabi-

1159 5241 1231 5301 liter
1244 5239 1403 5302 observari
1417 5238 1562 5300 volumus
1573 5241 1604 5299 et
1614 5235 1824 5299 decernimus.
1837 5234 1949 5314 Sicque

1160 5331 1268 5389 etnon
1287 5328 1378 5389 aliter
1396 5346 1454 5407 per
1475 5343 1679 5407 quascunque
1711 5321 1840 5386 ludices
1861 5321 1950 5385 Ordi-

1160 5417 1264 5483 narios
1287 5420 1319 5483 ct
1342 5415 1518 5502 Delegatos,
1539 5412 1634 5482 etiam
1652 5429 1820 5478 causarum
1840 5409 1939 5476 Parsa
