3998 6344
312 611 373 683 333
877 607 1194 698 circumactus,
1218 611 1320 682 rats
1343 607 1381 682 11.

309 807 389 868 tinet
403 804 626 886 obligationem
637 803 766 888 justitiae
781 824 911 886 gravmn
926 806 975 868 vel
990 805 1103 884 levem,
1162 809 1221 884 tas,
1247 804 1287 868 ad
1313 805 1405 887 quale
1428 805 1459 866 et
1480 805 1632 885 quantum
1661 791 1894 864 incommodum
1910 793 1942 865 ad

310 899 404 975 prout
418 895 551 956 materia
565 900 621 970 est,
635 893 710 974 quia
724 901 771 956 331
783 900 963 956 3331133133
974 896 1106 976 promis·
1161 895 1286 975 quatem
1308 894 1515 957 mutationem
1550 892 1869 967 circumstantiarum,
1892 897 1941 953 etc.

311 983 407 1046 sionis
429 1000 596 1060 onerosos,
616 983 701 1045 subit
721 983 805 1044 enim
827 1001 905 1046 onus
928 983 1105 1061 revelandi,
1161 985 1240 1044 atter
1263 984 1347 1045 enim
1370 983 1447 1044 mibi
1471 1000 1539 1042 rem
1563 981 1721 1042 commisit
1742 981 1804 1040 suh
1825 983 1941 1056 secreto,

311 1075 421 1151 petens
435 1071 573 1133 vicissim
590 1089 668 1133 onus
683 1071 819 1134 tacendi.
837 1073 868 1136 Si
891 1073 931 1133 sit
952 1079 1108 1134 secretum
1163 1072 1254 1152 quale
1282 1091 1340 1151 ego
1364 1089 1495 1132 censeor
1521 1071 1571 1131 hio
1598 1074 1629 1130 31
1657 1087 1742 1130 nunc
1766 1068 1943 1129 admissurus

310 1161 630 1240 tantumpromr'ssam,
647 1159 751 1237 idest,
769 1157 794 1219 si
807 1163 840 1220 tu
856 1161 979 1221 tantum
993 1159 1109 1239 promi·
1162 1159 1267 1235 fuisse,
1293 1159 1319 1220 si
1344 1157 1560 1239 praevidissem
1585 1157 1644 1218 bas
1666 1161 1697 1219 et
1722 1156 1795 1217 illas
1809 1154 1945 1216 circuns-

312 1247 377 1308 sisti
393 1251 498 1309 tacere
514 1248 598 1328 quod
610 1245 677 1328 jam
696 1265 901 1326 cognoveras,
927 1247 985 1309 nist
1009 1247 1109 1309 inten-
1162 1249 1288 1310 tantias.
1983 1317 1985 1328 ,

312 1334 396 1396 deris
415 1335 639 1414 obligationem
655 1337 671 1396 J
677 1335 799 1412 ustitia,
817 1335 967 1414 obligaris
985 1339 1108 1397 tantum
1203 1337 1262 1416 §fa
1281 1335 1313 1399 Si
1328 1334 1443 1417 injuste
1467 1331 1659 1414 acquisivisti
1684 1331 1833 1394 notitiam
1855 1331 1985 1414 crini-¹¹,

312 1441 351 1483 ex
374 1420 536 1484 fidelitate.
564 1423 599 1483 ln
623 1420 719 1482 dubio
743 1425 847 1483 cirtem
873 1441 913 1482 an
937 1421 1108 1484 intenderis
1163 1425 1210 1485 nis
1225 1422 1319 1485 alieni
1334 1422 1458 1499 secreti,
1476 1443 1506 1483 v.
1523 1441 1553 1502 g.
1573 1421 1691 1500 apertis
1705 1420 1938 1494 alienislitten's,
1984 1421 1985 1464 3

316 1509 541 1590 obligationem
552 1509 699 1591 justitiae,
717 1509 869 1570 utendum
885 1513 931 1572 est
949 1509 1109 1592 conjecta·
1163 1531 1225 1574 non
1259 1511 1377 1592 poteris
1404 1510 1450 1572 uti
1481 1511 1534 1571 illa
1558 1509 1687 1588 notitia),
1715 1507 1885 1588 nequidem
1912 1507 1942 1566 ad
1984 1535 1985 1576 ρ

313 1598 367 1674 113,
385 1595 1109 1672 excousiderationecircumstantiarum3nam
1165 1601 1346 1662 evitandam
1361 1605 1507 1676 mortem,
1524 1597 1582 1658 nisi
1598 1597 1628 1657 in
1644 1615 1720 1658 casu
1745 1597 1779 1656 in
1802 1615 1862 1676 quo
1880 1596 1944 1656 noti·
1983 1625 1985 1660 z

313 1685 337 1746 si
353 1685 397 1746 ita
417 1685 597 1763 promittas,
621 1690 656 1745 ut
680 1684 705 1746 si
720 1689 795 1746 tunc
809 1687 970 1764 peteretur
988 1689 1052 1746 ate
1067 1703 1107 1746 aa
1163 1689 1239 1752 tiam
1252 1689 1339 1749 illam
1353 1687 1436 1748 licite
1451 1703 1634 1765 comparare
1648 1702 1773 1765 posses,
1791 1685 1817 1745 si
1831 1683 1944 1744 1131113-
1983 1689 1985 1762 ,

312 1771 409 1832 velles
422 1777 454 1833 te
468 1773 526 1834 sub
541 1771 663 1834 mortali
675 1771 827 1850 obligare,
843 1771 873 1832 id
886 1791 1029 1852 negares,
1044 1791 1105 1835 non
1164 1779 1265 1854 bores,
1282 1776 1395 1858 quiesi
1411 1775 1497 1836 illam
1518 1774 1633 1855 injuste
1658 1772 1877 1854 acquisiveris,
1895 1791 1942 1832 ron
1983 1787 1985 1850 1

313 1859 738 1922 censerishabereanimum
757 1859 967 1940 teobligandl
990 1879 1028 1922 ex
1044 1861 1109 1942 jus·
1165 1870 1212 1927 cst
1225 1865 1387 1926 moraliter
1402 1867 1472 1936 tua;
1491 1879 1565 1940 crgo
1580 1861 1606 1921 si
1630 1866 1743 1939 postea
1767 1878 1832 1920 non
1851 1859 1945 1939 justiti·
1983 1857 1985 1940 l

313 1947 394 2024 titia,
411 1948 466 2008 sed
481 1947 583 2009 solum
598 1966 637 2009 ex
650 1949 812 2025 fidelitate,
830 1949 994 2010 autetiam
1012 1967 1110 2028 quan·
1165 1959 1262 2031 octar,
1280 1953 1378 2014 debes
1390 1957 1420 2013 te
1435 1969 1545 2030 gerere
1556 1967 1593 2010 ac
1608 1949 1632 2010 31
1642 1949 1728 2009 illam
1742 1967 1806 2009 non
1819 1948 1942 2021 haberes,
1982 1943 1985 2024 1

316 2034 420 2115 doque
440 2033 601 2113 decentia,
626 2035 675 2097 vel
705 2035 882 2098 urbanitate
900 2039 1038 2114 tantum,
1066 2035 1110 2098 ita
1168 2042 1214 2103 nti
1238 2039 1443 2120 probabiliter
1465 2040 1728 2117 argumentantur
1740 2038 1843 2114 Lngo,
1858 2055 1885 2095 n.
1901 2037 1941 2094 tttl

313 2124 414 2201 Lugo,
429 2139 492 2184 on,
517 2123 586 2185 131.
1166 2134 1197 2191 31
1210 2133 1311 2190 Haun.
1329 2131 1392 2205 11,
1410 2129 1527 2205 13536,
1554 2129 1664 2187 contra
1692 2126 1801 2186 varias
1828 2124 1941 2185 aliorum

232 2227 284 2277 1331
354 2208 1110 2290 510111331313311113311333311311113313-
1163 2217 1342 2296 sententias,
1365 2219 1529 2295 potestque
1544 2213 1644 2274 videri
1669 2213 1769 2274 etiam
1791 2212 1944 2274 'lamba

314 2297 446 2359 missum
469 2303 517 2360 est
540 2296 649 2376 levior,
675 2315 771 2378 quam
786 2298 870 2359 circa
886 2300 1106 2374 commissum
1165 2309 1232 2367 Dee,
1250 2305 1270 2368 l.
1287 2307 1317 2382 9,
1333 2323 1358 2365 c.
1376 2306 1406 2381 3,
1418 2304 1436 2382 ξ
1450 2306 1479 2382 2,
1496 2321 1527 2364 a.
1547 2305 1597 2375 2l;
1611 2318 1715 2381 neque
1726 2297 1943 2380 oportetquoad

314 2393 388 2454 hinc
402 2411 509 2454 merea
530 2391 695 2473 promissio
719 2392 844 2455 tacendi
867 2411 930 2455 non
945 2393 1107 2474 obligatio
1166 2394 1272 2456 carnia
1286 2392 1370 2473 loqui
1387 2392 1425 2452 de
1442 2391 1530 2452 fama
1544 2390 1657 2460 aliena,
1675 2389 1720 2450 oti
1737 2388 1779 2449 dc
1793 2389 1881 2450 bonis
1897 2389 1943 2448 lor·

314 2481 353 2543 iis
367 2480 491 2543 casibus
505 2480 537 2541 in
553 2481 666 2561 quibus
680 2481 758 2542 alias
772 2481 931 2542 tenebaris
950 2487 1108 2544 secretum
1165 2487 1260 2559 tunae,
1278 2479 1484 2542 borumenim
1492 2477 1666 2540 dominium
1677 2476 1779 2538 servit
1789 2474 1943 2536 necessitati

314 2569 527 2646 manifestare,
554 2587 585 2631 v.
610 2587 641 2648 g.
668 2569 693 2630 si
717 2569 856 2650 legitime
871 2569 1076 2650 interrogeris
1091 2589 1110 2632 a
1164 2571 1247 2647 vltae,
1265 2587 1327 2631 non
1343 2569 1418 2630 item
1433 2565 1607 2628 dominium
1622 2565 1715 2626 famae
1731 2565 1941 2642 alienatum,

316 2658 477 2737 superiore
493 2657 543 2719 vel
557 2657 679 2735 tudice,
696 2657 726 2721 vi
741 2664 847 2720 tamen
870 2657 953 2719 illius
977 2659 1111 2738 promis·
1165 2679 1195 2721 a.
1213 2663 1262 2722 99.
1280 2659 1304 2720 lit
1320 2661 1428 2719 contra
1443 2655 1473 2716 in
1485 2653 1742 2731 circumstantiis,
1761 2653 1943 2734 quibusllcitc

315 2747 411 2810 sionis
431 2744 547 2808 teneris
569 2749 676 2808 tacere
699 2747 731 2807 in
756 2764 830 2808 casu
856 2747 888 2807 in
910 2763 972 2828 quo
988 2765 1107 2827 posses,
1169 2763 1278 2826 posses
1292 2745 1379 2806 illam
1404 2743 1546 2805 notitiam
1569 2757 1771 2820 comparare,
1794 2740 1819 2801 si
1835 2738 1943 2800 nonha-

316 2835 372 2897 sed
395 2852 457 2896 non
481 2835 597 2896 teneris
620 2834 831 2896 manifestare.
860 2837 885 2897 Ε
905 2840 1016 2898 contra
1030 2835 1055 2898 si
1072 2837 1111 2897 sit
1166 2836 1269 2912 heres,
1287 2835 1381 2895 etiam
1395 2831 1513 2911 poteris
1527 2829 1570 2892 uti
1587 2829 1691 2891 illaad
1707 2829 1857 2890 evitanda
1869 2828 1942 2890 etiarn

317 2921 529 3000 commissum,
545 2922 641 2983 debes
656 2921 760 2983 dicore
775 2939 848 2984 cum
863 2923 1111 3003 aequivocatione
1166 2923 1276 3002 gravia
1290 2924 1465 2993 tormenta3
1481 2919 1634 3001 quietum
1644 2917 1941 2999 justificaturettone

317 3015 348 3072 te
363 3009 440 3069 nihil
455 3009 534 3070 scire
550 3009 589 3070 de
603 3009 675 3087 hoc,
692 3010 767 3089 qula
780 3014 856 3072 tuno
870 3011 940 3072 talis
964 3015 1012 3073 est
1034 3011 1112 3072 noti·
1168 3016 1215 3072 est
1226 3009 1387 3071 moraliter
1400 3008 1497 3070 tuain
1513 3007 1581 3067 ord.
1594 3005 1635 3067 ad
1646 3023 1753 3082 usum,
1766 3005 1942 3084 habetqoese

319 3097 378 3174 tia,
395 3115 432 3158 ao
446 3097 472 3158 si
487 3114 557 3158 eam
572 3115 635 3160 non
650 3097 794 3158 haberes.
811 3097 938 3178 Excipe,
965 3099 1022 3159 nisi
1047 3099 1110 3178 illc,
1168 3113 1250 3156 nunc
1265 3097 1309 3158 ita
1323 3113 1360 3157 ac
1370 3096 1396 3157 si
1411 3095 1532 3157 furatus
1543 3111 1627 3155 esses
1643 3111 1791 3170 aureum,
1812 3097 1843 3155 31
1856 3095 1942 3171 posca

320 3184 376 3265 qui
392 3188 548 3246 secretum
563 3184 730 3263 commisit,
745 3185 860 3266 injuste
875 3190 1004 3248 vexaret
1023 3187 1112 3246 Rem·
1167 3183 1320 3243 incideret
1334 3188 1365 3244 31
1384 3183 1602 3244 33333311313111
1613 3181 1644 3241 ln
1656 3199 1720 3260 qua
1733 3197 1864 3241 aureum
1877 3177 1941 3238 licite

317 3272 487 3352 publicam,
500 3271 548 3333 vel
563 3271 659 3333 alium
674 3273 888 3350 innocentem,
906 3291 1008 3354 neque
1022 3271 1113 3334 aliter
1168 3272 1324 3350 eriperes;
1342 3275 1409 3333 turn
1425 3271 1508 3332 enim
1523 3269 1607 3331 licite
1622 3268 1759 3330 utereris
1774 3263 1941 3345 aureo,th

318 3361 470 3424 desistere
494 3361 588 3422 vellet
610 3361 650 3423 ab
674 3360 804 3441 injuria;
822 3369 890 3423 tum
906 3361 990 3422 enirn
1003 3379 1112 3440 posses
1168 3361 1219 3420 hic
1234 3379 1308 3421 usus
1318 3359 1547 3440 justificaretur
1560 3376 1618 3437 per
1631 3363 1824 3436 praesentem
1834 3353 1941 3416 necessi·

318 3449 469 3525 revolare,
487 3448 608 3510 etiamsi
629 3453 660 3510 te
675 3449 847 3528 obligasses
861 3449 902 3510 ad
922 3449 1026 3529 potius
1045 3467 1113 3509 sus·
1168 3453 1275 3510 tatem.
1293 3449 1390 3508 Casus
1404 3454 1521 3523 autem,
1538 3445 1652 3525 quibus
1667 3445 1755 3506 licite
1778 3457 1938 3522 comparare

317 3537 479 3602 tinendam
492 3541 636 3614 mortem,
654 3537 728 3618 quia
743 3537 971 3600 hochnoulum
988 3537 1109 3616 obliga·
1168 3555 1275 3615 posses
1297 3535 1439 3598 notitiam
1464 3534 1603 3596 criminis
1626 3533 1733 3612 alieni,
1761 3535 1787 3595 si
1811 3547 1875 3594 cam
1893 3545 1939 3589 nen

318 3625 412 3688 tionis
426 3629 508 3686 esset
522 3623 684 3705 injustum,
695 3627 793 3704 Lugo,
805 3644 836 3686 a.
855 3627 923 3686 111.
1169 3624 1313 3701 haberes,
1330 3623 1503 3684 secundum
1518 3626 1647 3702 Lugoa.
1666 3626 1739 3700 103,
1750 3625 1823 3684 sunt
1834 3635 1939 3699 sequen

238 3745 293 3793 ,m
358 3713 419 3793 55.
437 3711 469 3774 Si
485 3711 739 3774 accusatussciat
758 3712 817 3773 sub
841 3714 962 3773 secreto
988 3713 1107 3773 crimen
1168 3716 1214 3774 tes
1240 3732 1247 3774 :
1273 3712 1299 3772 si
1325 3713 1414 3789 alter,
1440 3713 1489 3773 vel
1516 3712 1613 3772 alium
1636 3711 1837 3772 innocentem
1850 3707 1939 3788 injuste

320 3799 506 3876 accusantis,
530 3816 559 3862 v.
580 3818 611 3879 g.
637 3799 712 3880 quia
742 3817 894 3862 accusans
907 3799 965 3880 ipsi
981 3799 1111 3864 confidit
1167 3806 1260 3862 vexet
1289 3805 1320 3860 et
1341 3799 1448 3879 repelli
1474 3817 1535 3860 non
1553 3798 1660 3878 possit,
1678 3799 1739 3860 nisi
1752 3818 1810 3878 per
1823 3793 1937 3858 notitiam

320 3889 378 3951 sub
392 3892 483 3968 pacto
497 3887 633 3965 tacendi,
649 3888 699 3948 vel
714 3887 927 3950 manifestavit
940 3887 981 3949 ob
1006 3905 1113 3949 neces·
1168 3893 1199 3951 ct
1212 3887 1497 3949 manifestationem
1513 3887 1666 3967 ejusmodi
1682 3887 1838 3959 criminis;
1851 3878 1937 3946 itemst

319 3977 444 4038 citatem
471 3974 597 4055 petendi
626 3973 758 4051 consilii,
786 3973 877 4036 Card.
918 3973 1007 4052 1112,
1039 3973 1113 4035 crisi
1167 3973 1300 4052 ipsemet
1323 3973 1937 4055 31]·33111131311313131111111113133113

320 4064 389 4127 diss.
414 4067 464 4141 26,
489 4083 551 4124 aa.
578 4065 628 4141 53,
654 4063 730 4124 dicit
752 4081 821 4124 esse
842 4061 984 4125 illicitum
1000 4063 1045 4124 uti
1059 4063 1113 4124 illa
1167 4066 1234 4123 tum
1249 4063 1468 4136 manifestare;
1485 4063 1601 4124 itemst
1617 4054 1934 4124 adcommunemllel·

320 4152 452 4216 scientia
465 4151 506 4213 ad
516 4149 693 4212 elidendam
703 4151 924 4212 auctoritatem
937 4151 1112 4213 accusantis
1168 4151 1302 4230 publicae
1317 4153 1450 4214 salutem
1465 4151 1495 4212 id
1512 4151 1728 4213 necessarium
1743 4155 1833 4214 esset.

322 4240 396 4323 quia
405 4239 458 4321 jus
472 4237 513 4300 ad
527 4246 648 4301 secreta
659 4238 859 4300 observanda
869 4242 916 4300 est
925 4239 1015 4300 valde
1026 4237 1112 4300 stric·
1209 4239 1267 4318 §t
1280 4239 1312 4303 Si
1328 4257 1388 4320 neq
1394 4257 1431 4300 ue
1446 4239 1505 4300 sub
1519 4243 1641 4302 secreto
1657 4239 1789 4318 babeas,
1813 4235 1933 4318 nequeto
1950 4247 1958 4294 1

322 4335 399 4406 tum,
416 4327 460 4388 uti
476 4326 624 4408 expendit
637 4329 777 4406 frugem.
789 4329 845 4388 101
856 4346 864 4401 ς
877 4344 952 4406 ergo
963 4327 1111 4407 obligatio
1166 4328 1314 4409 injuriam
1337 4327 1449 4388 feceris
1477 4326 1508 4387 in
1533 4327 1729 4408 acquirenda
1743 4327 1851 4390 notitia
1862 4317 1933 4384 alieni

321 4415 536 4498 promissionis
551 4417 646 4478 etiam
659 4414 762 4478 tacitae
777 4416 815 4476 de
828 4415 981 4477 servando
992 4420 1112 4478 secreto
1168 4417 1284 4493 delicti,
1301 4416 1419 4495 poteris
1434 4415 1479 4477 uti
1495 4415 1549 4477 illa
1562 4417 1674 4478 notitia
1688 4421 1720 4477 et
1735 4417 1798 4478 tale
1812 4413 1933 4474 debetne

324 4505 476 4586 praevalet
491 4503 668 4566 necessitati
688 4521 722 4564 33
744 4503 898 4564 liberandi
922 4505 961 4566 ab
985 4523 1114 4566 accusa·
1166 4504 1366 4566 manifestare
1382 4504 1423 4565 ad
1437 4505 1675 4583 impediendum
1695 4501 1848 4585 ejusmodi
1868 4499 1933 4560 dan·

321 4592 424 4666 tione;
441 4591 524 4652 idem
542 4595 646 4653 tamen
661 4592 760 4670 Lugo,
777 4607 840 4652 on.
855 4591 911 4652 115
926 4593 1011 4653 13313
1027 4595 1114 4654 notat
1167 4611 1243 4654 num
1256 4597 1356 4669 tuum,
1374 4593 1459 4672 quod
1474 4611 1537 4654 non
1548 4593 1699 4654 tenereris
1715 4611 1755 4653 ex
1769 4591 1890 4656 casce
1897 4602 1933 4644 8¹1·

322 4679 440 4744 attendi
455 4679 570 4742 debere
585 4679 625 4740 ad
640 4677 846 4740 intentionem
859 4677 952 4755 illius,
969 4678 1021 4757 qui
1037 4679 1113 4740 obli·
1166 4681 1233 4744 hire
1248 4680 1288 4742 ad
1308 4679 1544 4759 impediendum
1559 4680 1711 4742 damnum
1722 4679 1810 4756 illud,
1822 4673 1893 4758 quod
1903 4669 1933 4731 tl·

280 4837 282 4844 ,
322 4770 482 4852 gallonem
506 4767 629 4829 tacendi
652 4764 804 4842 admittit;
829 4783 903 4827 nam
923 4765 948 4827 si
964 4767 1114 4846 obligavit
1166 4769 1225 4830 teri
1237 4767 1320 4848 juste
1336 4767 1435 4847 infligi
1450 4769 1566 4846 poterit
1581 4767 1931 4854 proptermanilestatuv]

322 4877 356 4920 se
371 4857 411 4918 ad
432 4855 613 4933 tacendum,
641 4855 736 4917 etiam
759 4873 831 4916 cum
854 4854 993 4934 periculo
1008 4855 1113 4935 cujus·
1166 4855 1264 4934 ipsius
1292 4854 1452 4930 delictum,
1482 4858 1561 4934 Lug.
1588 4875 1618 4915 a.
1651 4857 1720 4917 113.
1745 4855 1831 4928 Η131,
1855 4847 1932 4926 inquit

326 4961 456 5024 cunque
471 4942 576 5004 damni
592 4947 624 5005 et
639 4943 750 5005 mortis
764 4942 872 5022 ipsius,
889 4943 1046 5006 tenebitur
1066 4947 1112 5005 ta·
1166 4943 1268 5002 Haun.
1286 4958 1392 5018 supra,
1410 4940 1502 5002 sitibi
1518 4959 1557 5001 ex
1571 4941 1782 5004 occultatione
1796 4935 1876 5000 alieni
1890 4931 1932 4991 de

324 5050 406 5110 cere,
423 5031 497 5111 quia
519 5049 592 5093 eum
615 5030 676 5094 hoc
698 5031 739 5093 sit
760 5030 891 5109 licitum,
908 5031 1009 5110 potuit
1022 5050 1056 5092 se
1072 5029 1112 5091 ad
1164 5028 1230 5090 licti
1246 5027 1444 5089 imminerent
1459 5029 1570 5108 gravia
1585 5032 1754 5105 tormenta,
1770 5027 1817 5089 vel
1832 5023 1930 5105 jacan

323 5117 383 5181 hoo
398 5117 549 5197 obligare,
566 5117 610 5179 uti
626 5121 711 5180 recte
725 5117 798 5180 blot.
816 5115 884 5179 dist.
902 5121 958 5191 3⁷3
985 5117 1111 5199 quando
1166 5118 1334 5194 bonorum,
1351 5134 1414 5197 qua
1429 5117 1469 5178 de
1484 5121 1567 5180 313111
1580 5123 1637 5178 tuo
1648 5117 1824 5198 [decideres
1846 5121 1928 5192 posses

323 5223 397 5269 vero
421 5203 564 5284 promisit
590 5209 713 5267 tantum
739 5203 844 5266 verbis
879 5205 1108 5282 communibus,
1166 5206 1303 5266 alienum
1318 5204 1467 5266 delictum
1490 5206 1706 5280 manitestare,
1733 5199 1929 5267 euamstnors

323 5297 467 5356 consetur
493 5312 526 5354 se
553 5293 688 5355 voluisse
723 5291 863 5373 obligare
891 5293 932 5354 ad
960 5293 1112 5354 moralem
1166 5299 1295 5372 propter
1317 5292 1394 5353 illud
1416 5295 1500 5354 esset
1522 5293 1581 5372 ipsi
1606 5310 1626 5354 a
1650 5292 1763 5356 ludica
1777 5283 1925 5367 indigena

323 5381 493 5464 quamdam
516 5379 739 5460 etthumanam
772 5381 947 5443 custodiam
980 5381 1110 5456 secreti;
1167 5381 1318 5460 quianon
1334 5379 1503 5461 habetjus,
1521 5380 1721 5442 utdeliotum
1744 5393 1830 5442 suum
1850 5367 1927 5434 occul

324 5469 406 5531 unde
429 5468 532 5548 colligi
553 5468 647 5531 debet
669 5487 708 5529 ex
730 5468 826 5531 variis
854 5467 1109 5547 circumstantiis,
1166 5472 1259 5547 tetur,
1276 5468 1403 5548 quando
1419 5487 1457 5530 er
1471 5468 1680 5530 occultatione
1695 5469 1775 5531 illius
1788 5461 1883 5544 aliquis
1891 5458 1926 5517 io·

324 5573 486 5640 quousquc
500 5561 664 5623 censeatur
677 5575 711 5619 se
725 5556 899 5621 3113311333
915 5555 982 5620 hac
1001 5557 1109 5620 volun·
1166 5575 1283 5619 nocens
1305 5561 1467 5638 pateretur
1492 5558 1646 5620 damnum
1673 5556 1838 5638 respective
1861 5549 1924 5609 nota·
