3998 6344
312 555 370 618 398
887 563 1004 630 LIBER
1025 565 1206 646 TERTIUS,
1231 568 1332 636 Plus
1354 571 1392 638 11.

313 760 346 802 se
374 761 437 804 non
456 743 545 806 aliter
572 746 651 808 vellc
679 747 860 826 dispensare
890 770 986 832 quam
1010 752 1106 816 relin·
1162 753 1222 818 bus
1247 756 1400 822 duntaxat
1426 757 1538 839 dignae
1561 761 1716 828 illationes
1743 761 1803 828 sibi
1825 763 1946 850 aliisque

312 833 437 910 quondo
452 833 674 912 obligationem
693 835 805 916 jejunii
829 841 934 918 quoad
958 842 1105 903 refectio·
1161 845 1386 925 persuadeant,
1412 849 1537 912 unicam
1560 852 1761 930 potissimum
1784 857 1946 918 Comeshe

311 939 383 980 nem
398 921 540 995 unicam;
558 924 631 986 hinc
646 925 741 986 ctiam
752 926 909 1006 aliquibus
919 931 1107 1008 perBullam
1161 929 1234 996 neni
1247 936 1377 1014 servari,
1393 941 1488 1018 atque
1503 941 1619 1020 blpulas
1639 943 1742 1006 licitas
1760 948 1794 1006 et
1808 945 1948 1008 interdie-

311 1005 463 1070 Craer'atoe
473 1010 566 1072 datur
580 1012 780 1091 privilegium
786 1014 951 1095 jejunandi
961 1019 992 1080 in
1003 1020 1107 1080 carni·
1160 1025 1208 1084 tas
1230 1023 1359 1085 minima
1381 1026 1497 1104 apponi
1517 1029 1649 1106 debere;
1670 1049 1743 1092 eum
1763 1034 1946 1095 multitudini

311 1096 381 1175 bue,
400 1103 433 1160 ut
447 1099 564 1160 latetur
578 1101 799 1164 Sanchezdab.
812 1107 861 1166 al.
875 1107 942 1168 Dixi
955 1125 1017 1170 nou
1033 1108 1104 1170 idea
1160 1129 1254 1190 quem
1274 1111 1544 1176 indiscriminatim
1564 1117 1604 1178 ob
1623 1123 1792 1199 urgentem
1810 1121 1947 1200 gravissi·

308 1187 465 1264 permitti,
495 1189 570 1268 quia
595 1195 702 1268 posset
729 1193 855 1253 aliunde
883 1197 1023 1258 secunda
1051 1200 1106 1260 aut
1159 1215 1307 1278 mamque
1330 1201 1549 1264 necessitatem
1577 1223 1640 1266 uon
1666 1225 1742 1268 vero
1763 1208 1896 1286 singulis
1912 1209 1946 1270 ob

308 1274 403 1336 etiam
422 1277 585 1354 multiplex
603 1280 731 1340 relectio
747 1299 814 1341 esse
829 1282 993 1362 permissa,
1011 1303 1041 1346 v.
1068 1304 1099 1364 g.
1158 1285 1330 1364 legitimam
1346 1306 1475 1350 causam
1489 1294 1521 1354 et
1534 1291 1946 1375 deutriusqueMedicicon·
1988 1355 1989 1358 ,

308 1369 437 1443 propter
451 1366 583 1428 nimium
595 1367 772 1432 debilitatae
787 1371 836 1432 vel
852 1370 994 1434 infirmas
1007 1373 1101 1440 vires.
1158 1375 1226 1436 silio
1241 1375 1450 1454 dispensatur.
1468 1379 1569 1451 Quam
1582 1399 1659 1448 sane
1681 1385 1944 1464 persuasionem

1159 1464 1315 1525 sententia
1328 1469 1434 1526 nostra
1448 1467 1584 1530 alienam
1594 1475 1629 1531 ut
1638 1489 1676 1532 ex
1688 1472 1835 1534 omnium
1844 1472 1946 1534 animis

689 1597 713 1659 ¹·
1158 1554 1946 1718 {llll},tlltlhrvltellllhttlt

1158 1725 1257 1788 natim
1278 1727 1318 1788 ab
1333 1734 1496 1808 urgentem
1515 1732 1801 1817 gravissimamque
1822 1739 1943 1802 nccessi
1989 1791 1990 1812 2

1158 1817 1266 1892 tatem,
1283 1816 1348 1877 sive
1368 1818 1498 1898 singulis
1517 1821 1557 1882 ab
1578 1821 1755 1902 legitimam
1774 1845 1903 1890 causam
1918 1831 1944 1890 el

1158 1902 1197 1964 dc
1215 1905 1377 1986 utriusque
1391 1908 1503 1970 Medici
1517 1911 1659 1989 consilio,
1674 1913 1853 1978 dummodo
1868 1916 1942 1978 nulla
1988 1951 1990 1996 ,

1158 1996 1244 2054 certa
1267 1998 1299 2055 ct
1321 1995 1495 2072 periculosa
1517 2000 1636 2062 allectae
1659 2002 1855 2066 valetudinis
1873 2005 1942 2068 ratio

1158 2081 1333 2143 intercedat
1346 2087 1377 2145 et
1395 2084 1485 2146 aliter
1500 2087 1567 2148 heri
1587 2089 1766 2152 necessario
1788 2093 1941 2173 exigatis
1986 2089 1990 2184 l

1159 2170 1413 2250 Quadi-agesimec
1444 2173 1575 2255 aliisque
1596 2177 1670 2237 anni
1691 2180 1901 2259 Temporibus
1917 2183 1943 2242 et
1988 2189 1990 2246 l

391 2265 713 2328 BENEDICTUS
754 2267 884 2328 ΡΑΡΑ
921 2268 1020 2331 xlv,
1159 2259 1941 2341 diebusquibuscarnium,ovorumetlach'cinio-
1985 2249 1990 2370 1

1159 2365 1229 2408 rum
1244 2367 1316 2410 esus
1330 2353 1377 2410 est
1390 2348 1575 2429 prohibitus,
1587 2352 1764 2432 dispensari
1773 2349 1939 2433 contigerit,

316 2431 492 2496 Venerabiles
523 2435 660 2512 Fratres,
687 2434 810 2495 salutem
841 2443 868 2496 et
900 2435 1100 2516 Apostolicom
1158 2437 1199 2498 ab
1213 2436 1358 2500 omuibus
1372 2438 1648 2516 omniuo,ueminc
1662 2449 1811 2522 excepto,
1829 2443 1939 2504 unicam

585 2523 818 2586 benedictionem.
1158 2526 1387 2588 comestionem
1400 2528 1598 2608 servandam,
1615 2534 1648 2594 et
1664 2530 1768 2596 licitas
1790 2537 1884 2612 atque
1902 2529 1940 2591 iu·

1156 2615 1305 2677 terdictas
1318 2615 1434 2694 llpulas
1452 2615 1581 2678 minime
1596 2637 1665 2680 esse
1682 2619 1890 2702 apponendas
1902 2621 1939 2680 te·

352 2742 366 2777 n
387 2721 423 2782 ln
438 2735 586 2799 suprema
609 2719 796 2782 universalis
819 2719 968 2782 Ecclesia
991 2737 1102 2814 procu·
1157 2721 1232 2766 110P⁰
1260 2703 1460 2782 Pl‘oeiflssiium
1487 2705 1685 2805 delimamus
1714 2713 1746 2771 ei
1777 2709 1936 2810 eiiiifflll'}

306 2802 436 2876 ratione,
462 2801 582 2861 meritis
607 2800 680 2861 licet
703 2801 888 2879 imparibus,
914 2819 972 2879 per
991 2801 1101 2861 raetia-
1156 2791 1423 2892 quemadmodum
1437 2809 1494 2870 1³⁰¹*
1515 2794 1655 2873 ⁸¹⁰8¹¹i88
1678 2799 1807 2860 ”tisim
1833 2816 1864 2858 ¹¹¹
1880 2813 1936 2876 l²au

306 2888 401 2948 bilem
417 2888 530 2948 divinae
546 2889 692 2949 bonitatis
706 2889 933 2950 abundantiam
947 2891 982 2949 ut
995 2888 1100 2949 artho-
1155 2879 1257 2942 forma
1271 2881 1379 2940 Brfli'is
1396 2879 1515 2942 iiiierfls
1529 2881 1661 2961 Singulis
1677 2884 1845 2965 utriusque
1858 2901 1936 2946 ΒΜ

306 2977 394 3037 doxae
410 2975 495 3036 Fidei
512 2983 694 3054 assertores,
709 2976 754 3037 sic
767 2977 862 3037 etiam
877 2975 1097 3037 ecclesiasticae
1155 2965 1267 3028 Chiisii
1281 2965 1427 3028 fidelibus
1441 2966 1481 3065 hb
1493 2968 1633 3047 corporis
1645 2970 1860 3050 infirmitates,
1878 2970 1937 3053 qui·

304 3063 474 3142 disciplinae
485 3064 674 3124 custodesna
684 3063 1003 3141 vindiceecanstituti,
1018 3065 1099 3136 Qua·
1153 3054 1213 3116 bus
1226 3053 1351 3154 annexu
1366 3060 1575 3156 reperiuntur,
1592 3057 1625 3120 in
1637 3059 1853 3124 sacratissima
1866 3063 1935 3134 Oua·

304 3149 512 3228 dragesimam
532 3152 706 3230 prasertim
724 3152 899 3232 injunium,
915 3152 999 3232 quod
1014 3152 1098 3214 inter
1155 3144 1332 3221 draaeuma
1345 3143 1475 3222 unaque
1489 3145 1614 3225 ieiunio
1629 3149 1825 3212 consecratis
1838 3149 1935 3212 debus

303 3238 463 3316 praecipua
477 3239 658 3301 orthodoxe
669 3239 842 3319 disciplinae
858 3241 964 3319 capita
973 3259 1099 3320 semper
1153 3231 1299 3292 vescendi
1321 3231 1485 3310 prohibitis
1500 3233 1663 3335 boeotiam
1684 3237 1812 3316 dautes,
1828 3236 1935 3302 uuicui-

304 3329 336 3385 et
349 3327 465 3405 ubique
479 3327 519 3388 ab
540 3327 607 3406 ipso
630 3328 778 3389 Ecclesiae
799 3329 928 3406 exordia
952 3347 1096 3390 numera·
1154 3337 1368 3399 queexpresse
1382 3321 1719 3405 liroescribimiiliflique
1732 3326 1931 3406 precipimus

303 3415 370 3474 tum
398 3433 464 3475 csse
488 3433 642 3476 nemeen
670 3416 838 3477 Catholicis
862 3415 1028 3491 inficiatur,
1054 3414 1095 3476 ab
1151 3411 1197 3470 lta
1224 3414 1353 3489 propter
1378 3410 1603 3476 Fraternitates
1628 3419 1751 3478 vestras
1781 3431 1930 3494 rogemus,

303 3501 455 3562 hodierna
478 3502 690 3583 jejunantium
713 3502 893 3582 corruptela
920 3503 1093 3579 vindicare,
1151 3501 1245 3576 atque
1271 3498 1303 3560 in
1331 3499 1463 3562 Domino
1491 3499 1714 3580 obsecramus,
1745 3507 1784 3566 ut
1814 3502 1931 3583 populos

247 3637 249 3642 .
303 3595 334 3650 ot
361 3591 391 3649 in
420 3591 583 3668 pristinam
612 3595 775 3672 quantum,
802 3589 1009 3652 benedicente
1034 3592 1096 3652 Do·
1150 3589 1358 3648 vestracurae
1379 3587 1561 3650 commissos
1581 3589 1623 3652 ad
1643 3595 1710 3652 tam
1731 3595 1930 3672 apportarem

303 3680 398 3755 mino,
416 3681 482 3739 fieri
497 3684 611 3759 posset,
629 3678 861 3740 observantiam
876 3695 1026 3739 revocare
1041 3695 1095 3738 cu·
1149 3675 1297 3736 sanandis
1310 3675 1491 3738 vulneribus
1504 3677 1619 3756 quibus
1633 3697 1691 3758 per
1704 3679 1880 3748 humanam
1891 3677 1930 3738 in·

302 3766 441 3844 pientes,
471 3785 528 3846 per
555 3768 632 3827 alias
660 3773 782 3828 nostras
810 3767 842 3826 in
872 3765 965 3826 simili
994 3766 1096 3828 forma
1148 3764 1329 3826 firmitatem
1351 3763 1483 3843 quisque
1504 3766 1929 3844 ειιιιοίιιιιιι,ειιιιιιιιιιιιιιιιι4

301 3854 409 3915 Brevis
424 3855 542 3916 litteras
557 3856 596 3915 ad
612 3853 834 3914 Fraternitatee
848 3858 971 3916 vestras
986 3853 1037 3917 die
1055 3857 1095 3917 30
1145 3852 1226 3932 junii
1241 3851 1416 3912 remedium
1434 3851 1581 3914 alacriter
1594 3854 1815 3920 adhibendum
1834 3853 1928 3950 canu

302 3942 443 4020 proxime
454 3943 552 4020 clapsi
565 3943 681 4002 mensis
695 3942 767 4003 hlaii
783 3943 938 4005 currentis
949 3943 1023 4003 anni
1038 3943 1095 4004 da·
1147 3945 1260 4018 mutes,
1278 3939 1387 4002 sedulo
1408 3957 1446 4002 ae
1466 3945 1597 4018 paterne
1617 3946 1788 4024 maneatis,
1804 3961 1867 4006 rem
1885 3957 1926 4019 cp

302 4037 350 4090 tas
372 4030 521 4090 eximium
536 4030 779 4092 Fraternitatum
797 4037 973 4093 vestrarum
991 4032 1093 4092 zelum
1147 4045 1210 4089 non
1226 4027 1353 4108 quidem
1368 4028 1525 4107 exiguam,
1540 4029 1599 4092 sed
1611 4030 1707 4111 louge
1720 4033 1926 4112 gravissimu

304 4117 504 4178 excitandum
523 4117 712 4194 curavimus,
729 4121 764 4180 ut
782 4119 967 4182 adlaborare
990 4119 1093 4181 stude·
1146 4115 1187 4177 dc
1209 4115 1405 4178 observando
1426 4115 1671 4198 sustinendaque
1694 4120 1823 4202 iejunic
1836 4115 1924 4198 parib

303 4206 378 4266 retis
402 4225 440 4266 nc
457 4207 516 4266 hac
535 4207 564 4265 in
580 4210 670 4284 parta
692 4211 723 4267 et
738 4211 880 4287 aptatum
904 4209 1092 4286 apostolicae
1147 4205 1256 4266 condis
1269 4205 1382 4266 animis
1395 4205 1642 4286 corporibusque
1651 4208 1797 4272 salutari
1808 4211 1922 4304 inopen

302 4297 415 4355 nestrae
431 4295 645 4356 sollicitudinis
659 4297 827 4374 angoribus
841 4297 985 4358 levamen
995 4301 1027 4358 et
1042 4315 1093 4358 aa·
1147 4293 1243 4372 igitur
1255 4293 1324 4356 illos
1336 4293 1446 4373 erigite
1460 4293 1631 4356 scelestium
1641 4299 1854 4374 praemiorum,
1868 4311 1923 4374 qur

301 4382 402 4443 lutare
423 4383 585 4444 abolenda
607 4383 809 4444 sacratissimi
823 4384 940 4464 Jejunii
965 4402 1093 4463 corrup·
1145 4383 1205 4443 bns
1219 4383 1421 4462 assequendis
1435 4399 1498 4444 nan
1511 4386 1586 4444 suut
1598 4385 1766 4466 condignae
1778 4385 1921 4466 panicum

302 4471 371 4530 telae
393 4470 566 4530 remedium
588 4471 720 4533 deesset.
738 4472 892 4543 Quoniam
909 4474 1014 4533 autem
1035 4473 1092 4532 Pa·
1146 4469 1240 4550 hujus
1258 4471 1426 4550 temperie;
1449 4472 1512 4534 ima
1530 4473 1600 4534 leve
1621 4491 1658 4534 ac
1682 4480 1920 4538 momentaneum

302 4563 399 4619 torna
413 4559 747 4637 PontificiaecaritatiS,
765 4575 834 4638 quae
853 4559 1091 4622 novitimbeoil-
1146 4577 1209 4620 non
1236 4558 1465 4636 tribulationis,
1495 4559 1551 4622 sed
1578 4561 1712 4626 modicae
1741 4557 1920 4626 ιιιοῆιιειιιὶι

302 4647 405 4706 litotes
443 4646 639 4707 infirmorum
677 4649 845 4723 sustinere,
874 4653 968 4726 atque
996 4649 1090 4710 etiarn
1146 4647 1508 4710 nostraeincommcdum
1523 4667 1675 4729 maguum
1689 4651 1801 4731 gloria
1814 4647 1918 4730 pondua

302 4753 373 4794 cum
388 4735 617 4795 infirmantibus
634 4735 797 4811 infirmari,
815 4755 876 4796 nan
891 4737 1090 4798 immemores
1146 4739 1293 4813 operatur
1306 4737 1338 4798 in
1356 4737 1459 4798 Caelis.
1477 4738 1526 4798 hb
1545 4737 1691 4801 amnibus
1709 4757 1745 4802 se
1769 4737 1915 4809 mamni

302 4823 567 4904 quemadmodum
583 4824 739 4904 aJeJ'unio
763 4825 930 4904 aliquanda
951 4827 1090 4905 legitima
1145 4823 1197 4904 qui
1222 4824 1253 4884 in
1277 4843 1378 4904 agone
1404 4825 1616 4905 contendunt,
1641 4831 1676 4890 ut
1702 4823 1917 4906 canapariae

301 4933 396 4975 carisa
419 4917 473 4974 aut
494 4912 679 4992 gravissima
698 4916 884 4996 argentique
905 4916 1089 4979 necessitate
1144 4929 1293 4972 caronam
1311 4911 1485 4990 accipiant;
1507 4912 1626 4991 pudeat
1646 4917 1712 4974 tam
1735 4912 1869 4974 imbelles
1886 4922 1915 4968 aa

301 5002 444 5080 exigente
472 5000 717 5080 dispensandum
748 5023 815 5064 esse
843 5023 881 5064 ex
909 5004 1090 5082 apostolica
1144 4999 1293 5060 delicatas
1328 4999 1510 5062 Christiana
1544 5000 1664 5062 militiae
1702 5001 1818 5064 militae
1849 4993 1915 5058 relu-

298 5091 491 5170 benignitate
507 5090 699 5163 censnimus;
721 5089 764 5152 ita
785 5092 865 5151 inter
886 5094 990 5152 cetera
1012 5109 1090 5170 prae·
1142 5086 1296 5165 gicntesa
1317 5087 1472 5150 consortia
1494 5087 1602 5150 Crucis
1623 5088 1750 5165 Christi,
1769 5089 1819 5170 qui
1843 5100 1912 5148 carc·

300 5180 481 5258 scripsimus
492 5179 615 5239 unicam
624 5179 852 5242 comestionem
862 5177 1049 5240 servandam
1058 5182 1090 5240 et
1142 5193 1217 5236 uam
1231 5173 1368 5250 legitime
1382 5174 1575 5238 certantibus
1589 5176 1786 5256 propositam
1803 5187 1910 5257 speram

300 5269 400 5329 licitas
416 5273 509 5345 atque
528 5265 711 5328 interdictas
726 5268 842 5346 Epulas
864 5268 993 5328 minima
1021 5287 1088 5328 esse
1143 5264 1285 5343 praecipit
1298 5263 1530 5344 incorruptam
1546 5265 1587 5328 ad
1602 5265 1693 5346 cujus
1711 5259 1911 5346 auspiciumet

300 5357 513 5436 apponendas.
549 5354 627 5416 llinc
659 5355 775 5416 iactum
807 5373 873 5424 esse
911 5355 1088 5434 acecpimus
1142 5352 1257 5432 pignus
1291 5352 1550 5416 Fraternitatibus
1580 5354 1693 5416 vestris
1722 5352 1909 5448 Apostoliaau

301 5447 385 5524 quod
403 5465 464 5506 non
485 5445 641 5506 defuerint
659 5446 711 5524 qui
733 5463 789 5524 per
808 5444 961 5507 humanas
980 5449 1011 5507 et
1034 5445 1088 5508 ho·
1141 5439 1393 5502 benedictionem
1415 5441 1528 5503 iisdem
1553 5442 1648 5504 etiam
1671 5444 1795 5523 populis
1818 5443 1908 5502 restra

300 5535 437 5596 minibus
456 5554 474 5597 a
492 5534 667 5597 Christiana
690 5533 874 5612 penitentia
891 5531 1088 5602 abhorrenti·
1141 5534 1247 5594 nostro
1289 5530 1415 5594 nomine
1453 5529 1696 5612 impertiendam
1733 5525 1907 5614 peramanter

305 1763 544 1826 venerabilibus
568 1765 728 1827 Fratribus
752 1764 953 1844 Patriarchis,
979 1764 1103 1829 Prima·

349 1852 450 1931 tibae,
485 1853 752 1932 hlctrapolitanis,
787 1854 1038 1935 Archiepiscopis
1072 1859 1104 1917 et

348 1939 509 2018 Episcopis
524 1941 678 2002 universis
697 1941 831 2020 gratiam
855 1945 885 2003 et
908 1943 1102 2006 communio·

348 2047 420 2088 nam
436 2027 526 2090 Sedis
540 2029 726 2108 Apostolieae
745 2031 944 2093 habentibus.
