4120 6348
629 559 680 624 DE
701 559 921 625 BENEElCllS
943 559 1267 626 ECCLESIASTICIS.
1710 571 1776 632 544

123 747 224 826 461464,
249 745 419 830 Episcopi,
454 746 565 810 Vieorii
587 745 758 827 Generalis,
790 748 926 830 Capituli
980 749 1139 814 devolutio
1165 751 1206 813 ad
1224 751 1424 833 Episcopum,
1442 771 1504 816 non
1528 758 1649 832 contra,
1676 756 1775 817 Castr.

121 839 242 920 ejusque
259 836 388 912 Viturii,
405 835 475 898 4466
487 835 801 900 Moaaoteriorumlll.
817 836 924 901 Videri
978 858 1009 900 6.
1044 843 1078 913 9;
1112 840 1256 920 quamvis
1282 844 1376 903 4666.
1404 843 1526 906 Eehuff.
1557 845 1635 906 Gerr
1657 863 1688 905 6.
1715 847 1776 916 33;

125 929 229 1005 664664
242 927 341 986 Leur.
357 943 389 1004 p.
404 927 434 986 9.
451 926 496 986 De
512 923 740 1003 Cardinalibus,
756 945 786 1007 6.
810 928 879 1004 639,
898 933 926 986 64
979 927 1066 990 Pirh.
1083 928 1135 994 lib.
1150 931 1180 1005 3,
1198 929 1247 991 tit.
1264 932 1294 1007 8,
1311 950 1341 991 6.
1358 932 1408 1008 34,
1425 937 1537 1011 664664
1551 932 1646 994 etiam
1659 932 1727 994 fieri
1738 932 1778 993 ad

123 1031 202 1094 seqq.
219 1014 267 1074 De
277 1014 398 1090 Legata
413 1011 605 1090 apostolico,
616 1032 646 1094 q.
660 1015 730 1090 649,
746 1021 775 1074 64
786 1032 864 1094 seqq.
881 1015 926 1075 446
979 1016 1157 1096 Capitulum
1180 1016 1221 1078 ab
1244 1018 1412 1099 Episcopo,
1441 1020 1474 1080 in
1501 1019 1680 1098 beneficiis,
1708 1037 1778 1100 qum

122 1103 294 1184 Episcopo,
311 1121 343 1184 q.
357 1103 427 1178 664,
442 1111 468 1161 64
481 1119 560 1182 seqq.
577 1103 622 1162 446
632 1101 756 1164 Vicario
767 1101 923 1182 Episcopi,
976 1104 1047 1187 jure
1062 1105 1189 1184 proprio
1214 1105 1345 1184 6664664,
1366 1109 1406 1168 64)
1433 1125 1583 1189 magnam
1606 1105 1779 1169 communi·

123 1213 151 1274 q.
164 1193 236 1268 684,
248 1199 277 1252 64
288 1209 369 1272 seqq.
385 1189 594 1268 9666644646,
611 1190 692 1252 Sede
704 1194 768 1252 tam
780 1193 924 1266 vacante,
980 1195 1147 1271 cntionem,
1173 1213 1268 1273 quam
1286 1195 1326 1255 66
1340 1195 1549 1275 supplendum
1573 1195 1708 1256 invicem
1724 1194 1779 1255 ha-

125 1297 219 1361 quem
240 1279 357 1358 plena,
383 1281 414 1340 64
436 1276 477 1338 66
499 1275 567 1358 ejus
588 1277 725 1355 Vicario,
750 1299 780 1360 q.
803 1280 873 1356 696,
898 1284 927 1338 64
979 1283 1056 1346 bont
1070 1286 1165 1361 caput
1178 1287 1208 1344 64
1218 1283 1372 1361 membra,
1385 1283 1468 1363 quod
1481 1283 1650 1346 6666444664
1664 1284 1776 1360 Lcym.

123 1387 201 1450 seqq.
218 1369 265 1428 Ee
281 1365 493 1443 Modestoriis,
516 1365 702 1444 natatibus,
729 1366 924 1444 Abbatissis,
981 1378 1012 1432 et
1025 1372 1107 1433 Lott.
1120 1391 1138 1432 u
1149 1391 1230 1432 nam.
1247 1374 1296 1447 40,
1315 1371 1439 1452 quando
1454 1371 1626 1451 Episcopus
1643 1369 1780 1430 scienter

125 1461 183 1520 etc.
195 1475 226 1538 q.
244 1458 320 1532 448,
331 1464 359 1516 64
368 1472 446 1536 seqq.
463 1455 603 1518 Diximus
618 1455 828 1536 etiamaliqua
843 1455 927 1519 64666
980 1457 1109 1538 indigno
1124 1459 1265 1536 contulit,
1280 1457 1487 1537 confirmavit,
1504 1457 1647 1535 instituit,
1673 1457 1782 1518 dicunt

125 1545 338 1624 Episcopum',
366 1563 397 1604 6.
419 1545 489 1620 369,
512 1552 541 1606 64
565 1546 633 1606 489.
658 1543 744 1606 Circa
767 1543 927 1607 Vicarium
981 1548 1065 1608 enim
1081 1566 1119 1608 ex
1138 1548 1341 1627 dispositione
1358 1548 1450 1628 juris,
1466 1565 1536 1628 cap.
1558 1545 1777 1624 9116666666.

125 1633 313 1713 generalem
335 1653 364 1694 6.
390 1634 460 1695 959.
482 1632 575 1695 Circa
588 1633 765 1711 Capitulum
778 1632 859 1696 Sede
876 1651 927 1696 vu·
980 1635 1073 1718 prat.
1090 1636 1345 1714 capitulumtunc
1357 1636 1423 1697 fieri
1435 1635 1620 1698 auctoritate
1635 1633 1778 1713 6666646-

126 1724 214 1784 66646
229 1721 377 1782 dicemus
390 1740 421 1782 6.
437 1724 506 1784 694.
981 1741 1049 1784 rom
1064 1724 1228 1804 Episcopo.
1246 1725 1278 1785 Si
1289 1729 1395 1786 tamen
1409 1723 1593 1803 Episcopus,
1610 1726 1641 1784 et
1652 1721 1781 1800 Capitu-

68 1819 102 1864 ⁵t⁰
164 1811 278 1886 (466664.
301 1812 352 1872 44.
364 1808 494 1885 -Quid
514 1809 675 1872 notandum
688 1808 729 1870 sit
742 1809 821 1871 cirea
841 1808 928 1872 deco-
980 1811 1048 1872 lum
1061 1811 1212 1874 habentes
1228 1811 1448 1873 simultaneam
1462 1811 1675 1890 provisionem
1698 1810 1781 1870 hanc

128 1897 272 1959 tutionem
289 1895 450 1979 beneficii?
463 1895 501 1960 14.
521 1915 609 1978 seqq.
626 1898 644 1975 6
659 1900 688 1959 4.
704 1897 867 1960 Devolutic
882 1903 929 1961 est
983 1899 1146 1962 diviserint
1160 1900 1191 1960 in
1206 1906 1326 1978 turnos,
1350 1905 1382 1961 64
1395 1899 1585 1979 Capitulum,
1607 1897 1657 1960 vel
1680 1899 1782 1961 Cano-

123 1985 201 2066 jnris
224 1985 267 2046 66
289 1983 523 2064 66664666666)
538 1985 700 2048 translatio
716 1984 747 2046 in
762 1985 870 2062 64466),
888 1986 927 2047 64)
982 1987 1071 2049 64666
1093 2006 1151 2068 666
1175 1988 1318 2067 Capitulo
1342 1988 1528 2067 provisurus
1550 1987 1582 2048 iu
1605 2004 1661 2048 suo
1687 1988 1780 2048 turno

127 2073 369 2153 negligentiam,
380 2074 429 2136 vel
440 2073 669 2154 culpamillius,
681 2073 722 2135 66
733 2092 827 2154 quem
841 2091 928 2154 spec·
982 2077 1132 2158 negliget,
1149 2095 1211 2139 non
1228 2076 1407 2138 devolvitur
1428 2076 1470 2138 ad
1491 2076 1691 2156 Episcopum,
1708 2092 1782 2134 nam

127 2162 213 2226 tabat
226 2160 410 2242 providere.
436 2161 485 2224 444
505 2161 545 2223 64)
559 2163 678 2224 bonum
700 2161 864 2240 Ecclesiae,
889 2180 928 2222 ne
982 2171 1126 2245 respectu
1150 2165 1243 2246 hujus
1269 2165 1414 2227 beneficii
1433 2169 1505 2228 6664
1529 2183 1633 2243 66666,
1660 2163 1716 2224 666
1739 2161 1781 2224 66

128 2249 284 2312 beneficia
298 2249 355 2312 diu
368 2255 481 2314 vacent
495 2268 523 2312 o.
549 2254 580 2329 9,
596 2248 640 2312 De
653 2268 774 2314 6666666.
788 2249 883 2332 praet.
900 2269 925 2312 6.
983 2254 1147 2334 utriusque
1171 2254 1394 2333 Superiorem,
1423 2273 1489 2336 cap.
1525 2257 1556 2331 9,
1586 2251 1631 2314 De
1657 2270 1778 2312 6666666.

132 2339 217 2415 lieet,
238 2338 280 2400 66
296 2339 401 2419 66664.
418 2337 535 2418 neglig.
552 2338 673 2418 praelat.
980 2333 1073 2416 prat.
1091 2337 1188 2397 Ceste.
1219 2354 1300 2396 num.
1328 2337 1364 2408 9;
1396 2337 1485 2397 Gerz.
1511 2353 1593 2395 666).
1619 2335 1675 2406 353
1693 2331 1779 2393 Pirh.

72 2435 105 2480 544
167 2428 229 2506 69.
248 2429 352 2490 446466
373 2427 530 2490 devolutio
548 2447 556 2489 :
572 2432 600 2491 4.
623 2428 655 2492 Si
670 2428 753 2490 intra
772 2433 929 2508 tempusa
983 2445 1012 2488 6.
1029 2425 1086 2496 39;
1102 2424 1194 2485 Leur.
1209 2442 1239 2503 q.
1256 2426 1327 2499 446,
1355 2441 1386 2484 6.
1405 2425 1432 2484 4.
1449 2421 1538 2496 Quod
1552 2421 1577 2484 si
1593 2421 1780 2484 simultanee

126 2513 195 2594 jure
208 2513 433 2597 praescriptum
448 2517 591 2596 neglecta
604 2517 645 2578 644
664 2517 818 2597 66664646;
836 2517 930 2579 debet
984 2512 1147 2591 providere
1172 2511 1319 2590 debeant,
1345 2517 1376 2572 64
1399 2530 1479 2572 6666
1500 2510 1650 2590 66644664,
1677 2511 1782 2570 totum
1819 2528 1832 2554 ο

130 2607 232 2666 466666
248 2603 380 2685 probari
393 2604 520 2668 scivisse
534 2624 618 2684 eum,
634 2606 675 2666 66
691 2624 785 2688 quem
807 2611 929 2685 specta·
980 2603 1033 2684 jus
1049 2599 1225 2663 devolvitur
1234 2599 1275 2662 ad
1285 2604 1474 2678 consortem,
1487 2598 1513 2660 si
1528 2603 1636 2661 autem
1650 2601 1782 2676 uterque

131 2691 184 2754 bet
195 2693 379 2772 providere,
395 2693 533 2773 potuisse
555 2699 586 2758 64
600 2694 735 2758 66464666
746 2694 927 2774 666646666,
984 2688 1119 2770 neglexit
1132 2692 1266 2768 tempus,
1291 2687 1467 2750 devolvitur
1487 2687 1529 2748 ad
1550 2684 1778 2765 Superiorem,

133 2781 227 2858 4644,
259 2779 282 2842 l.
314 2785 345 2858 9,
374 2802 404 2864 q.
432 2785 482 2858 94,
498 2801 527 2843 6.
543 2802 574 2844 6.
600 2785 637 2856 6;
663 2786 769 2861 Leuc,
797 2801 867 2864 par.
897 2787 927 2861 9,
983 2778 1079 2854 Luca,
1095 2777 1186 2838 4666.
1203 2796 1232 2859 6.
1254 2779 1388 2838 'itinn
1409 2775 1597 2856 Capitulum,
1622 2773 1705 2837 Sede
1727 2792 1784 2834 va-

132 2887 160 2950 q.
175 2873 245 2946 440,
262 2878 293 2932 et
306 2889 337 2951 q.
353 2872 424 2946 449,
448 2888 480 2932 6.
496 2873 526 2932 9.
549 2872 656 2950 Neque
681 2871 731 2932 hio
747 2877 930 2952 expectatur
984 2868 1087 2942 cante,
1110 2864 1207 2944 possit
1231 2863 1398 2946 providere
1414 2864 1452 2926 de
1473 2863 1641 2942 devolutis,
1659 2862 1784 2924 dicetur

132 2958 276 3038 purgatio
292 2976 402 3036 mora,
427 2959 484 3020 666
499 2959 544 3022 646
563 2961 688 3022 6664646
711 2963 852 3040 tempore
863 2960 934 3042 jam
984 2971 1065 3014 oum·
1082 2955 1152 3015 604.
1545 2998 1550 3010 ·

135 3045 295 3124 perditum
318 3051 366 3110 est
385 3046 449 3128 jus,
465 3047 547 3110 664).
563 3048 656 3110 tzor.
683 3048 796 3125 Casta,
814 3055 852 3110 tr.
880 3051 928 3126 43,
1024 3041 1043 3122 6
1064 3043 1093 3104 6.
1119 3041 1283 3104 Devolutic
1307 3044 1343 3104 nt
1365 3043 1522 3123 gradatim
1549 3041 1588 3104 ab
1612 3041 1781 3106 ordinariis
1811 3077 1853 3122 5„

135 3129 201 3211 d.2,
208 3153 243 3216 p.
256 3140 309 3213 34,
319 3156 349 3198 n.
366 3139 402 3210 4;
419 3134 648 3199 Barb.1)ePot.
662 3134 764 3218 166466.
777 3137 866 3219 61466,
878 3141 928 3216 73,
985 3128 1191 3194 Collatorihus
1204 3129 1245 3191 ad
1256 3131 1458 3211 Episcopum,
1471 3130 1523 3212 qui
1538 3136 1613 3194 tunc
1627 3130 1782 3193 beneficia

135 3239 164 3284 6.
180 3224 246 3301 469,
263 3227 359 3302 Latt,
375 3243 437 3286 66.
454 3225 509 3298 53;
525 3227 618 3288 4666.
634 3244 665 3306 6.
682 3226 753 3302 438,
768 3235 797 3288 et
809 3231 880 3289 644,
898 3230 929 3289 2,
985 3235 1047 3278 non
1067 3221 1211 3296 exempta
1234 3219 1355 3281 confert
1376 3218 1448 3299 jure
1472 3217 1612 3299 proprio,
1638 3222 1785 3298 exempta

136 3309 180 3372 94)
201 3312 367 3390 66664666)
388 3311 525 3375 scienter
538 3311 715 3392 indignum,
731 3318 787 3376 664
808 3315 932 3378 inhebi·
985 3308 1103 3382 aulem,
1132 3323 1162 3367 v·
1178 3323 1211 3384 g.
1224 3307 1399 3386 spectantia
1412 3307 1452 3369 66
1465 3307 1638 3386 4466646666
1653 3325 1785 3386 exemp-

137 3395 206 3475 lem,
223 3401 315 3464 Gara.
330 3421 362 3482 p.
380 3403 430 3479 to,
445 3420 471 3464 6.
488 3403 518 3478 3,
533 3420 563 3463 n.
580 3403 615 3474 3;
632 3402 731 3464 castr.
747 3419 778 3462 6.
794 3405 825 3463 5.
839 3404 868 3464 3.
884 3400 931 3463 Ob
985 3397 1045 3470 tos,
1073 3411 1111 3454 ex
1134 3392 1331 3474 delegatione
1361 3398 1473 3476 Papae,
1501 3398 1586 3458 Luce
1614 3394 1650 3456 de
1675 3395 1781 3476 146666.

137 3485 263 3552 dilatam
278 3489 411 3552 nimium
430 3489 677 3568 institutionem,
703 3495 773 3569 post
795 3490 930 3570 appella·
985 3481 1016 3544 d·
1041 3486 1092 3561 94,
1113 3486 1218 3558 a.10;
1238 3486 1330 3547 Leur.
1356 3504 1386 3568 6.
1404 3489 1475 3563 444,
1503 3491 1532 3546 64
1554 3503 1584 3567 q.
1608 3487 1679 3564 454,
1698 3505 1729 3546 6.
1752 3487 1781 3545 4.

137 3572 251 3637 ionem
263 3577 450 3657 legitimam,
466 3581 527 3640 etc.
549 3580 642 3640 4666.
662 3595 693 3658 q.
712 3580 780 3641 444.
797 3580 876 3641 Item
890 3579 931 3642 64)
987 3570 1135 3634 Similiter
1145 3571 1198 3654 jus
1213 3573 1392 3636 devolvitur
1414 3573 1455 3635 64)
1475 3573 1631 3653 Episcopo
1655 3573 1696 3636 ud
1719 3575 1785 3636 4446-

138 3661 341 3744 666446664466
355 3666 473 3728 6446646
485 3665 674 3730 6664666666
689 3666 854 3745 beneflcio,
869 3671 927 3730 etc.
985 3659 1222 3739 tropolitanum,
1244 3660 1367 3723 etiamsi
1386 3661 1560 3740 Episcopus
1581 3666 1663 3724 esset
1681 3661 1786 3726 Cardi-

139 3749 181 3810 644
193 3751 256 3816 6646
268 3753 346 3816 46646
361 3753 493 3818 dicetur.
987 3749 1077 3826 nelis,
1102 3751 1197 3814 Gonz.
1224 3752 1313 3812 (4666.
1335 3752 1427 3812 Lcur.
1454 3769 1484 3832 6.
1501 3754 1571 3828 449,
1593 3769 1613 3810 6
1631 3751 1786 3830 Metropo-

83 3851 117 3896 66
175 3837 235 3916 63.
250 3842 534 3921 impedimentum,
559 3843 625 3906 sive
646 3843 732 3921 46644,
754 3843 819 3906 6466
838 3843 930 3927 juris,
986 3835 1082 3899 titano
1097 3837 1138 3899 ad
1153 3837 1334 3917 Primatum,
1350 3839 1399 3900 vel
1415 3839 1642 3915 Putriaroham,
1664 3837 1689 3899 si
1713 3837 1786 3900 huic

141 3924 255 3990 etiamsi
272 3949 312 3993 ex
330 3931 458 4011 propria
476 3932 569 4012 culpa
587 3931 627 3994 sit
645 3935 818 4008 causatum,
841 3932 933 3994 dum·
986 3925 1181 4006 subjicietur.
1205 3927 1315 4000 Quoad
1335 3927 1521 3990 electionem
1542 3925 1710 4007 Episcopi,
1735 3926 1786 3988 vel

141 4013 229 4077 modo
244 4036 309 4080 666
323 4018 394 4082 4666
408 4019 449 4082 644
462 4019 626 4083 46666466)
640 4023 671 4082 64
693 4038 756 4081 666
770 4019 861 4080 466446
876 4037 932 4098 po·
987 4013 1239 4094 archiepiscopi,
1265 4016 1426 4078 devolutio
1444 4017 1481 4078 fit
1500 4015 1601 4094 illum,
1623 4014 1665 4076 66
1686 4014 1785 4092 illum,

141 4102 846 4188 tueritrcmoveri,eacusathicancgligentie3
860 4123 928 4185 cap.
988 4103 1029 4164 ud
1058 4121 1152 4184 quem
1176 4108 1297 4183 spectat
1325 4105 1534 4182 confirmare,
1552 4105 1606 4184 qui
1630 4109 1678 4164 est
1702 4103 1787 4166 solus

143 4185 216 4262 Quia
242 4191 459 4273 diversitatem,
487 4193 532 4258 De
557 4195 687 4258 Concess.
716 4195 816 4257 Proeb.
847 4197 929 4256 Gutt.
988 4194 1086 4271 Papa,
1099 4192 1180 4254 Abb.
1194 4192 1278 4254 Pirh.
1295 4195 1387 4254 Lour.
1404 4213 1434 4274 q.
1451 4195 1522 4270 446,
1534 4211 1564 4254 6.
1580 4194 1611 4269 3,
1625 4199 1653 4252 64
1667 4210 1697 4272 q.
1713 4193 1784 4270 464,

142 4275 295 4344 464466.
314 4286 368 4356 48;
389 4283 485 4344 fuisse
499 4286 605 4346 autem
616 4281 932 4364 legitimumimpedi·
987 4299 1018 4342 6.
1035 4285 1064 4342 4.
1081 4279 1170 4354 Quod
1184 4279 1209 4341 si
1224 4280 1261 4358 is,
1285 4280 1325 4342 ad
1349 4299 1443 4359 quem
1458 4280 1542 4342 lacta
1553 4283 1601 4341 est
1615 4277 1784 4356 devolutio,

143 4370 299 4447 mentum,
324 4370 451 4450 probari
478 4371 573 4435 debet
600 4390 621 4432 a
646 4370 772 4433 volente
797 4370 932 4433 retinere
987 4368 1120 4430 scienter
1142 4369 1284 4431 66646664
1302 4369 1357 4446 4144,
1384 4370 1438 4449 qui
1459 4370 1529 4448 ipso
1542 4367 1618 4449 jure
1640 4367 1787 4430 inhabilis

142 4447 200 4530 ius,
224 4457 298 4536 quia
312 4476 374 4522 uon
388 4458 598 4538 praesumitur,
614 4463 695 4522 Lott.
712 4477 743 4522 6.
760 4463 814 4534 99;
838 4461 929 4524 Lcur.
988 4463 1045 4536 cst,
1062 4456 1240 4520 devolvitur
1253 4459 1293 4519 66
1309 4458 1393 4520 444466
1418 4458 1642 4539 Superiorem
1666 4456 1692 4519 si
1712 4474 1787 4519 cou-

144 4554 172 4617 6.
195 4545 259 4606 444.
987 4545 1067 4608 46664
1080 4545 1134 4623 4444,
1151 4546 1204 4626 qui
1215 4549 1337 4608 tuntum
1351 4551 1461 4626 postea
1471 4564 1528 4627 per
1542 4547 1729 4609 sententiam
1740 4551 1789 4608 est

90 4665 125 4711 6,
182 4628 235 4708 64.
251 4633 394 4698 EvolutIo
409 4634 486 4698 nihil
497 4635 643 4699 immutat
656 4637 688 4698 in
701 4635 864 4712 beneficio,
877 4634 932 4696 sed
987 4633 1129 4696 redditus
1150 4634 1308 4713 inhabilis,
1324 4635 1461 4716 provisio
1483 4634 1651 4698 revertitur
1670 4633 1712 4696 66
1726 4633 1788 4713 pri·

147 4714 236 4782 dehet
248 4721 308 4784 hoc
321 4724 457 4786 conferri
472 4725 645 4788 secundum
660 4724 787 4788 casdem
802 4723 934 4804 qualite·
987 4740 1074 4784 mum
1089 4723 1288 4802 Collatorem,
1307 4724 1382 4804 quia
1396 4725 1463 4806 666)
1484 4725 1600 4786 iterum
1622 4727 1714 4786 66664
1734 4723 1787 4784 bc·

147 4807 191 4865 tas
209 4813 239 4869 64
258 4811 464 4887 conditiones,
489 4831 568 4893 quae
589 4831 697 4876 secum
711 4815 802 4876 644664
821 4811 933 4874 funda·
988 4811 1134 4872 aeficium
1153 4817 1225 4892 post
1238 4813 1452 4892 provisionem
1467 4813 1631 4876 validam:
1657 4812 1682 4874 si
1697 4813 1787 4892 igno-

148 4891 198 4970 446,
213 4898 302 4962 6666.
316 4901 411 4962 Gonz.
430 4903 513 4963 Gutt.
530 4902 624 4964 Barh.
642 4904 741 4964 Castr.
756 4921 786 4962 6.
804 4902 833 4974 3;
850 4902 930 4963 Lott.
987 4904 1094 4962 rantes
1108 4901 1250 4962 conferat
1261 4901 1403 4981 inhabili,
1419 4921 1481 4964 non
1495 4903 1530 4965 fit
1544 4901 1714 4977 devolutio,
1730 4899 1786 4962 sed

149 4995 177 5039 a·
191 4985 246 5060 6³7
262 4989 355 5052 4666.
370 5009 401 5071 q.
422 4992 502 5063 443;
523 4988 597 5051 hinc
611 4990 775 5052 conferens
788 5007 824 5050 ex
840 4989 934 5050 devo·
988 4987 1284 5068 dehetsecorrigerc
1295 4988 1512 5052 substituendo
1522 4989 1673 5066 habilem,
1683 4989 1783 5050 Castr.

22 5139 23 5148 ,
149 5065 258 5136 latione
275 5076 400 5139 videtur
414 5081 538 5140 tantum
556 5080 728 5159 praecipere
749 5097 851 5158 posse,
868 5083 935 5140 646
988 5096 1017 5138 6.
1034 5079 1068 5151 6;
1084 5079 1177 5139 Leur.
1196 5096 1226 5159 q.
1244 5080 1315 5140 446.
1332 5077 1364 5141 Si
1380 5097 1454 5140 vero
1470 5078 1642 5158 Episcopus
1657 5077 1697 5139 oh
1714 5093 1784 5137 oen·

150 5161 283 5231 96664666
304 5165 446 5228 mittatur
459 5165 491 5227 in
505 5167 735 5246 possessionem
758 5166 799 5228 ub
821 5167 869 5248 iis,
893 5165 934 5227 ad
987 5181 1093 5226 suram
1109 5165 1276 5244 providere
1291 5183 1353 5228 non
1379 5166 1477 5248 possit
1500 5165 1539 5227 de
1553 5163 1713 5227 beneficiis
1727 5155 1785 5226 sihi

152 5259 223 5322 quos
235 5252 273 5315 66
283 5257 387 5316 664666
400 5257 536 5334 epectet;
553 5255 632 5318 Vide
646 5259 738 5318 4666.
754 5274 784 5336 6.
801 5258 871 5317 448.
988 5251 1045 5314 6644
1067 5251 1226 5334 subjectis,
1241 5253 1386 5333 providet
1400 5257 1497 5332 Papa,
1516 5271 1544 5316 r.
1571 5253 1645 5328 (laic
1666 5251 1787 5316 diversi-

99 5379 132 5426 g,
165 5383 166 5388 ,
187 5335 245 5414 65.
261 5343 424 5405 4466646446
439 5360 502 5405 666
516 5344 552 5406 nt
565 5344 606 5406 ad
622 5361 732 5424 parem
745 5342 795 5404 664
809 5341 935 5405 4646646-
988 5343 1278 5405 4646661466666666.
1295 5341 1391 5425 praet.
1403 5343 1488 5406 Pirh.
1498 5343 1592 5422 retii.
1605 5341 1783 5405 44664666.

153 5435 223 5504 rem,
241 5431 295 5493 666
316 5431 356 5492 66
376 5431 588 5511 Superiorem,
611 5436 646 5494 ut
658 5429 813 5494 inferioris
836 5430 935 5510 negli·
988 5450 1017 5512 q.
1033 5434 1103 5494 469.
1120 5431 1152 5496 Si
1167 5431 1309 5495 vicarius
1321 5431 1469 5513 Episcopi
1484 5431 1619 5496 contulit
1632 5429 1784 5512 indigno,

153 5517 280 5585 seutiam
303 5519 393 5602 quasi
415 5520 567 5600 corrigat;
589 5519 662 5582 hinc
686 5538 706 5583 6
731 5517 871 5600 66644646
899 5519 935 5581 64
988 5519 1147 5584 devolutio
1170 5520 1259 5584 46466
1274 5521 1475 5602 Episcopum;
1491 5521 1517 5584 si
1533 5525 1638 5586 tamen
1653 5517 1704 5582 hic
1722 5519 1786 5584 col·
