4056 6344
564 621 617 693 ou
637 619 854 693 BSNci'iciiS
876 616 1200 693 lichilSiAS'iiciS.
1646 627 1700 694 sel

70 813 169 881 dolose
192 817 382 896 extorquere
404 831 468 877 non
489 813 721 890 dubitaverint3
745 816 795 879 vel
819 833 858 878 ea
912 816 1129 896 Pontificibus,
1147 811 1278 897 aiicujus
1293 813 1410 896 negotii
1424 814 1562 896 cognitio
1576 815 1637 898 ipsi
1655 835 1706 878 re-

70 906 158 969 semei
179 905 239 967 rite
264 909 412 986 recteque
436 905 577 982 obtenta,
600 906 800 986 prescriptos
823 905 857 967 in
911 907 1006 969 missa
1021 907 1207 986 etdelcgata
1216 903 1329 980 luerit;
1343 905 1704 988 aut,hujusmodietiam

71 995 173 1056 eadem
194 993 332 1072 limites,
355 1012 393 1056 ac
416 994 606 1074 prefinitum
630 999 754 1074 tempus
776 1013 858 1074 pree-
911 996 1096 1057 remissione
1111 1001 1264 1072 cessante,
1281 993 1404 1073 quoties
1426 994 1466 1056 de
1487 995 1589 1074 poenis
1612 1013 1707 1074 supe·
1731 1015 1737 1026 ·

70 1083 208 1163 tergressi
222 1083 352 1146 tuerint.
377 1083 466 1156 Quod
486 1083 510 1145 si
527 1083 731 1145 nibilominus
746 1083 855 1164 aliqui,
912 1085 978 1147 rius
992 1083 1177 1160 constitutis,
1195 1082 1347 1144 adversus
1367 1083 1505 1163 aliquem
1527 1087 1706 1163 transgres-

71 1189 127 1232 non
137 1171 242 1232 minus
255 1171 415 1233 Canonica
429 1174 556 1248 statuta,
575 1189 671 1252 quam
681 1172 858 1250 propositas
913 1192 1016 1235 sorem
1033 1173 1138 1253 reipsa
1152 1171 1359 1237 decernendis
1373 1171 1614 1254 infligendisque
1628 1171 1706 1233 deli-

71 1257 244 1339 hujusmodi
259 1277 371 1339 poenas
389 1263 638 1336 contemnentes,
663 1259 694 1320 in
711 1278 769 1320 sua
786 1277 859 1320 con·
912 1258 1094 1322 herandum
1114 1260 1227 1334 luerit;
1254 1259 1410 1341 siquidem
1435 1259 1613 1341 hujusmodi
1638 1277 1708 1339 poe·

71 1347 365 1409 tumaciaobilrmati
377 1365 579 1427 perseverare
588 1347 856 1427 praesumpserint3
914 1365 1025 1410 narum
1042 1349 1165 1424 modus,
1182 1353 1276 1428 prout
1289 1347 1441 1429 cujusque
1456 1348 1559 1429 major
1580 1352 1634 1410 aut
1648 1347 1705 1409 mi-

71 1435 206 1495 voiumus
230 1435 383 1497 adversus
405 1436 480 1498 istos
501 1435 542 1495 ad
562 1435 713 1498 ulteriora
727 1453 799 1498 cum
814 1433 859 1496 el·
913 1455 972 1498 nor
994 1437 1193 1499 contumacia
1214 1435 1364 1516 exegerit,
1386 1437 1427 1497 ab
1442 1437 1554 1497 eadem
1569 1437 1705 1517 Congre-

72 1523 147 1585 lectu
161 1523 303 1602 procedi,
317 1523 409 1604 juxta
422 1525 561 1585 mentem
576 1523 718 1606 ejusdem
729 1523 858 1586 concilii
913 1525 1039 1604 gatione
1063 1524 1247 1586 statuendus
1273 1524 1351 1596 erit;
1377 1527 1412 1585 ut
1433 1523 1517 1585 facta
1537 1541 1595 1604 per
1608 1523 1706 1603 ipsius

71 1610 251 1688 Tridentini,
265 1610 350 1691 quod
364 1613 396 1671 in
410 1611 502 1672 citato
516 1629 579 1693 cop.
598 1613 626 1688 i,
647 1631 711 1674 sess.
733 1615 777 1690 6.,
801 1615 860 1675 ito·
915 1613 1126 1677 Secretarium
1141 1613 1248 1689 Nobis,
1265 1632 1319 1674 seu
1333 1613 1572 1674 Successoribus
1587 1612 1707 1676 Nostris

72 1715 193 1759 manum
219 1699 406 1762 Pontificem
429 1717 486 1778 pro
509 1701 652 1778 tempore
676 1698 860 1762 existentem
914 1703 1077 1779 relatione,
1100 1701 1336 1782 approbataque
1351 1701 1608 1782 congregationis
1622 1719 1706 1763 reso·

73 1786 220 1865 bortatur,
245 1791 282 1849 ut
306 1805 370 1850 suae
395 1805 549 1866 supremae
564 1787 653 1850 Sedis
673 1789 859 1852 auctoritate
913 1791 1042 1869 latione,
1060 1791 1100 1852 ad
1116 1790 1295 1872 hujusmodi
1310 1808 1475 1871 poenarum
1490 1789 1706 1853 executionem

73 1874 101 1935 in
122 1874 303 1956 hujusmodi
326 1881 575 1956 transgressores
599 1877 639 1938 ad
667 1878 860 1939 severiorem
916 1897 988 1940 cum
1010 1881 1122 1941 ellectu
1142 1880 1348 1959 procedatur;
1373 1883 1428 1941 aut
1449 1879 1585 1960 denique
1608 1895 1706 1959 quum

74 1964 234 2025 Sacrorum
258 1966 422 2026 Canopum
445 1981 588 2025 normam
612 1965 858 2042 animadvertat,
914 1966 1028 2046 aliquis
1050 1965 1224 2046 Episcopus
1246 1965 1429 2028 instantiam
1447 1965 1707 2053 proponatabes-

74 2057 160 2132 atqm
174 2050 271 2112 etiam
285 2051 435 2113 iicclesiis
447 2052 522 2131 ipsis
537 2052 576 2113 do
591 2052 767 2113 utilioribus
786 2055 862 2114 Pas·
914 2054 1003 2116 sandi
1020 2054 1180 2134 apropria
1194 2053 1327 2116 Dioecesi
1343 2054 1465 2116 ratione
1488 2053 1620 2136 aiicujus
1638 2073 1707 2116 mu-

74 2139 186 2202 toribus
198 2138 375 2217 provideat,
392 2139 473 2200 sicut
486 2139 518 2200 in
531 2139 663 2201 Domino
675 2139 798 2201 noverit
814 2159 861 2202 sa·
915 2141 998 2204 neris
1012 2141 1079 2202 sive
1094 2141 1200 2219 oflicii,
1217 2140 1307 2222 cujus
1322 2159 1360 2202 ea
1370 2141 1705 2220 dicaturnaturaesse,

72 2226 198 2289 lubriter
209 2227 372 2306 expedire.
914 2235 950 2292 ut
963 2229 1178 2309 Apostolicum
1192 2229 1353 2291 indultum
1367 2223 1478 2290 denon
1489 2228 1655 2293 residendo
1665 2230 1707 2292 ad

110 2313 242 2376 »Tertio
253 2315 324 2376 loco
333 2315 479 2376 volumus
489 2315 728 2393 etmandamus,
743 2318 861 2395 utpute·
915 2320 1045 2398 longum
1064 2321 1190 2398 tempus
1214 2317 1273 2397 ipsi
1298 2317 1339 2379 sit
1361 2316 1618 2392 concedendum
1643 2319 1707 2380 Nos

74 2403 158 2464 dicta
179 2402 442 2482 congregationis
462 2421 558 2483 super
581 2404 862 2484 Residentiaiipis-
915 2407 1033 2470 etenim
1062 2405 1241 2487 hujusmodi
1269 2399 1394 2472 indulta
1417 2405 1534 2466 nemini
1567 2423 1707 2485 unquam

75 2507 219 2570 caporum
232 2490 275 2552 ab
288 2491 415 2554 Urbano
426 2494 511 2572 Papa
521 2493 601 2570 vlll,
614 2492 763 2555 institutae
774 2511 861 2554 exer·
915 2493 1045 2556 concedi
1061 2493 1176 2555 debore
1191 2493 1400 2570 decernimus,
1418 2492 1475 2554 nisi
1497 2491 1615 2571 praevio
1635 2511 1707 2555 cau·

75 2578 186 2657 citium,
212 2583 310 2660 atque
330 2579 485 2642 sessiones
506 2587 725 2656 resumantur;
748 2582 862 2642 contir-
915 2600 1022 2646 sarum
1037 2581 1178 2644 examine
1201 2582 1233 2644 in
1254 2581 1366 2644 eadem
1384 2581 1634 2661 congregatione
1650 2599 1707 2661 pe·

75 2670 190 2728 mantes
203 2667 304 2746 ipsius
317 2668 515 2731 Praefectura
529 2687 644 2731 munus
658 2669 772 2732 dilecto
785 2670 861 2732 Filio
916 2670 1067 2752 ragendo,
1084 2673 1258 2753 Nostraque
1282 2675 1314 2734 ct
1336 2673 1559 2734 Successorum
1581 2671 1708 2733 Nostro·

75 2757 181 2816 Nostro
202 2755 319 2818 ioanni
340 2757 476 2819 Antonio
497 2757 590 2821 'l'ituli
616 2759 724 2820 Sancti
738 2757 861 2821 Martini
916 2776 987 2820 rum
1014 2759 1145 2822 scientia
1173 2764 1204 2822 et
1231 2759 1469 2840 approbatione,
1495 2763 1527 2821 et
1548 2757 1707 2822 mediante

76 2841 106 2902 in
126 2843 284 2906 Nontibus
309 2844 497 2924 Presbytero
523 2847 554 2908 S.
581 2847 616 2907 il.
643 2847 679 2908 u.
705 2845 862 2908 CardinaIi
917 2845 1114 2926 expeditione
1155 2845 1344 2909 Litterarum
1384 2846 1635 2926 Apostolicorum
1675 2846 1708 2906 in

77 2930 236 3012 Guadagni
250 2938 430 3014 nuncupato
445 2933 597 2996 moderno
612 2936 725 2997 Nostro
735 2935 767 2996 in
779 2936 863 2998 Urbe
916 2935 1018 2996 forma
1036 2934 1164 3008 Brevis;
1190 2934 1325 3016 ideoque
1349 2934 1536 2996 mandamus
1550 2936 1662 2998 Nostro
1677 2938 1710 2997 et

78 3019 200 3101 ejusque
226 3021 375 3084 Districtu
408 3022 441 3082 in
474 3024 689 3103 spiritualibus
715 3023 861 3102 llicario,
917 3021 1050 3086 Romani
1087 3022 1247 3086 Pontiticis
1283 3041 1341 3102 pro
1375 3028 1519 3103 tempure
1547 3023 1708 3086 existentis

78 3107 200 3189 ejusque
213 3109 247 3170 in
261 3109 371 3173 Oiilcio
389 3111 566 3174 vicariatus
587 3111 767 3192 hujusmodi
789 3114 863 3174 Suc·
918 3111 1102 3191 supplicum
1127 3111 1319 3174 libellorum
1348 3112 1545 3189 Secretario,
1575 3112 1708 3194 aliisque

78 3195 268 3270 caesoribus3
294 3197 375 3261 sicut
402 3199 498 3262 etiam
525 3199 671 3262 cilicium
696 3199 863 3263 Secretarii
918 3198 1100 3262 secretariis
1114 3201 1297 3279 quammvis
1320 3201 1617 3280 Congregationum,
1641 3200 1708 3280 qui-

78 3283 214 3365 ajasdem
227 3287 489 3367 congregationis
499 3288 612 3352 diiecto
624 3289 701 3351 Filio
714 3289 862 3369 Magistra
917 3289 976 3350 bus
992 3305 1029 3348 ea
1043 3287 1082 3348 de
1098 3305 1131 3348 re
1146 3305 1255 3367 preces
1269 3287 1382 3351 oblatae
1396 3286 1523 3366 luerint,
1539 3292 1575 3350 ut
1588 3289 1657 3350 illas
1667 3287 1709 3350 ad

78 3373 189 3453 loseph
212 3374 392 3437 Alexandro
418 3377 569 3454 Nurietto,
590 3376 720 3458 ejusque
735 3378 863 3440 Succes-
917 3373 1102 3456 praedictam
1115 3377 1399 3455 congregationem
1413 3393 1509 3455 super
1526 3375 1710 3440 Residentia

78 3461 194 3523 solibus
217 3463 476 3543 congregationis
500 3464 713 3527 cardinalium
734 3465 863 3528 concilii
917 3465 1145 3544 cpiscoporum
1182 3465 1309 3528 omnino
1344 3465 1525 3538 remittant;
1552 3463 1708 3546 simulque

78 3547 246 3611 'tridentini
268 3553 476 3631 interpretum
499 3553 703 3626 Secretariis;
721 3553 864 3616 eosdem-
917 3552 1121 3635 prohibemus
1148 3555 1260 3616 Nostro
1289 3557 1320 3618 et
1341 3555 1563 3617 successorum
1583 3554 1709 3616 Nostro·

79 3653 136 3716 que
157 3643 331 3702 statuentes
353 3638 386 3700 in
407 3639 589 3720 hujusmodi
614 3641 864 3721 congregatione
918 3659 988 3704 rum
1002 3659 1060 3723 pro
1075 3643 1216 3723 tempore
1232 3643 1408 3707 secretario
1424 3642 1583 3721 Brevium,
1596 3661 1635 3704 ne
1647 3643 1709 3706 Lit-

80 3741 157 3786 nuuc
178 3731 211 3788 et
235 3726 383 3807 deinceps
401 3728 864 3807 protemporclocumbabere
918 3737 1057 3796 terarum
1071 3731 1323 3811 Apostolicorum
1337 3749 1434 3811 super
1451 3731 1582 3794 induitis
1602 3731 1708 3813 hujus
1840 3783 1842 3788 .

80 3815 110 3873 et
127 3815 310 3894 suffragium
334 3815 426 3893 ferre,
450 3815 630 3896 quicunque
655 3835 693 3878 ea
717 3817 820 3879 cilicia
834 3821 865 3878 et
918 3817 1003 3880 modi
1017 3816 1160 3896 exempla
1174 3816 1279 3896 Nobis,
1305 3824 1359 3880 aut
1380 3817 1619 3880 Successoribus
1634 3819 1709 3879 Nos·

80 3917 206 3964 munera
228 3902 381 3980 obtinent,
408 3903 473 3964 sive
497 3902 684 3967 obtinebunt
706 3905 738 3965 in
762 3911 865 3984 poste·
918 3907 974 3970 tris
988 3906 1143 3986 signanda
1156 3907 1311 3968 ullatenus
1325 3908 1446 3984 sileret,
1459 3905 1710 3969 nisiautbentica

82 4007 158 4068 rum,
173 4009 244 4072 quse
258 3991 474 4071 inprecilatis
488 3992 607 4055 Urbani
621 3992 865 4054 Praedecessoris
919 3995 1125 4072 documenta,
1155 3997 1220 4055 tam
1248 3993 1287 4055 de
1314 4012 1480 4055 causarum
1506 3993 1649 4055 examine
1676 3993 1709 4054 in

81 4078 200 4142 litteris
214 4079 430 4161 designantur.
447 4083 604 4144 Praeterea
617 4099 714 4162 quum
736 4082 865 4143 minime
919 4083 1003 4146 dicta
1017 4081 1266 4162 Congregatione
1281 4085 1421 4161 peracto,
1439 4081 1588 4162 quamde
1610 4082 1708 4160 Apos-

82 4168 222 4247 cxpediat
235 4169 416 4251 hujusmodi
431 4171 715 4250 congregationem
736 4174 867 4233 Promo·
918 4172 1013 4236 tolica
1026 4169 1252 4251 approbatione
1274 4175 1305 4232 et
1327 4188 1457 4231 assensu
1480 4173 1710 4250 consequenter

82 4259 144 4316 tore
156 4257 267 4318 Fisoali
281 4275 400 4336 carere,
417 4260 479 4321 Nos
494 4275 578 4336 eum,
594 4258 647 4337 qui
662 4257 694 4319 in
704 4258 864 4320 Tribunali
920 4258 1083 4335 emanatis,
1100 4257 1203 4318 eidem
1216 4257 1332 4320 fuerim
1346 4257 1494 4320 exhibita.

82 4345 216 4422 predicti
230 4345 404 4407 cardinalis
417 4345 532 4409 vicarii
546 4346 638 4409 Urbis
652 4344 798 4409 Officium
810 4363 867 4424 ge-
965 4369 979 4406 a
1002 4348 1118 4420 Quarto
1140 4346 1208 4408 loco
1223 4345 1400 4423 statuimus,
1417 4350 1452 4407 ut
1466 4344 1553 4407 Folia
1566 4344 1710 4425 superius

82 4431 121 4494 rit
132 4433 322 4496 Promotoris
336 4432 474 4514 Fiscalis,
488 4434 618 4516 ejusque
629 4434 660 4496 in
671 4433 780 4496 Olilcio
791 4435 866 4496 Suc·
921 4436 1088 4500 enunciata
1111 4435 1143 4497 in
1167 4438 1328 4514 posterum
1347 4433 1472 4498 omnino
1493 4435 1709 4512 conficiantur,

83 4535 216 4583 cessores
229 4539 286 4601 pro
298 4525 451 4602 tempore,
467 4524 507 4584 ad
523 4523 608 4584 idem
622 4540 737 4584 munus
747 4523 867 4585 obeun·
919 4526 950 4587 in
964 4525 1076 4606 quibus
1090 4523 1239 4585 nimirum
1254 4522 1473 4586 describantur
1486 4522 1614 4585 nomina
1623 4523 1712 4603 lipia·

83 4606 154 4669 dum
176 4609 362 4689 deputamus
387 4609 420 4672 in
444 4611 575 4692 praefata
597 4609 864 4692 congregatione,
921 4629 1083 4693 coporum,
1099 4611 1213 4692 quibus
1227 4611 1343 4674 dantur
1356 4611 1481 4675 indulta
1495 4610 1710 4674 commorandi

84 4693 130 4754 cui
143 4695 255 4776 ipsum,
272 4715 328 4760 sou
342 4699 426 4779 ipsos
440 4717 512 4760 cum
527 4699 701 4762 consuilivo
717 4697 867 4779 suffragio
921 4706 1010 4762 extra
1031 4699 1209 4788 llioeccsim,
1228 4719 1290 4762 una
1309 4717 1380 4761 cum
1393 4698 1495 4761 causis
1510 4700 1551 4762 ab
1565 4698 1640 4779 ipsis
1655 4699 1713 4761 ad-

84 4783 221 4848 volamus
249 4787 411 4850 interesse.
439 4791 481 4851 lt
505 4805 580 4850 vero
611 4787 865 4868 perpendentes,
921 4789 1023 4850 ductis
1044 4793 1139 4870 atque
1158 4788 1310 4868 probatis,
1326 4793 1357 4850 et
1376 4787 1476 4867 spatio
1500 4787 1650 4869 temporis
1670 4786 1711 4848 ad

85 4873 164 4949 quod
190 4874 215 4936 si
240 4877 449 4956 congregatio
477 4875 586 4939 isthec
610 4877 703 4939 toties
722 4876 868 4938 habenda
922 4877 1007 4959 quod
1034 4874 1215 4956 hujusmodi
1243 4875 1367 4941 indulta
1393 4875 1624 4950 conceduntur;
1641 4893 1712 4957 quac

85 4959 169 5039 leret,
194 4964 315 5043 quoties
337 4965 378 5026 ab
403 4964 510 5047 aliquo
534 4966 689 5046 Episcopo
709 4965 867 5027 licentiam
922 4964 1050 5047 quidem
1065 4964 1152 5026 Folia
1168 4982 1188 5025 a
1202 4965 1342 5026 Romano
1357 4965 1506 5027 Pontitice
1523 4965 1710 5045 subscripta,

86 5047 521 5135 abscedendiaDioecesipcti
537 5054 869 5134 contingeret,eadem
921 5055 953 5116 in
987 5053 1154 5117 Tabulario
1190 5052 1349 5133 predicte
1368 5053 1639 5134 congregationis,
1676 5057 1712 5116 ut

87 5139 137 5197 aut
149 5145 275 5218 propter
288 5141 497 5222 frequentiam
521 5144 615 5204 nimis
640 5161 772 5207 onerosa
795 5161 868 5204 eva·
922 5141 1011 5219 alias,
1026 5139 1180 5201 asservari
1195 5138 1394 5219 precipimus
1411 5161 1418 5202 :
1437 5139 1526 5215 Quod
1541 5143 1646 5202 tamum
1667 5140 1713 5201 in·

87 5219 754 5310 deret,autpropternegotiorumlevitatem
766 5234 867 5294 tractu
922 5228 1020 5310 telligi
1036 5229 1180 5290 volumus
1200 5245 1263 5289 uon
1285 5227 1325 5289 de
1343 5226 1382 5289 iis
1405 5227 1546 5304 Induitis,
1563 5245 1633 5309 que
1656 5245 1714 5307 per

87 5313 229 5392 temporis
251 5318 367 5398 negligi
390 5323 422 5381 et
440 5319 625 5399 parvipendi
641 5324 765 5399 posset;
781 5321 868 5381 rolu-
922 5317 1117 5398 Apostoiicas
1141 5316 1274 5378 Litteras
1301 5316 1333 5377 in
1360 5316 1461 5378 forma
1487 5317 1596 5378 Brevis
1621 5333 1714 5397 expe-

87 5413 153 5458 mus
174 5405 266 5482 alque
286 5405 466 5484 statuimus,
490 5404 635 5468 eamdem
656 5411 729 5469 tunc
743 5411 867 5468 tantum
922 5407 1040 5470 dienda
1071 5422 1139 5467 esse
1167 5405 1200 5465 in
1222 5404 1422 5485 paragrapho
1445 5403 1607 5483 superiore
1634 5422 1715 5484 prae·

88 5489 267 5570 cogendam,
289 5491 533 5575 habendamque
554 5511 635 5572 esse,
662 5513 759 5574 quum
781 5500 869 5556 anta
921 5492 1236 5575 scripsimus3sedde
1246 5491 1374 5554 alterius
1384 5491 1507 5572 generis
1517 5490 1660 5570 induitis,
1673 5493 1714 5555 de

88 5573 187 5656 Nobis,
203 5577 269 5641 sive
289 5597 309 5642 a
331 5582 570 5648 successoribus
584 5583 703 5646 Nostris
719 5583 867 5646 itomanis
922 5583 1037 5668 quibus
1065 5581 1147 5644 inira
1173 5578 1342 5644 dicendum
1372 5579 1440 5660 erit,
1470 5595 1615 5662 quaque,
1643 5585 1715 5668 post
