4056 6344
724 483 775 548 DE
795 484 913 548 Holus
935 487 1152 552 GANONIGIS.

110 669 216 758 limiti,
244 669 330 751 quoti
353 669 395 732 a'd
416 675 528 732 manus
542 685 605 732 non
628 672 694 747 eet;
711 672 749 734 V.
774 672 904 750 Bonae,

147 870 162 908 ι
182 850 237 911 vl.
255 849 306 924 Ut,
322 847 380 910 uisi
398 847 485 928 justa
499 866 594 910 causa
608 853 744 927 excuset,
762 849 906 912 dicautur

108 941 253 1016 tempore
266 939 393 1016 prmfixo
404 936 514 1015 ajuro,
526 938 576 999 vel
587 937 822 1015 consuetudine,
835 957 905 1018 quae

108 1043 191 1088 nuno
206 1025 353 1102 obtinuit,
370 1029 405 1088 ut
418 1027 605 1088 Matutinum
620 1031 651 1089 et
664 1027 800 1103 Laudes,
814 1027 907 1088 abso-

107 1115 172 1178 luto
199 1114 412 1194 completorio
439 1114 471 1174 iu
496 1115 647 1192 Ecclesia,
676 1116 756 1177 hora
783 1115 906 1177 circiter

107 1207 232 1284 quarta,
251 1209 282 1264 et
297 1203 472 1264 secuudum
490 1206 620 1281 Bonae,
642 1205 736 1266 ctiam
751 1203 842 1266 tertia
858 1203 906 1264 di-

107 1297 221 1356 cautur
241 1312 250 1353 ε
274 1296 306 1354 ιι
326 1293 430 1353 hiemo
449 1293 589 1373 quidem,
610 1293 717 1355 media
731 1294 810 1354 hora
832 1297 905 1354 ante

58 1427 60 1432 -
107 1381 186 1444 Solis
200 1399 352 1444 occasum
362 1381 423 1443 dici
434 1400 536 1460 posse,
549 1382 593 1445 ait
602 1383 684 1458 Fill.,
698 1401 736 1442 ex
745 1379 904 1442 communi

105 1470 275 1547 sententia,
296 1469 482 1531 aumatium
501 1469 701 1550 privilegium
715 1469 905 1550 quibusdam

106 1559 311 1635 coucedatur,
336 1562 373 1620 ιιι
396 1558 476 1619 hora
498 1563 571 1620 aute
595 1577 742 1620 occasum
766 1559 902 1619 dicant:

106 1647 196 1720 Quod
209 1651 320 1708 ιιιιιιι
332 1664 395 1707 ιιι
407 1647 598 1725 estsignum,
611 1647 643 1708 id
659 1648 725 1707 sine
740 1647 903 1726 privilegio

104 1737 171 1797 fieri
186 1755 264 1814 *uon
285 1753 387 1814 posse,
419 1735 493 1815 quia
515 1735 591 1798 talia
616 1753 701 1815 sape
725 1735 841 1796 dautur
863 1734 904 1796 ad

104 1825 261 1886 tollendos
275 1825 439 1902 scrupulos
459 1826 491 1884 et
512 1823 619 1900 dubia,
644 1841 714 1902 quae
730 1825 904 1901 sequuntur

104 1931 141 1974 ax
159 1913 316 1974 uarietate
336 1910 533 1990 opinionum.
561 1913 656 1975 Juxta
670 1911 814 1972 eamdem
834 1927 902 1970 sen-

103 2003 238 2064 teutiam
252 2016 316 2061 nou
334 1999 489 2079 peccabit,
511 1999 556 2062 ait
574 2001 665 2076 Bon,
684 1999 735 2078 qui
751 1998 899 2074 Primam,

103 2088 255 2164 lentiam,
271 2090 398 2150 sentam
412 2091 444 2150 et
456 2091 588 2164 Nonam,
606 2088 728 2149 duabus
740 2088 788 2148 vel
802 2087 902 2148 trihus

103 2175 188 2238 horis
204 2179 279 2255 post
293 2179 397 2238 ortum
410 2175 490 2240 Solis
506 2175 591 2253 dicit,
605 2179 672 2237 tum
688 2175 762 2254 quia
776 2178 824 2235 est
835 2191 900 2236 mo·

103 2263 215 2328 nanto
229 2267 262 2324 et
274 2268 424 2326 consueta
438 2263 640 2342 postpositio;
656 2267 723 2324 tum
738 2261 812 2342 quia
823 2265 900 2324 tcm-

102 2369 161 2430 pus
172 2369 195 2411 a
206 2351 281 2431 jure
296 2352 514 2431 praescriptum
526 2369 675 2430 magnam
689 2350 898 2427 latitudinem,

102 2442 180 2501 teste
193 2439 434 2516 cousuetudine,
449 2439 554 2510 habet
572 2439 631 2500 erit
644 2442 750 2500 tamen
764 2437 896 2513 veniale,

102 2527 293 2589 tlatutinum
311 2526 378 2588 sine
398 2543 493 2588 eausa
511 2527 552 2586 ad
566 2529 741 2604 vesperum
760 2525 896 2602 differre,

102 2615 152 2675 ιιι
173 2617 251 2675 onte
276 2613 454 2692 prandium,
480 2613 548 2674 sine
572 2619 669 2674 causa
689 2615 844 2692 vesperas
868 2605 923 2675 et'

103 2701 349 2780 Complatonum
370 2701 486 2777 dicere,
511 2701 585 2780 quia
607 2701 675 2763 haec
696 2705 754 2777 est,
776 2700 899 2762 insueta

103 2787 250 2851 inversio.
281 2790 315 2850 lu
346 2788 593 2866 Quadragesimu
622 2793 729 2850 autem
750 2789 897 2864 Vespera

102 2875 161 2954 legi
177 2879 313 2956 possunt
323 2875 471 2954 privatim
485 2882 555 2953 post
569 2875 749 2954 prandium,
761 2892 834 2937 cum
848 2893 897 2938 ru·

101 2963 189 3030 tuna
206 2965 360 3028 Breviarii
379 2965 459 3026 teria
479 2967 519 3028 lv
545 2965 693 3027 Giucrum
714 2981 776 3024 uon
797 2961 898 3042 impo-

102 3056 156 3116 nat
168 3056 384 3133 prmceptum;
405 3056 497 3130 Nav,
518 3053 647 3129 sanan,
666 3052 781 3128 1Τιιιιι.,
797 3050 827 3112 d.
846 3053 895 3126 18,

103 3143 177 3204 ιιι.

140 3251 154 3286 ι
170 3229 336 3308 marisiae
349 3249 454 3292 muca:
472 3229 584 3311 quiesi
599 3229 669 3304 iter,
686 3229 786 3290 aliave
801 3243 897 3288 eausa

102 3323 224 3398 urgeat,
240 3319 416 3382 secundum
434 3319 500 3400 Gaj.
527 3321 558 3379 et
575 3319 663 3394 alios,
681 3334 790 3380 omnes
804 3317 895 3378 llorae

102 3424 194 3470 urana
208 3406 270 3472 dici
290 3410 432 3486 possunt,
449 3425 547 3488 risque
568 3405 610 3468 ad
624 3409 778 3483 vesperos
798 3403 897 3464 inclu-

100 3493 179 3556 sive.
204 3496 347 3575 Denique
370 3496 411 3556 ad
434 3495 598 3558 vitandum
621 3494 754 3556 mortale
782 3491 898 3552 suffieit

103 3581 170 3646 diei.
188 3591 301 3646 omnes
324 3583 429 3645 media
449 3587 552 3659 noete,
578 3601 677 3662 usque
701 3581 741 3644 ad
764 3582 896 3666 aiteram

102 3667 897 3750 ιιιόιιιιιιιιιιιιιιιιιιιιιιιιιοιΜιιιιιιιιι

103 3759 203 3838 pridie
225 3760 330 3838 possit.
350 3759 526 3838 anticipari.
556 3758 646 3830 Quod
673 3759 755 3820 intra
778 3757 897 3824 dictum

100 3849 227 3925 tempus
240 3847 310 3926 quis
328 3849 429 3910 Horas
448 3865 510 3908 nou
530 3845 652 3922 dixerit,
673 3845 814 3924 peccavit
828 3842 897 3920 qui-

102 3934 185 4013 dem,
204 3951 271 3998 noo
291 3939 398 3998 tamon
419 3939 544 3998 tenetur
562 3935 763 4012 postmodum
777 3933 893 4008 dicere,

102 4023 176 4102 nuh
189 4026 264 4086 sumt
285 4041 363 4086 onus
386 4024 514 4085 affixum
538 4022 621 4094 diei;
647 4021 704 4084 etsi
720 4020 895 4100 supplendo

104 4110 211 4188 possit,
224 4111 397 4177 secuudum
409 4111 574 4190 quosdam,
586 4110 814 4173 restitutionem
825 4107 896 4171 suh-

104 4203 271 4280 terlagere,
288 4220 325 4264 eo
341 4200 425 4280 quod
444 4200 598 4279 rependat
611 4199 742 4277 sequela
759 4197 893 4273 Molles,

103 4296 125 4350 t.
141 4291 170 4366 3,
187 4297 209 4351 t.
229 4292 259 4364 2,
282 4288 358 4350 item
371 4286 496 4367 Major„
513 4285 636 4362 Palud,
652 4285 816 4361 ledesma,
834 4288 892 4345 eto.

104 4376 186 4455 apud
201 4380 312 4452 Heur„
330 4375 353 4437 l.
367 4379 415 4453 13,
432 4394 458 4436 c.
472 4377 519 4448 ι3;
537 4377 628 4449 Bou,
644 4393 673 4454 q.
686 4376 717 4449 5,
724 4392 759 4453 p.
773 4376 803 4451 ι,
820 4391 850 4432 ι.
863 4375 892 4448 5,

105 4464 156 4525 ubi
182 4464 267 4540 dicit,
294 4481 364 4525 eam
387 4461 574 4524 sententiam
598 4478 665 4522 esse
686 4459 893 4538 prohabilem,

104 4551 240 4632 citatque
250 4568 311 4632 pro
327 4569 365 4612 ea
380 4549 484 4629 Suae,
497 4554 528 4611 ct
542 4549 624 4624 loll,
641 4549 695 4608 sed
710 4549 804 4625 male,
822 4548 896 4628 quia

106 4637 196 4700 hivel
208 4641 511 4722 loquunturtantum
522 4637 560 4698 de
572 4637 672 4718 primo
683 4637 787 4698 medio
799 4653 892 4710 anuo;

107 4727 155 4788 vel
165 4735 308 4806 spectato
322 4728 389 4792 selo
405 4727 477 4809 jure
493 4731 627 4804 naturae,
643 4730 675 4787 et
692 4726 812 4787 secluso
825 4723 895 4804 jure

102 4815 248 4894 positivo.
269 4819 422 4894 Fmpresse
436 4820 542 4878 autem
557 4833 628 4876 eam
642 4814 784 4895 sequitur
803 4813 895 4886 Quin—

103 4903 183 4979 ιιι,
194 4921 217 4964 s.
229 4907 259 4972 6,
270 4908 424 4983 vocatque
433 4902 589 4964 veriorem
600 4902 803 4963 contrariam:
818 4901 895 4964 Vide

107 4987 209 5067 ulan,
222 5010 254 5072 p.
272 4997 302 5061 a,
319 5001 358 5052 tr.
375 4994 427 5059 la·
440 4991 478 5052 ι.
495 4995 545 5052 ιι.

147 5101 161 5137 ι
180 5080 244 5142 Vll.
262 5083 302 5142 Ut
312 5081 436 5157 devote,
448 5084 561 5142 etcum
575 5079 745 5142 attentione
760 5079 894 5158 interna,

104 5165 230 5228 virtuali
244 5169 356 5230 saltem
376 5168 557 5244 recitentur,
581 5167 646 5228 sivc
668 5167 708 5227 ad
729 5169 829 5228 Deum
844 5166 893 5243 sit,

109 5252 172 5315 cive
190 5257 229 5316 etl
252 5275 377 5317 sensum
391 5257 572 5331 verborum,
597 5255 674 5332 sive,
701 5259 735 5316 ut
757 5257 800 5317 ait
814 5255 894 5334 Caj.,

110 5343 148 5406 ad
161 5345 257 5410 verba
277 5347 388 5408 solum.
413 5347 513 5420 Quam
533 5347 726 5426 postremam
741 5343 894 5423 sulficere,

110 5437 191 5496 recte
205 5437 292 5499 notat
312 5437 412 5516 laesa,
436 5433 458 5497 l.
474 5437 505 5506 2,
530 5453 556 5498 c.
579 5435 629 5506 37,
653 5453 684 5499 a.
699 5435 749 5504 69,
773 5441 891 5514 etaeqp.

1696 491 1755 554 oet

960 674 1120 754 supposito
1135 679 1240 740 tanum
1251 675 1356 741 auimo
1366 675 1477 740 orandi
1487 675 1752 752 etvaoaedilloot

960 764 1043 824 unde
1058 765 1263 826 attentionem
1273 764 1446 840 confusam,
1461 765 1624 836 saltemad
1638 768 1751 842 llepm,

960 856 992 914 ct
1018 853 1059 914 ad
1084 852 1180 916 verba
1207 852 1349 929 includit,
1376 870 1450 915 cum
1477 854 1594 934 alioqui
1622 853 1752 922 attentio

959 941 1090 1018 praecise
1104 940 1145 1004 ad
1160 940 1228 1003 sola
1242 941 1349 1018 verba,
1366 940 1443 1003 nihil
1458 941 1498 1004 ab
1511 945 1642 1008 externa
1654 946 1752 1008 aten-

959 1029 1044 1091 tione
1059 1029 1183 1090 differre
1194 1027 1348 1091 videatur.
1360 1031 1408 1091 Ita
1422 1029 1630 1100 communiter
1641 1032 1753 1096 eonon

960 1119 1051 1195 Nar,
1071 1118 1160 1194 Sila,
1182 1121 1213 1180 ιι
1229 1121 1324 1196 Κοι,
1343 1119 1396 1198 qui
1413 1119 1531 1184 nullam
1547 1121 1752 1186 attentionem

959 1204 1115 1268 internam
1143 1205 1317 1284 requirtmt,
1348 1206 1404 1268 sed
1429 1210 1553 1274 tantum
1576 1211 1749 1285 extenuem,

960 1313 1030 1374 quae
1053 1293 1198 1358 excludat
1219 1311 1345 1360 amnem
1367 1294 1523 1365 actionem
1546 1295 1751 1375 incompacti*

958 1382 1054 1444 hilam
1068 1400 1140 1448 cum
1154 1382 1325 1448 attentione
1340 1381 1474 1460 interna,
1489 1383 1563 1454 lieet
1574 1383 1681 1450 aalma
1694 1401 1751 1448 vo·-

958 1470 1092 1532 luntarie
1113 1471 1195 1534 iuter
1217 1489 1256 1532 ea
1273 1470 1470 1534 distraharis.
1497 1473 1572 1544 Ouae
1595 1472 1751 1538 senteut'u

958 1559 1132 1622 secundum
1145 1562 1268 1638 haym,
1293 1581 1322 1623 a.
1341 1562 1389 1629 to,
1413 1563 1559 1638 etLess.,
1582 1581 1614 1623 ι.
1631 1565 1660 1632 3,
1686 1578 1749 1626 nou

959 1652 1006 1710 est
1032 1647 1258 1726 improbabilia,
1286 1651 1316 1710 et
1342 1647 1426 1712 utilis
1454 1651 1522 1712 tum
1545 1647 1747 1728 scrupulosis,

957 1735 1748 1813 tumconlessariis,nebeneliciatissineattontione

958 1827 1057 1888 Horas
1065 1825 1277 1902 recitantibus,
1288 1826 1422 1905 imperet
1429 1825 1661 1890 restitutionem
1668 1824 1748 1890 true

957 1915 1056 1989 tuum,
1068 1911 1183 1991 partim
1198 1913 1238 1979 ob
1252 1915 1422 1980 Doctorum
1436 1913 1748 1992 errotoritctemmar.

957 1999 1023 2077 tim,
1049 2001 1133 2080 quod
1158 2002 1219 2064 lroo
1245 2005 1401 2081 precepto
1425 2005 1548 2066 tantum
1570 2001 1748 2068 materiales

956 2088 1100 2167 quadam
1124 2107 1245 2168 preces,
1272 2107 1443 2168 earumque
1467 2093 1748 2168 externapcouuu-

955 2175 1041 2240 liatio
1067 2177 1136 2255 (per
1158 2193 1264 2256 quam,
1290 2177 1370 2238 siout
1391 2189 1449 2256 per
1470 2177 1605 2254 hymnos
1628 2193 1747 2256 organo

955 2267 1107 2341 cantatos,
1126 2267 1223 2326 aDco
1239 2264 1359 2344 aliquid
1372 2265 1513 2329 Ecclesia
1527 2269 1631 2344 potest
1647 2265 1747 2344 hupe-

953 2352 1049 2431 trarc)
1073 2353 1200 2431 precipi
1222 2352 1408 2425 videantur;
1435 2353 1560 2416 devotio
1581 2371 1656 2416 vero
1674 2356 1746 2418 ιιι-Ι

954 2457 1050 2519 quam
1063 2440 1134 2500 finis
1149 2441 1297 2520 precepti
1316 2441 1508 2516 extrinsecus
1522 2441 1563 2504 ecl
1578 2441 1744 2522 ejueau’os·

952 2528 1084 2590 tantiam
1097 2548 1159 2592 non
1174 2529 1339 2608 pertineat.
1357 2531 1475 2592 Verum
1497 2533 1606 2594 rostra
1619 2535 1756 2594 scatens.

953 2615 996 2678 tia
1006 2620 1053 2678 eet
1063 2616 1269 2693 communior,
1282 2620 1313 2678 et
1322 2617 1525 2695 probabilior,
1537 2620 1570 2680 ct
1578 2617 1741 2697 probetur:

952 2705 1018 2765 sine
1033 2705 1204 2766 attentione
1218 2705 1302 2768 enim
1316 2704 1448 2782 interna,
1466 2705 1553 2770 nulle
1566 2709 1613 2772 est
1626 2705 1741 2770 motio:

952 2811 1027 2872 ergo
1042 2793 1102 2854 hoc
1115 2792 1181 2871 ipso
1197 2792 1281 2872 quod
1300 2792 1359 2854 sub
1374 2792 1497 2860 mortali
1512 2793 1555 2854 ad
1570 2792 1743 2862 orationem

952 2880 1120 2960 obligaris;
1136 2881 1194 2942 sub
1209 2879 1332 2942 mortali
1347 2880 1423 2940 item
1438 2880 1479 2942 ad
1490 2879 1631 2960 eliceam
1643 2885 1743 2948 atten-

951 2967 1067 3032 tionem
1091 2987 1129 3030 ex
1155 2967 1316 3046 praedictis·
1344 2967 1544 3046 obligaberis.
1569 2967 1632 3030 Nec
1651 2969 1744 3049 refert

950 3057 1036 3136 quod
1050 3057 1189 3118 Ecclesia
1202 3055 1378 3136 conpescit
1387 3075 1445 3136 per
1454 3074 1488 3118 se
1502 3060 1591 3126 actuo
1602 3056 1743 3124 maanes

951 3143 1140 3225 praecipere:
1156 3153 1249 3224 potest
1263 3144 1346 3204 enim
1361 3161 1414 3209 eos
1429 3143 1744 3224 praeparauerant

951 3230 1118 3292 necessarii
1136 3231 1178 3292 ad
1200 3235 1288 3293 actus
1310 3235 1455 3314 externas
1475 3229 1579 3298 debite
1593 3234 1742 3309 praetem

951 3319 1018 3396 dos,
1045 3323 1079 3381 ut
1110 3319 1172 3380 sint
1198 3322 1287 3382 actus
1310 3317 1443 3380 virtutis.
1475 3316 1640 3391 Quomodo
1670 3331 1742 3387 cum

950 3407 1049 3487 possit
1066 3406 1238 3486 praecipere
1261 3407 1505 3484 Confessionam,
1530 3403 1742 3485 potestatium

950 3495 1180 3560 contritionem.
1211 3493 1298 3572 Dixi,
1329 3493 1405 3570 Cant
1431 3493 1587 3568 attentione
1611 3493 1739 3566 interno,

949 3582 1074 3644 virtuali
1087 3581 1210 3643 saltent:
1227 3581 1285 3643 etsi
1308 3583 1391 3642 enim
1409 3581 1520 3643 melior
1540 3581 1580 3641 sit
1598 3579 1739 3657 actualis,

950 3670 1064 3732 sufficit
1090 3674 1195 3730 tamen
1221 3669 1373 3746 virtualis,
1403 3687 1498 3748 quam
1523 3670 1602 3730 Bou.
1632 3672 1663 3730 et
1689 3667 1741 3728 alii

950 3759 1157 3824 communiter
1170 3759 1280 3822 dicunt
1288 3775 1416 3832 manere
1431 3756 1625 3832 exauctuali,
1644 3774 1742 3836 quan·

950 3849 1003 3909 diu
1019 3865 1080 3909 nou
1094 3850 1261 3908 revocatur
1275 3863 1421 3925 expresse
1435 3845 1485 3906 vel
1499 3843 1593 3907 tacite
1607 3863 1664 3923 per
1678 3843 1742 3906 dis-

948 3935 1137 4000 tractionem
1150 3933 1358 3997 voluntariam
1369 3933 1419 3995 vel
1433 3932 1675 3996 ιιιιιιιιιιιιι
1686 3932 1742 4004 ,ιιι-
1768 3989 1771 3998 ,
1813 3987 1816 3996 ,

947 4025 1015 4087 bita
1037 4022 1207 4086 attentione
1228 4020 1525 4101 incompossibilem.
1553 4019 1646 4083 ιιιιιι
1668 4020 1743 4084 licet

947 4111 1156 4176 involuntarie
1171 4111 1366 4188 distraharis,
1382 4110 1558 4172 virtualiter
1570 4113 1680 4171 tamnu
1689 4115 1743 4172 at.-

949 4199 1062 4264 tendia:
1081 4203 1109 4261 l.
1121 4199 1159 4262 ai
1174 4199 1205 4260 in
1220 4217 1337 4278 genere
1351 4199 1524 4262 intenderis
1536 4197 1742 4274 (iffroiumdir

949 4306 1021 4352 cere
1030 4289 1124 4349 modo
1135 4291 1294 4364 consueto,
1307 4287 1357 4348 vel
1367 4287 1472 4348 animo
1482 4286 1632 4348 laudandi
1642 4287 1742 4347 Deum

949 4376 998 4438 vel
1011 4373 1220 4437 satisfaciendi
1241 4379 1295 4436 tuo
1319 4374 1452 4436 muneri.
1477 4379 1507 4436 ι.
1534 4373 1566 4436 Si
1582 4393 1654 4435 oum
1668 4392 1743 4435 con·

949 4467 1018 4526 lusa
1040 4463 1146 4543 aliqua
1166 4463 1415 4543 apprehensione
1431 4466 1462 4525 et
1476 4463 1646 4542 proposito,
1664 4479 1742 4541 opus

949 4555 1133 4614 consuetum
1142 4549 1277 4618 faciendi
1290 4551 1413 4612 recitea
1426 4553 1463 4614 V.
1482 4553 1573 4630 Bon,
1584 4570 1613 4632 q.
1623 4553 1739 4650 apii,

949 4662 980 4704 ι.
996 4643 1047 4716 2l,
1063 4647 1089 4702 et
1102 4657 1180 4724 seqq.
1190 4637 1245 4701 Ει
1259 4637 1345 4702 dictis
1359 4637 1481 4702 resolve:
1726 4631 1735 4640 ”

989 4753 1003 4789 ι
1022 4731 1045 4790 Ι.
1062 4731 1091 4790 Is
1110 4729 1162 4808 qui
1178 4726 1301 4789 dubitat
1322 4727 1362 4788 ob
1384 4728 1601 4807 evagationem
1615 4727 1740 4805 ineptia

949 4837 990 4880 ιιι
1010 4816 1127 4896 aliquid
1153 4816 1302 4894 omiserit,
1328 4817 1353 4878 si
1376 4817 1571 4897 probabilem
1586 4817 1742 4896 conjectu-

949 4924 1018 4969 ram
1033 4907 1148 4968 habeat
1161 4923 1194 4967 se
1210 4905 1335 4981 dixisse,
1351 4906 1401 4967 vel
1421 4906 1495 4986 quia
1507 4905 1670 4984 proposuit
1683 4903 1743 4968 ini-

949 4996 992 5059 tio
1007 4995 1181 5064 attendere,
1197 4995 1247 5055 vel
1262 4994 1336 5075 quia
1349 5013 1382 5054 se
1395 4995 1511 5073 reperit
1525 4993 1557 5054 in
1571 4993 1643 5070 line,
1661 5011 1691 5054 v.
1706 5012 1738 5072 g.

949 5083 1072 5163 psalmi,
1089 5101 1280 5162 praesumere
1295 5086 1398 5161 potest
1420 5101 1454 5144 so
1468 5082 1595 5158 dirime,
1612 5080 1639 5144 si
1653 5100 1692 5144 cx
1705 5081 1743 5143 li?

949 5173 1006 5233 bro
1022 5172 1072 5232 vel
1086 5171 1239 5232 memoria
1257 5170 1416 5250 ceteroqui
1435 5187 1496 5232 non
1517 5185 1623 5232 errare
1636 5168 1739 5245 solita,

951 5261 1048 5320 dixit:
1065 5259 1260 5340 proindeque
1274 5259 1385 5319 melius
1402 5258 1471 5334 crit,
1488 5255 1512 5320 si
1530 5273 1592 5318 non
1608 5252 1740 5335 repetat,

950 5348 991 5408 ad
1005 5347 1149 5410 vitaudas
1164 5345 1271 5413 anxias
1293 5344 1544 5421 consuetudines,
1558 5347 1592 5411 et
1611 5360 1743 5422 scrupu-

945 5434 1008 5514 los,
1024 5437 1055 5499 nt
1078 5436 1112 5501 ut
1134 5436 1235 5506 ιιιιιι
1258 5431 1403 5504 Officium
1421 5431 1488 5508 siue
1505 5429 1742 5514 pneumon
