4056 6344
325 529 386 604 er
787 613 799 636 ⁶
978 519 1312 610 transponeres.

321 729 417 806 sila,
433 723 683 810 Eebuli2Paris„
700 725 803 800 Gara,
819 723 977 801 Menoch„
993 725 1118 804 baym,
1175 723 1365 804 signationes
1386 720 1613 783 beneficiorum
1625 719 1657 780 ilr
1673 709 1867 784 Eiretesibus
1879 721 1959 802 Epis*

326 812 435 894 Barb,
446 813 538 878 *run
553 813 593 876 Et
609 813 649 875 ad
669 813 750 874 hanc
763 812 831 874 siue
854 811 1030 892 Superioris
1044 833 1120 876 auc·
1175 829 1326 892 coporum
1340 811 1630 890 suffraganeorum,
1644 811 1755 887 besa,
1765 814 1878 892 peso.
1889 813 1959 875 Pos-

326 905 452 970 toritste
461 902 587 984 regredi
598 917 661 963 non
671 919 762 980 posse
772 903 887 965 docent
896 903 987 981 Nan,
1006 901 1116 981 Paris,
1174 903 1369 963 suutautem
1380 897 1526 982 Episcopi
1547 897 1719 962 admittere
1744 899 1959 979 resignatione

324 991 435 1073 Earb,
453 1011 490 1055 ac
510 991 664 1054 consentit
678 989 775 1069 Pirh.‚
792 988 994 1072 siresignarit
1012 1007 1119 1056 coram
1174 1009 1271 1072 puras
1291 989 1434 1052 omnium
1457 988 1593 1051 aliorum
1612 989 1859 1066 beneficiorum,
1875 989 1959 1050 etism

325 1083 416 1145 laico.
433 1081 471 1146 V.
483 1079 593 1158 boun,
608 1095 639 1162 q.
655 1081 725 1143 376.
1175 1084 1409 1142 reservatorum
1431 1079 1544 1157 Papa,
1571 1080 1717 1159 quamvis
1740 1078 1811 1138 hacc
1829 1078 1959 1138 conferre

243 1177 300 1236 ‘rost
365 1171 427 1249 56.
438 1169 500 1232 Per
513 1168 714 1248 Superiorem
724 1167 776 1229 hic
787 1167 972 1250 intelligitur
984 1169 1050 1248 ille,
1064 1171 1118 1251 qui
1175 1186 1238 1229 non
1256 1167 1376 1247 possint
1393 1187 1400 1229 ε
1417 1167 1493 1227 item
1505 1169 1757 1245 patronetorunr,
1774 1169 1806 1228 et
1819 1165 1961 1228 ¹elective·

322 1257 422 1322 habet
454 1261 643 1337 potestatem
677 1255 870 1319 ordinariam
899 1257 1121 1321 beneficiatum
1175 1273 1256 1333 rum,
1273 1257 1383 1319 saltem
1398 1255 1567 1317 accedente
1582 1271 1737 1317 consensu
1751 1259 1958 1336 patronemm,

323 1346 505 1409 removendi
521 1345 561 1408 ab
575 1345 635 1406 hoc
648 1345 822 1421 beneficio;
839 1346 922 1408 banc
937 1351 1120 1409 autemnon
1177 1351 1207 1408 et
1220 1347 1409 1424 Electorum,
1424 1345 1599 1407 secundum
1620 1345 1737 1409 dictas
1756 1361 1789 1406 n.
1805 1345 1877 1407 916.
1893 1343 1960 1406 Vide

321 1436 441 1499 babent
451 1453 560 1498 omnes
569 1435 744 1514 collatores,
767 1451 826 1497 nec
840 1436 982 1515 deputati
992 1437 1035 1498 ad
1048 1453 1121 1516 pro·-
1176 1436 1272 1497 etiam
1285 1435 1391 1512 Leon,
1408 1453 1439 1516 q.
1458 1435 1527 1496 387.

325 1523 499 1586 videndum
514 1522 553 1583 de
567 1523 727 1584 beneflciis
741 1525 916 1598 vacaturis3
934 1525 1031 1588 Nicol.
1049 1534 1071 1587 t.
1090 1529 1118 1603 l,
1215 1525 1234 1603 ξ
1248 1527 1296 1586 10.
1308 1523 1452 1586 vicarius
1464 1523 1612 1604 Episcopi
1622 1541 1686 1587 uon
1701 1529 1807 1605 potest
1820 1523 1887 1586 sine
1900 1541 1961 1602 spe-
1980 1535 2016 1584 ser

327 1610 360 1674 d.
374 1615 405 1689 9,
421 1611 595 1691 §tostii
612 1611 702 1674 Unde
717 1629 779 1673 nou
799 1617 847 1673 est
863 1629 974 1674 verum
997 1614 1121 1676 univer·
1175 1611 1246 1674 ciali
1272 1613 1420 1674 mandato
1444 1612 1526 1672 banc
1550 1616 1739 1690 potestatem
1762 1613 1959 1676 determinate

324 1699 443 1778 salites,
460 1699 556 1781 quod,
579 1700 730 1778 adquam
749 1701 886 1780 pertinet
899 1701 1064 1779 institutio,
1080 1699 1121 1763 ad
1176 1701 1369 1780 exprimente
1382 1699 1521 1780 recipere
1542 1700 1792 1780 resignationes;
1809 1705 1912 1780 polest
1923 1705 1959 1764 tr·

231 1793 238 1810 ‘
325 1790 415 1851 illum
436 1792 557 1868 spectet
570 1789 665 1850 etiam
688 1789 866 1868 destitutio,
887 1789 946 1851 nisi
966 1790 1120 1853 institutio
1176 1803 1248 1850 men
1262 1789 1435 1868 Episcopus
1454 1788 1487 1849 id
1502 1789 1560 1868 ipsi
1574 1789 1786 1851 committere.
1808 1789 1849 1850 V.
1864 1789 1958 1864 bear,

323 1875 365 1941 ad
378 1897 451 1940 eum
465 1876 619 1956 pertineat
631 1875 703 1958 jure
721 1879 927 1939 communiet
949 1879 1119 1957 ordinario,
1175 1897 1206 1960 p.
1222 1879 1291 1956 339,
1302 1877 1354 1939 ubi
1370 1877 1466 1939 etiam
1476 1877 1543 1956 agit
1556 1875 1595 1938 de
1606 1876 1961 1939 Cosdmiuislrationibus

322 1965 549 2036 nonautemsi
564 1967 875 2047 tantumprivilegio,
892 1967 1121 2030 velconsuetu-
1174 1967 1422 2046 Episcoporum,
1450 1966 1501 2027 val
1534 1965 1667 2027 Vicariis
1699 1964 1912 2043 Apostolicis,
1939 1972 1961 2024 et

326 2056 411 2132 dine,
428 2053 527 2116 Paris.
550 2057 655 2116 Luca:
681 2054 777 2117 habet
788 2059 895 2118 tamen
914 2056 1029 2135 praxis,
1041 2061 1120 2119 teste
1175 2077 1205 2138 q.
1222 2057 1290 2132 390,
1307 2055 1347 2116 de
1357 2053 1545 2135 Coadjutorc
1559 2052 1717 2132 Episcopi.
1731 2051 1863 2114 Nullum
1871 2059 1960 2116 aulen

326 2147 436 2224 Laym.
454 2147 485 2206 et
507 2142 607 2221 Pirh.‚
626 2147 661 2206 ut
683 2143 860 2224 Capitulum
881 2145 1027 2207 admittat
1043 2145 1121 2208 resi·
1176 2143 1363 2224 Capitulum,
1385 2142 1572 2224 regulariter
1590 2141 1764 2222 loquendo,
1781 2143 1960 2221 potestssde

326 2233 490 2312 gnatioues
513 2231 738 2294 beneficiorum
758 2233 959 2312 simplicium,
985 2247 1121 2314 quorum
1175 2233 1418 2314 plenarecipere
1433 2231 1959 2312 resignationes,Abb.lnn.,Pc1it

320 2321 423 2384 babet
434 2321 633 2383 collationem
645 2319 941 2402 independenterab
951 2323 1117 2403 Episcopo;
1176 2321 1274 2400 Pirh.‚
1287 2321 1430 2402 quamtis
1440 2321 1537 2382 etiam
1547 2339 1604 2402 per
1614 2319 1831 2401 privilagium,
1844 2321 1962 2382 velcon·

325 2411 364 2474 V.
380 2413 486 2488 Lena,
501 2429 531 2492 p.
548 2413 619 2487 378,
635 2412 704 2472 395.
720 2411 861 2489 Quodsi,
878 2430 908 2473 r.
921 2429 967 2490 g.,
984 2410 1120 2491 dignitas
1175 2411 1375 2472 suetudinem
1391 2409 1525 2472 baberet
1540 2413 1730 2490 potestatem
1743 2407 1961 2472 instituendiet

323 2499 507 2579 ¹acquiratur
520 2513 578 2578 per
597 2499 781 2561 electionem
796 2499 941 2579 Capituli,
961 2517 1031 2580 quae
1045 2518 1121 2562 cou-
1175 2499 1377 2566 destituendi.
1394 2498 1439 2560 uti
1450 2501 1650 2577 putatbuca;
1665 2502 1808 2560 attamen
1819 2499 1962 2573 Paris.,et

324 2586 444 2650 firmari
465 2588 560 2650 debet
582 2605 640 2667 per
661 2589 872 2667 Episcopum,
896 2589 1023 2651 videtur
1043 2587 1121 2651 resi-
1175 2587 1275 2666 Pirh.‚
1304 2591 1426 2667 putant,
1457 2589 1483 2648 si
1505 2587 1643 2650 baberet
1670 2590 1864 2667 potestatem
1887 2585 1961 2646 insti·

319 2677 453 2756 guanda
465 2677 498 2737 in
517 2693 629 2737 manus
652 2675 796 2756 Capituli,
820 2676 895 2756 quia
913 2676 1042 2738 obtenta
1062 2677 1120 2739 luit
1174 2676 1294 2755 tuendi,
1312 2680 1343 2738 et
1358 2675 1560 2754 destituendi,
1576 2694 1668 2757 posse
1684 2677 1781 2737 etiam
1790 2673 1961 2754 resignabo

323 2765 354 2826 vi
369 2763 528 2827 electionis
542 2763 687 2844 Capituli,
701 2765 937 2827 etconllrmatio
951 2763 1028 2826 nihil
1039 2765 1120 2846 juris
1175 2783 1231 2826 nes
1248 2763 1400 2844 recipere.
1426 2765 1507 2826 Sede
1525 2767 1659 2826 vacante
1678 2767 1784 2843 potest
1801 2762 1961 2842 capitulum

324 2853 472 2929 addebat,
496 2850 552 2913 sed
565 2855 692 2914 tantum
704 2851 807 2933 majus
827 2854 926 2915 robur
949 2873 956 2914 :
980 2857 1119 2916 attamen
1174 2855 1314 2933 recipere
1350 2853 1579 2934 resignationes
1615 2871 1711 2933 puras
1746 2851 1962 2914 beneficiorum

325 2941 392 3002 vidi
410 2941 505 3003 etiam
525 2940 703 3020 oppositum
725 2941 803 3019 fieri,
829 2945 861 3004 et
874 2942 1120 3022 resignationem
1174 2942 1386 3022 spectantium
1400 2942 1441 3003 ad
1455 2942 1655 3006 collationem
1665 2941 1762 3002 etiam
1777 2940 1877 3002 solius
1889 2937 1962 3016 Epis.
2017 2971 2018 3030 3

318 3029 418 3092 talem
430 3029 552 3094 admitti
568 3030 609 3090 ab
622 3031 788 3110 Episcopo.
1175 3031 1259 3111 copi,
1283 3031 1405 3109 Parin,
1434 3031 1558 3110 Sbroz,
1585 3033 1708 3107 Coras,
1735 3032 1846 3108 Aaou„
1872 3029 1960 3100 Cam,
2017 3041 2018 3062 ³

244 3143 295 3193 ιω,
362 3117 692 3202 §tllcsignatiolieri
706 3121 883 3197 nonpotcst
897 3121 1116 3200 corambaico,
1173 3121 1282 3196 Barb,
1300 3122 1414 3198 Casta,
1435 3120 1551 3198 partim
1571 3122 1682 3181 contra
1699 3117 1841 3195 llebuli'„
1863 3117 1962 3190 Paria,

322 3225 348 3268 c.
361 3206 449 3282 Quod
462 3208 495 3268 ia
509 3205 620 3284 datiis,
637 3203 673 3267 de
682 3215 799 3268 rotant.
817 3205 946 3270 Etiamsi
962 3207 1003 3270 sit
1015 3213 1118 3289 patro·
1172 3212 1310 3288 haym,
1340 3207 1453 3287 Pirh.‚
1486 3207 1519 3269 id
1547 3207 1750 3270 admittentes
1784 3210 1909 3268 tantum
1931 3204 1963 3266 ds

323 3315 382 3358 nus
399 3295 558 3370 beneficii;
575 3294 671 3372 Abb,
688 3295 800 3372 Paria,
816 3295 924 3372 Barb.,
942 3296 1026 3357 Pirh.
1047 3295 1119 3358 Lai·
1173 3297 1334 3360 beneficiis
1348 3297 1563 3377 spectantibus
1581 3295 1623 3360 ad
1644 3295 1872 3358 simultaneam
1882 3295 1963 3356 colla·

316 3401 377 3446 ¹cus
399 3388 505 3446 taruco
528 3403 559 3446 v.
587 3401 633 3462 g,
658 3382 826 3460 Notarius,
852 3388 954 3463 potest
978 3384 1118 3463 recipere
1173 3387 1293 3449 tionem
1314 3385 1461 3465 Episcopi
1476 3390 1508 3448 et
1532 3384 1686 3467 Capituli,
1709 3389 1742 3446 et
1764 3385 1804 3446 de
1827 3385 1883 3456 eis,
1905 3399 1962 3464 qus

315 3487 522 3549 consensum,
537 3471 596 3534 sed
612 3489 675 3533 non
689 3472 895 3550 auctorizare,
912 3475 1004 3551 Nam,
1017 3473 1115 3535 Paris.
1173 3477 1374 3555 resignantur
1388 3475 1420 3536 in
1443 3492 1586 3554 peenam;
1615 3474 1732 3554 partim
1746 3477 1861 3535 contra
1882 3471 1962 3534 11031-

321 3563 430 3624 Posset
443 3562 538 3624 etiam
559 3559 657 3622 laicus
679 3577 717 3622 ex
736 3561 900 3641 privilegio
926 3563 1020 3642 Papae
1043 3560 1119 3624 resi·
1173 3565 1254 3627 niac.
1278 3568 1310 3625 et
1329 3563 1407 3626 alios
1421 3563 1453 3624 id
1468 3562 1611 3624 absolute
1625 3561 1839 3625 concedentes
1852 3565 1960 3624 mauu

325 3650 509 3730 gestionem
522 3649 673 3728 recipere.
691 3649 808 3721 Paris.;
825 3651 933 3727 Leon,
949 3669 978 3732 q.
998 3653 1070 3713 379.
1173 3653 1337 3734 resignatis
1351 3651 1589 3733 permutationis
1602 3669 1699 3713 causa
1715 3651 1791 3713 :sed
1808 3650 1962 3714 rationes

240 3773 296 3820 ,Μ
358 3737 419 3818 ἕθ.
436 3736 569 3799 Nonnisi
584 3757 604 3798 a
619 3737 707 3816 Papa
720 3737 842 3800 admitti
858 3741 963 3817 potest
976 3737 1119 3818 resigna-
1171 3745 1223 3804 tra
1236 3747 1293 3820 est,
1315 3742 1390 3822 quia
1410 3741 1583 3821 capitulum
1605 3741 1748 3804 succedit
1759 3743 1917 3824 Episcopo
1936 3741 1960 3802 iu

320 3829 365 3891 tio
391 3826 629 3903 Cardiualatus,
654 3825 909 3904 Patriarcbatus,
934 3827 1115 3907 Primatus,
1173 3829 1330 3906 omnibus,
1357 3847 1426 3910 qua
1452 3833 1526 3890 sunt
1542 3829 1772 3910 jurisdictionis
1791 3830 1958 3903 ordinaria,

322 3915 650 3995 ilrohiepiscopatus,
690 3913 931 3993 Episcopatus,
973 3915 1117 3978 beneficii
1173 3921 1285 3981 saltem
1300 3918 1564 3996 necessariae,nisi
1580 3933 1727 3998 expresse
1741 3917 1960 4000 excipiantur
2015 3933 2016 3936 ’

324 4003 472 4084 exempti,
486 4003 680 4084 dignitatum
694 4003 917 4084 primariorum
930 4007 1003 4083 post
1016 4005 1118 4069 Ponti·
1169 4007 1256 4089 jure:
1273 4006 1458 4069 bmcautem
1467 4011 1608 4086 poteslas
1620 4013 1668 4069 est
1673 4007 1907 4088 jurisdictionis
1917 4025 1958 4070 cr·

313 4089 446 4156 -llcslem
466 4092 499 4152 in
513 4085 771 4180 *Cathedralibua
796 4097 829 4153 et
850 4091 1072 4172 principalium
1085 4093 1118 4154 in
1174 4096 1303 4158 dinarios
1318 4095 1558 4170 etneccssariae;
1581 4097 1678 4160 debet
1690 4097 1778 4158 euim
1797 4097 1958 4192 resignatio

324 4181 512 4261 Collegiatis,
529 4181 603 4261 quia
616 4180 729 4242 barum
744 4179 980 4260 dispositionem
994 4183 1052 4244 sibi
1069 4201 1119 4244 re-
1173 4178 1256 4239 lacta
1270 4196 1308 4237 ex
1322 4175 1409 4257 justa
1433 4193 1530 4238 causa
1543 4176 1660 4256 recipi,
1685 4195 1745 4239 uec
1764 4179 1924 4258 excipitur
1945 4195 1960 4236 a

320 4270 630 4350 sermnitl'apaper
650 4268 722 4350 sep.
740 4268 1115 4334 attrectassent.
1169 4264 1960 4347 jure:ergo.llonridetnrtameuCapitulumrs·
2014 4285 2015 4318 1

322 4359 428 4436 Lena,
444 4375 474 4440 p.
495 4359 563 4420 383.
588 4357 725 4438 Excipe,
744 4357 802 4418 uisi
821 4357 1043 4439 privilegium,
1067 4359 1118 4420 vel
1173 4354 1277 4434 cipere
1317 4371 1413 4434 posse
1459 4355 1686 4434 resignationes
1725 4357 1958 4436 permutationis
2013 4339 2015 4434 1

316 4445 517 4510 consuetudo
528 4445 618 4509 aliud
632 4446 758 4509 babeat.
779 4446 867 4508 ldem
887 4448 927 4509 ad
943 4449 1044 4509 solum
1059 4447 1118 4509 Pa·
1174 4461 1280 4518 causa,
1292 4441 1352 4503 uisi
1363 4458 1484 4518 eorum,
1496 4441 1733 4520 beneficiorum,
1744 4459 1818 4524 quse
1833 4445 1961 4507 conform

322 4551 398 4616 pam
417 4539 538 4614 spectat
559 4535 725 4596 admittere
746 4535 991 4615 resignationem
1014 4536 1118 4599 Abba·
1173 4535 1278 4609 potest
1291 4531 1402 4592 saltem
1417 4546 1489 4592 cum
1501 4530 1676 4610 Episcopo,
1702 4533 1779 4612 quia
1806 4551 1882 4595 cum
1901 4547 1962 4614 per·

321 4625 459 4700 tiarum,
480 4627 513 4685 et
534 4623 746 4700 prioratuum,
771 4639 906 4704 quorum
929 4624 1055 4686 collatio
1077 4624 1118 4686 ad
1172 4619 1379 4681 mutationem
1402 4619 1572 4683 comitetur
1598 4614 1738 4699 collatio,
1761 4621 1891 4684 sibam
1908 4635 1960 4682 nou

322 4709 425 4790 ipsum
451 4715 582 4791 spectet,
611 4711 672 4788 Gt,
704 4713 829 4789 lamb,
858 4713 965 4787 Leon,
987 4733 1017 4795 p.
1045 4715 1115 4790 396,
1172 4707 1270 4786 possit
1281 4707 1383 4768 lacere
1398 4707 1590 4788 Capitulum,
1607 4713 1666 4769 uec
1682 4709 1802 4787 poterit
1818 4711 1914 4773 illam.
1928 4709 1958 4769 l.

323 4814 417 4878 quem
431 4799 503 4861 ride
517 4799 607 4876 ibid,
620 4799 726 4879 quoad
746 4799 991 4880 resignationem
1008 4802 1118 4864 talium
1173 4799 1279 4873 Leon,
1294 4815 1324 4876 q.
1345 4798 1414 4858 391.

316 4888 563 4968 praelaturarum
574 4887 782 4969 regularium,
793 4904 927 4968 quarum
938 4889 1061 4953 collatio
1076 4891 1117 4952 ad
1211 4885 1230 4964 ἓ
1247 4887 1295 4946 11.
1312 4885 1457 4965 Episcopi
1472 4888 1605 4964 possunt
1625 4884 1657 4947 in
1672 4886 1758 4948 omni
1783 4905 1894 4951 mense
1914 4885 1960 4950 ad

323 4977 444 5058 Papam
459 4993 521 5038 non
535 4981 669 5057 spectat.
687 4977 787 5050 Quam
802 4982 990 5056 potestatem
1003 4977 1118 5042 admit-
1176 4974 1300 5036 mittere
1310 4974 1549 5053 resignationes,
1566 4979 1598 5038 et
1607 4985 1670 5037 uon
1684 4975 1885 5039 obstantibus
1898 4991 1960 5038 cou-

322 5063 408 5127 tendl
435 5065 678 5146 resignationem
705 5065 843 5127 babeant
863 5065 1061 5142 Cardiuales,
1086 5071 1118 5129 et
1173 5061 1309 5125 cordatis
1344 5064 1487 5126 conterre
1519 5065 1673 5127 beuelicia
1704 5065 1869 5147 resignata
1900 5078 1958 5147 qne

322 5153 1004 5237 Legatialatere,relertbeur.,q.3tt,385,
1022 5173 1117 5237 quam
1172 5151 1234 5213 alia
1265 5154 1339 5213 sunt
1364 5169 1429 5214 sue
1462 5152 1658 5232 collationis,
1687 5153 1734 5217 uti
1768 5154 1889 5217 dictum
1921 5154 1957 5213 est

324 5243 462 5305 babeant
475 5243 624 5319 Abbates,
641 5243 813 5324 Praepositi,
830 5245 945 5306 Decaui
962 5248 1021 5307 etc.
1038 5245 1117 5307 ltem
1171 5261 1252 5303 aum.
1278 5243 1349 5304 511.

317 5332 478 5394 auditores
493 5333 592 5410 Rotae,
607 5333 728 5395 Notarii
744 5332 925 5413 Apostolici,
945 5335 1004 5396 etc.
1021 5332 1117 5395 refert
1213 5329 1321 5405 Oaoest.
1342 5333 1411 5392 119.
1427 5358 1468 5378 -——
1490 5330 1567 5407 (totas
1577 5349 1680 5394 comos
1692 5333 1829 5417 reperiret
1841 5333 1955 5413 mbas·
1971 5345 2002 5396 11

320 5437 352 5500 p.
370 5419 440 5496 993,
456 5429 485 5481 et
506 5437 585 5502 seqq.
1171 5418 1237 5482 tio?
1252 5421 1288 5482 a.
1304 5419 1365 5500 §t
1383 5421 1532 5494 Quamvis
1556 5419 1669 5503 Engel,
1685 5423 1773 5487 dicat
1787 5423 1882 5486 bodie
1894 5437 1954 5484 cor·

237 5537 291 5584 40„
346 5507 364 5588 ᾗ
379 5507 411 5570 9.
421 5505 690 5592 archiepiscopus
700 5527 762 5573 nos
771 5513 876 5591 potest
885 5509 1052 5578 admittere
1066 5529 1117 5575 re·
1170 5509 1370 5575 suetudinem
1379 5509 1563 5594 obtinuisse,
1578 5509 1696 5575 utsirre
1708 5528 1810 5580 causa
1822 5511 1953 5599 parim
