4120 6348
620 480 671 544 DE
692 479 911 546 BENEFIOEIS
932 481 1258 546 mcbdsmsrlcls
1700 485 1761 548 523

85 660 348 745 jurisdictionis
373 665 551 744 ordinariae,
577 667 721 747 quamvis
745 673 833 730 extra
850 672 914 732 ten·
972 670 1046 750 quia
1066 669 1238 749 Episcopus
1262 672 1396 749 negetur
1419 668 1587 747 resedisse,
1615 673 1647 732 et
1669 668 1769 734 'titius

89 749 200 812 minos
215 749 383 814 dioeeesis
396 771 473 816 suae.
490 755 568 818 Vide
583 758 689 832 Leun,
704 776 734 818 n.
752 759 781 818 8.
969 757 1009 818 ab
1024 757 1189 836 Episcopo,
1207 757 1260 840 qui
1289 758 1403 820 dicitur
1429 758 1594 834 resedisse,
1624 757 1706 820 Titio
1722 756 1769 820 in·

26 838 64 886 tre
130 839 198 918 §5-
219 839 256 902 Si
289 839 471 920 Episcopus
491 862 552 904 non
578 845 714 907 resideat
736 843 835 923 initio,
861 850 915 910 aut
969 845 1091 908 cumbit
1118 845 1255 924 probare
1288 848 1373 927 qued
1406 847 1578 926 Episcopus
1605 845 1766 923 resederit,

90 931 247 1008 acceptet
279 929 510 994 alternativam
539 937 609 1012 post
636 932 758 994 initium
785 933 911 1010 mensis,
971 932 1047 1013 quia
1062 934 1132 995 vult
1150 933 1289 1012 gaudere
1304 935 1467 1015 privilegio
1481 934 1675 998 residentia:
1692 951 1769 1013 ergo

89 1020 158 1080 toto
172 1033 299 1076 mense
318 1035 385 1078 non
400 1018 512 1080 fruitur
522 1020 697 1100 privilagio,
715 1020 789 1100 quia
798 1021 914 1083 mensis
968 1019 1308 1101 debathanoprobare,
1319 1041 1420 1102 neque
1432 1023 1499 1104 ejus
1509 1023 1769 1102 praesumitEpis-

90 1105 195 1168 semel
225 1107 442 1184 Apostolious
469 1127 596 1187 semper
623 1114 670 1170 est
689 1110 781 1183 talis;
803 1111 910 1190 Barb,
968 1125 1088 1187 copum
1106 1127 1233 1190 semper
1249 1130 1322 1173 rere
1338 1131 1375 1173 sc
1389 1110 1594 1192 personaliter
1616 1111 1765 1189 residere,

90 1197 185 1271 Luc,
204 1193 239 1255 d.
268 1197 328 1274 19,
347 1216 378 1259 n.
395 1201 413 1260 5
430 1218 438 1271 ;
455 1201 551 1277 Lett,
569 1198 591 1261 l.
615 1202 645 1276 2,
661 1220 691 1282 q.
707 1202 793 1277 40,o
814 1219 844 1262 n.
860 1204 911 1278 bt,
968 1214 1040 1258 cum
1068 1216 1151 1278 saepe
1181 1198 1299 1262 habeat
1325 1219 1436 1262 causas
1464 1201 1634 1275 absentiae,
1659 1203 1765 1278 Gara„

92 1286 356 1363 contradens„
380 1288 470 1364 Garz,
487 1289 642 1367 (testrep,
659 1308 689 1350 a.
706 1292 736 1351 6.
754 1289 785 1352 si
807 1293 913 1351 autem
969 1287 1078 1362 Gonn,
1091 1289 1206 1364 Ceste,
1226 1289 1324 1365 Luca,
1338 1292 1446 1366 Leun,
1462 1309 1492 1370 q.
1509 1293 1579 1351 art.

91 1371 239 1434 resideat
254 1373 357 1436 initio
367 1374 494 1452 mensis,
507 1381 538 1438 et
548 1396 609 1438 non
625 1381 745 1456 postea,
762 1378 821 1440 hoc
835 1381 912 1440 tem·
1006 1375 1063 1452 59.
1075 1375 1273 1438 Alternativa
1282 1385 1384 1439 cessat
1396 1399 1403 1440 :
1415 1383 1443 1440 l.
1456 1381 1517 1440 Per
1527 1382 1662 1441 mortem
1672 1378 1766 1458 Papae
1794 1379 1835 1427 ⁴⁸³

93 1479 323 1542 persequens
339 1467 386 1526 est
399 1465 612 1544 Apostolicum
622 1486 630 1539 ;
642 1468 737 1542 Luca,
754 1485 785 1526 a.
795 1469 853 1528 set
864 1470 909 1530 18.
966 1464 1016 1523 vel
1028 1464 1186 1542 Episcopi,
1205 1466 1250 1528 ita
1265 1471 1375 1530 utnon
1389 1471 1529 1529 transeat
1545 1466 1586 1527 ad
1604 1485 1767 1529 successo-

92 1551 210 1612 Volide
225 1555 349 1612 tamen
364 1553 495 1614 contulit
508 1571 566 1632 pro
580 1557 721 1634 tempore
736 1554 831 1617 habili
848 1573 911 1636 quo
966 1567 1044 1611 rem.
1067 1553 1097 1611 2.
1110 1552 1142 1613 Si
1158 1551 1329 1632 Episcopus
1344 1558 1483 1616 transeat
1508 1555 1548 1614 ad
1573 1555 1669 1616 aliam
1685 1553 1767 1616 dioe·

94 1637 229 1702 resedit.
247 1639 340 1701 vide
355 1643 461 1718 Leun,
479 1661 509 1703 n.
525 1645 544 1704 5
560 1651 587 1703 et
601 1647 631 1704 6.
966 1637 1072 1698 cesim.
1093 1641 1123 1700 3.
1141 1639 1173 1702 Si
1184 1641 1355 1721 Episcopus
1365 1642 1543 1706 declaretur
1555 1661 1589 1704 se
1599 1643 1765 1706 immisisse

31 1737 69 1783 m
133 1727 200 1806 §a
218 1727 430 1791 Alternativa
440 1732 622 1794 conceditur
630 1732 702 1794 solis
709 1732 909 1810 Patriarcnis,
967 1723 999 1786 in
1015 1743 1139 1788 mensas
1162 1729 1303 1807 Papales,
1320 1734 1376 1792 aut
1395 1731 1596 1810 impedivisse
1611 1731 1766 1811 provisio·

95 1815 370 1896 nichiepiscopis
385 1823 416 1878 et
434 1818 606 1898 Episcopis,
624 1839 686 1881 non
706 1824 810 1882 autem
835 1820 911 1881 infe·
970 1831 1028 1874 nes
1044 1815 1185 1894 Papales.
1215 1820 1244 1878 l.
1262 1816 1294 1878 Si
1316 1817 1488 1896 Episcopus
1501 1819 1660 1881 renuntiet
1673 1823 1766 1882 etre-

95 1903 241 1966 rioribus
267 1905 428 1982 Prrelatis,
455 1925 513 1969 nec
539 1907 717 1970 Cathedrali
746 1909 908 1988 Capitulo;
973 1900 1130 1962 nussiifliiO
1153 1902 1193 1965 Sil
1212 1908 1371 1983 accepia&
1397 1905 1506 1984 Papa;
1525 1907 1679 1986 Casmil-2
1694 1908 1714 1986 5
1730 1911 1761 1986 5,

97 1993 212 2072 (ione,
229 1995 347 2070 eam,
371 1995 526 2073 Gestmp,
548 1998 644 2071 Luca,
660 1999 766 2074 Lena,
783 2017 813 2078 q,
837 1997 909 2058 570.
968 2009 1000 2050 n.
1022 1992 1051 2051 3.
1081 1992 1198 2052 Natant
1221 1996 1327 2054 autem
1352 1994 1461 2069 Gonn,
1486 1995 1574 2056 Garz.
1599 1997 1631 2056 et
1653 1994 1716 2071 alii,
1738 1995 1764 2056 si

96 2083 212 2162 estque
237 2100 304 2161 pro
326 2081 400 2144 solis
421 2080 580 2145 beneficiis
593 2083 701 2146 liberae
725 2083 911 2148 conditionis
966 2077 1139 2158 Episcopus
1160 2097 1197 2139 ex
1219 2079 1399 2158 ignorantia
1426 2081 1581 2161 probabili
1596 2081 1764 2161 provideat

97 2169 139 2232 ed
153 2188 210 2232 eos
226 2169 434 2250 pertinentis,
447 2189 516 2250 quae
532 2172 650 2234 scilicet
662 2191 725 2235 non
739 2174 910 2234 conferun—
964 2163 1117 2228 beneficia
1126 2173 1296 2246 reservata,
1312 2187 1373 2231 non
1384 2171 1528 2232 amittere
1540 2171 1762 2234 alternativam

97 2259 150 2320 tur
163 2276 227 2336 per
249 2259 543 2337 presentationem,
556 2260 752 2338 electionem,
769 2262 911 2325 simulta-
965 2253 1040 2334 quia
1067 2254 1134 2318 haee
1161 2275 1256 2338 poena
1279 2259 1435 2337 supponit
1461 2278 1591 2340 gravem
1624 2259 1760 2340 culpam·

98 2347 432 2424 ueamccllationem,
450 2346 613 2408 consilium
629 2348 678 2410 vel
698 2349 910 2411 interventum
964 2343 1043 2406 Vide
1053 2347 1159 2420 Leur.,
1175 2366 1205 2428 p.
1222 2349 1292 2423 583,
1305 2356 1334 2410 et
1346 2367 1425 2430 seqq.

99 2433 251 2508 alterius3
268 2437 385 2510 Gona,
399 2435 502 2510 sarz,
516 2435 672 2515 (testrep,
689 2437 788 2514 Ghok,
800 2439 907 2514 Leuc,
1005 2433 1085 2511 §¹0-
1107 2437 1167 2496 Pro
1183 2437 1259 2498 urbe
1283 2437 1457 2499 Coloniensi
1473 2438 1518 2499 sic
1538 2438 1658 2502 habent
1680 2440 1760 2501 Gon·
1789 2441 1831 2490 Μ

99 2539 130 2602 q.
145 2524 220 2599 581,
238 2525 275 2584 et
289 2522 363 2584 ideo
377 2541 409 2584 n.
425 2523 494 2599 333,
520 2522 583 2583 dixi
609 2523 827 2586 alternativam
847 2542 908 2586 non
963 2519 1103 2598 cordata,
1119 2525 1154 2584 ut
1167 2541 1239 2584 cum
1250 2525 1335 2602 Papa
1344 2524 1488 2594 alternet,
1501 2543 1564 2588 non
1578 2526 1760 2606 Archiepie·

101 2607 221 2670 habere
241 2608 355 2670 locum
369 2609 401 2670 in
417 2614 584 2688 patronatu
605 2611 713 2688 mixto,
729 2611 802 2675 licet
824 2613 909 2674 solus
964 2627 1071 2689 copus,
1089 2609 1144 2670 sed
1158 2610 1282 2690 singula
1304 2610 1458 2690 capitula,
1483 2630 1553 2692 quer
1568 2611 1688 2676 hebent
1701 2616 1758 2676 lle·

100 2697 335 2760 Eeclesiaticus
348 2715 406 2776 per
417 2698 517 2760 vicem
532 2718 622 2762 suam
633 2706 801 2780 praesentet
811 2721 819 2775 ;
831 2704 908 2764 atta·
962 2698 1135 2777 bruerium,
1147 2700 1300 2779 Aprilem,
1311 2687 1453 2779 Iunium,
1465 2704 1654 2782 Augustum,
1666 2704 1757 2766 Octo·

102 2803 175 2846 men
190 2786 298 2849 habet
321 2787 426 2849 locum
445 2787 477 2849 in
500 2789 671 2868 beneficiis,
689 2809 758 2872 quae
773 2790 908 2854 conferri
962 2786 1063 2864 brem,
1090 2788 1297 2850 Decembrem
1314 2808 1322 2862 ς
1339 2792 1426 2869 Papa
1452 2807 1527 2852 raro
1553 2808 1608 2852 sex
1634 2806 1761 2852 menses

102 2872 224 2938 debent
239 2879 340 2940 eertae
364 2875 491 2940 familiae
510 2878 560 2940 vel
574 2886 659 2941 certo
674 2881 783 2960 generi
805 2880 908 2942 homi·
962 2876 1363 2957 suestranscripsitpartim
1374 2879 1632 2959 Arcbiepiseopo,
1644 2880 1761 2959 partim

105 2980 192 3041 num,
210 2965 306 3026 verbi
317 2965 429 3045 gratia,
442 2967 543 3029 Nobili
554 2987 562 3041 ;
573 2969 682 3045 Gonn,
693 2971 796 3047 (iarn,
809 2972 905 3032 Luca.
961 2963 1176 3042 Universitati,
1193 2965 1237 3028 ita
1250 2970 1285 3029 ut
1308 2967 1340 3029 hi
1356 2968 1451 3030 etiam
1474 2969 1629 3030 alternent
1645 2970 1677 3030 et
1699 2970 1761 3032 Ar·

103 3051 182 3114 ltem
196 3053 230 3113 in
247 3053 371 3116 curatis
383 3059 414 3118 et
427 3055 779 3135 parochialibus3Leur.
790 3076 905 3138 supra;
969 3052 1189 3133 chlepiscopus
1217 3055 1333 3120 habeat
1358 3057 1554 3134 ianuarium,
1583 3055 1702 3121 Maium
1729 3063 1762 3124 u

105 3139 252 3220 quamvis
272 3145 362 3222 Papa
385 3143 417 3204 in
441 3143 491 3206 bis
515 3145 699 3222 dissimulet,
727 3163 907 3226 supponens
962 3142 1190 3222 Septembrem,
1208 3144 1403 3207 Universitas
1417 3151 1524 3209 autem
1534 3146 1760 3227 Martiumdu·

106 3231 212 3292 omnic
226 3231 367 3293 conferri
382 3249 440 3312 per
454 3251 652 3296 concursum.
677 3238 756 3298 Item
771 3236 907 3297 alterna-
959 3231 1037 3294 lium
1049 3234 1081 3292 et
1094 3231 1314 3307 Nouembrem,
1330 3233 1362 3294 in
1381 3233 1494 3314 quibus
1504 3233 1713 3296 canonicatus
1727 3236 1761 3296 et

106 3316 170 3380 tiva
183 3321 330 3382 extendit
343 3339 376 3382 se
392 3321 433 3382 ad
448 3320 501 3384 illa
514 3341 585 3405 quse
595 3325 787 3403 spectantad
797 3325 907 3386 simul·
960 3318 1301 3397 Vicariaspermortem
1316 3328 1464 3384 vacantes
1473 3322 1760 3384 conferuntilector

106 3407 233 3468 teneam
249 3408 452 3470 collationem
470 3410 616 3489 Episcopi
630 3414 662 3473 et
674 3410 807 3490 Capituli
822 3414 905 3490 post
959 3405 1154 3484 Magnificus,
1166 3414 1302 3487 quatuor
1311 3411 1492 3473 Provisores
1506 3413 1538 3472 et
1549 3413 1758 3490 quatuorlle·

110 3510 202 3574 quam
227 3494 405 3559 diviserunt
428 3497 627 3558 collationem
649 3516 706 3576 per
729 3502 838 3561 turnos
854 3499 905 3562 vel
959 3495 1040 3571 cani,
1055 3497 1087 3556 et
1100 3493 1150 3556 hae
1160 3495 1608 3560 Praebendaedicunturtertioe
1621 3497 1753 3577 gratiae3

108 3597 243 3661 menses,
260 3584 308 3646 uti
323 3583 457 3664 explicat
470 3587 576 3661 Leuc,
593 3605 623 3666 q.
639 3589 709 3648 582.
960 3580 1072 3643 deinde
1082 3582 1114 3642 in
1125 3581 1256 3662 singulis
1266 3584 1417 3664 Capitulis
1431 3592 1479 3648 est
1495 3604 1556 3648 una
1570 3591 1657 3655 certa
1675 3588 1757 3649 Pre-

53 3681 85 3729 ttt
146 3669 208 3748 gt.
224 3673 286 3744 Qui
312 3673 487 3752 acceptavit
512 3673 733 3736 alternativam
757 3693 820 3737 non
837 3693 906 3738 am-
959 3670 1074 3748 benda,
1090 3672 1571 3755 quaadicitursecundaegratiae,
1588 3675 1756 3756 quemtele

109 3756 188 3836 plius
202 3764 310 3838 potest
331 3760 498 3840 providere
517 3761 671 3824 beneficia
696 3765 844 3827 vacantia
871 3764 904 3825 in
959 3760 1134 3840 Capitulum
1144 3779 1267 3842 semper
1281 3763 1401 3826 coniert
1410 3765 1441 3826 in
1450 3781 1637 3845 quocunque
1648 3781 1756 3826 mense

110 3846 219 3910 Martio
238 3853 272 3911 et
287 3850 476 3930 Septembri,
493 3850 646 3933 quiajam
659 3859 731 3914 suut
744 3859 905 3915 reservata
958 3851 1067 3922 raeet3
1083 3853 1236 3928 preterea
1248 3849 1280 3911 in
1290 3852 1468 3914 Cathedrali
1483 3857 1515 3914 et
1526 3853 1596 3914 aliis
1606 3851 1755 3915 undecim

112 3933 214 4015 Papa,
230 3957 335 4019 neque
346 3938 378 3998 in
391 3939 535 4019 Episcopi
545 3944 699 4021 potestate
710 3945 757 4004 est
768 3941 905 4004 alterna·
959 3935 1134 4017 Collegiatis
1149 3943 1196 4001 est
1210 3939 1272 4000 alia
1285 3945 1372 4002 carta
1386 3939 1570 4018 Praebenda,
1588 3957 1658 4022 quoe
1673 3939 1753 4004 dici-

111 4021 206 4086 liram
216 4031 418 4107 acceptatam
432 4029 607 4104 dimittare;
625 4032 779 4111 Gastrcp„
795 4034 901 4111 Leun,
957 4027 1009 4086 tur
1032 4025 1142 4105 prima
1164 4027 1286 4109 gratia,
1307 4047 1378 4111 quoe
1400 4031 1433 4092 in
1449 4046 1637 4110 quocunque
1657 4029 1755 4093 etiam

112 4126 140 4190 p.
155 4113 223 4191 572,
239 4133 272 4178 n.
287 4119 319 4192 t,
335 4124 362 4176 er
375 4136 406 4198 q.
421 4119 490 4195 580,
508 4136 538 4179 η.
556 4121 574 4180 3
590 4126 618 4180 er
635 4122 664 4181 t.
683 4119 714 4182 Si
743 4123 849 4182 tamen
864 4120 904 4183 is.
957 4130 1065 4176 mense
1073 4118 1174 4192 vacet,
1183 4133 1307 4196 semper
1315 4117 1518 4180 conferturab
1527 4117 1751 4196 Universitate,
1808 4182 1811 4191 ,

112 4196 149 4258 tis
161 4200 284 4266 duobus
299 4204 460 4267 mensibus
474 4221 536 4267 non
551 4207 698 4284 resideat,
723 4211 835 4287 putant
848 4208 903 4270 ali·
957 4200 990 4262 id
1004 4208 1061 4279 est,
1078 4205 1238 4266 attestare
1249 4205 1413 4285 Magnitlco
1425 4210 1455 4268 et
1466 4205 1754 4286 quatuorProviso·

114 4287 163 4366 qui
182 4293 249 4352 tum
277 4309 368 4372 posse
387 4294 564 4372 providere,
581 4313 653 4356 oum
667 4300 774 4360 careat
800 4299 903 4376 gratia
957 4289 1063 4363 ribus;
1079 4307 1188 4354 omnes
1202 4294 1309 4352 autem
1323 4292 1374 4372 qui
1390 4293 1430 4354 ab
1445 4293 1654 4356 Universitate
1679 4311 1751 4374 pro-

114 4375 897 4462 alternativae,sedadhucoppositumtenentGastr·
956 4377 1103 4441 videniur
1119 4378 1300 4440 Praebendae
1323 4381 1423 4442 tertiae
1437 4382 1488 4443 vel
1501 4381 1611 4461 ptimoe
1641 4382 1752 4461 gratia

114 4463 203 4528 Luca.
219 4469 286 4531 lmo
299 4467 443 4549 quamvis
457 4469 602 4550 Episcopi
617 4470 763 4534 dicantur
775 4473 836 4534 fixe
851 4491 902 4534 re·
956 4465 1071 4530 debent
1085 4483 1151 4529 esse
1166 4468 1278 4530 saltem
1292 4469 1436 4548 Magistri
1449 4469 1482 4530 in
1497 4469 1627 4547 artibus,
1644 4473 1678 4534 et
1695 4487 1753 4550 po·

114 4552 207 4616 tinere
220 4557 350 4619 lunium
365 4561 397 4619 et
414 4559 630 4636 Decembrem,
646 4560 780 4641 ideoque
790 4565 902 4641 putent
954 4557 1050 4618 testas
1071 4555 1250 4618 conferendi
1274 4557 1480 4620 Praebendam
1508 4557 1609 4620 tertiae
1640 4559 1752 4638 gratita

117 4639 211 4720 tlara,
226 4645 335 4723 Barb,
348 4646 764 4729 cestr..Pirh.‚Episcopos,
777 4649 899 4712 etiamsi
955 4641 1050 4705 debet
1071 4644 1249 4707 confirmari
1272 4661 1291 4706 a
1313 4643 1445 4725 singulis
1471 4645 1688 4724 Pontificibus,
1718 4651 1752 4713 et

115 4733 540 4813 ttoeptarintalternativam,
553 4735 775 4815 retinereillos,
788 4755 900 4818 quam-
955 4730 1145 4812 quandoque
1159 4732 1363 4794 confirmatur
1377 4735 1499 4796 tantum
1513 4735 1554 4795 ad
1564 4734 1685 4814 aliquot
1694 4752 1750 4802 aa·

117 4811 159 4875 ris
172 4835 230 4880 non
246 4821 422 4895 resideant;
439 4825 544 4884 tamen
560 4825 665 4886 multis
678 4826 900 4888 contradicunt
953 4836 1029 4892 ⁰0³3
1051 4821 1188 4896 ll⁰i08ist⁸
1208 4821 1314 4881 autem
1338 4820 1519 4882 0⁰ssf01'011di
1541 4822 1749 4888 Prfflbfllldflm

117 4895 233 4999 55555.
248 4913 280 4972 et
293 4909 387 4987 butt,
402 4931 431 4992 q.
446 4914 497 4990 rt,
509 4930 540 4973 n.
553 4915 603 4991 38,
616 4913 689 4993 quin
699 4913 898 4994 privilegium
952 4906 1098 4968 secundae
1112 4906 1162 4968 vel
1188 4907 1299 4987 primae
1312 4908 1422 4988 gratiae
1436 4913 1484 4972 est
1498 4909 1617 4972 stabilis
1632 4913 1664 4972 et
1676 4928 1751 4989 pen·

115 4990 187 5066 tutis
204 5001 377 5060 communis
391 5000 433 5060 ad
447 4999 677 5079 providendum
691 5001 796 5064 inillis
810 5021 899 5064 men·
952 4999 1059 5074 petua·
1077 4997 1187 5068 Quoad
1202 5001 1389 5076 potestatem
1407 4998 1588 5077 resignandi
1606 4999 1749 5078 praeben·

118 5073 194 5164 pibus
206 5087 360 5147 mutatum
370 5089 416 5148 est
425 5085 456 5146 in
465 5087 598 5165 gratiam
609 5089 812 5167 alternatim,
828 5109 898 5171 quae
952 5081 1026 5144 dam
1036 5083 1146 5161 primae
1157 5083 1278 5164 gratiss,
1292 5083 1515 5165 obligationem
1524 5084 1657 5146 docendi
1670 5085 1749 5148 alia·

119 5153 180 5218 iilos
193 5161 267 5228 duos
277 5183 401 5228 menses
414 5165 577 5245 equaliter
591 5185 662 5229 cum
673 5168 742 5230 aliis
757 5187 897 5250 compre·
952 5189 1014 5252 que
1028 5171 1129 5234 videri
1143 5172 1236 5234 debet
1250 5173 1409 5235 indultum
1418 5171 1590 5236 innocentii
1606 5173 1673 5250 llll,
1690 5172 1748 5236 da-

119 5237 217 5314 hendit
227 5271 264 5316 ac
276 5257 417 5320 reservat
430 5253 489 5316 nisi
499 5256 683 5320 resideetur.
699 5257 778 5321 Vide
788 5261 894 5338 baua,
951 5262 1019 5322 tum
1033 5263 1071 5322 29
1085 5262 1153 5323 Oct.
1170 5263 1257 5323 1698.

120 5347 147 5409 p.
160 5335 223 5415 tbi,
237 5349 265 5404 et
278 5343 347 5406 568
993 5347 1099 5422 Queat.
1116 5351 1166 5412 63.
1181 5381 1221 5396 -·
1237 5347 1482 5424 obtenerandum
1495 5347 1625 5412 arcina
1634 5357 1748 5433 ternpus
1772 5369 1816 5422 tos

67 5422 101 5488 tlt
152 5419 208 5507 55.
223 5429 255 5494 Si
269 5428 893 5519 Garedtprorisusosededpostolica,
949 5453 1007 5520 qao
1029 5435 1134 5523 incipit
1155 5437 1261 5500 mensis
1282 5437 1377 5530 Popoe
1398 5436 1445 5500 uel
1466 5435 1625 5501 ordinarii
1643 5439 1690 5534 85
1713 5442 1741 5517 t,
