4056 6344
473 606 475 609 .
566 526 618 590 ott
637 523 857 590 trabatiana
881 526 1208 594 ecetesiasrtcts.
1650 531 1712 596 029

78 726 147 788 sam,
163 711 267 772 amen
281 709 503 792 spectatejure
517 712 651 789 naturae,
666 709 717 774 oui
736 729 860 774 secon—
918 711 961 794 (p.
986 731 1018 794 g.
1043 713 1184 793 harenis,
1208 712 1400 790 schismatis,
1426 713 1578 778 sodomiae
1600 714 1717 798 sepius

77 801 241 862 formarunt
262 799 414 878 Camenas,
439 809 471 861 st
488 816 527 861 ex
540 803 733 881 presumpta
746 800 860 864 volun·
918 802 1074 884 exercitas)
1096 803 1148 866 cni
1168 801 1294 866 amissio
1317 802 1461 868 bsnsooii
1484 803 1551 886 ipso
1566 805 1649 870 tuoto
1663 807 1713 870 est

77 893 132 954 tate
145 886 346 950 fundatorum
360 886 529 951 dicendum
552 889 600 951 est
621 888 691 952 illas
714 907 777 952 uou
798 887 862 951 irui
917 908 1054 969 annexa,
1083 895 1118 955 nt
1140 893 1178 955 V.
1203 890 1288 972 apud
1310 893 1410 970 Lesa,
1436 891 1492 956 ιιι.
1517 897 1548 970 2,
1570 911 1637 976 cap.
1659 895 1711 972 aa,

77 974 337 1042 distributionibus
359 975 386 1040 si
413 976 529 1054 absint,
558 976 614 1040 sed
643 996 711 1040 esse
740 977 862 1040 dandas
916 975 986 1042 dist.
1002 980 1053 1042 et.
1069 982 1099 1042 3.
1116 981 1176 1043 Per
1190 980 1378 1044 senteutiam
1385 979 1510 1063 judicis.
1520 987 1552 1046 t.
1565 981 1713 1046 Perlibe-

76 1063 282 1147 presentibus,
296 1063 382 1127 aliud
397 1069 454 1144 est,
470 1064 495 1127 si
510 1063 618 1147 aliqua
628 1064 715 1129 absit
729 1083 787 1146 pro
802 1065 862 1129 uti·
916 1081 986 1126 ram
1000 1064 1258 1147 resignationem,
1274 1067 1314 1130 da
1327 1085 1400 1148 qua,

76 1154 152 1218 lists
165 1153 324 1232 Ecclesia,
341 1153 388 1216 uti
403 1152 442 1215 de
456 1152 583 1216 Clericis
607 1153 728 1216 dictum
751 1157 810 1232 est,
828 1158 861 1218 et
955 1173 971 1210 u
990 1152 1083 1232 Resp.
1100 1152 1139 1216 ll.
1156 1151 1336 1232 ltesignatio
1351 1157 1582 1234 estspoutauea
1590 1153 1711 1236 proprii

76 1261 139 1306 oum
152 1239 311 1306 communi
325 1245 413 1306 notat
423 1241 532 1321 Barb„
548 1260 580 1304 a.
597 1245 667 1316 {713
686 1245 761 1305 tuuc
776 1242 861 1305 cuim
914 1239 1058 1302 beneficii
1072 1239 1212 1303 dimissio
1226 1240 1310 1304 iacta
1323 1259 1431 1304 coram
1445 1241 1585 1322 legitimo
1610 1245 1712 1324 Supe-

76 1329 128 1394 lrui
140 1334 281 1412 possunt.
915 1327 998 1392 riore
1012 1327 1045 1390 id
1060 1333 1254 1409 acceptante.
1270 1331 1388 1412 Estque
1399 1330 1525 1411 duplex,
1537 1331 1711 1396 scilioetta·

25 1421 56 1470 ΙΙ
108 1421 165 1500 §i
187 1421 313 1493 Quanta
334 1417 419 1499 apud
442 1418 614 1500 Religiosos
636 1419 797 1500 professos
820 1418 862 1482 sit
915 1416 988 1496 cita,
1005 1437 1075 1499 qua
1090 1420 1126 1481 iit
1139 1437 1176 1482 ex
1187 1417 1267 1500 juris
1281 1419 1495 1500 dispositione,
1507 1425 1543 1484 ut
1553 1420 1629 1483 dum
1640 1420 1711 1502 quis

75 1508 212 1589 obligatio
227 1507 448 1590 frequentandi
463 1507 609 1586 chorum,
632 1506 734 1570 rideri
758 1511 861 1588 potest
915 1505 1111 1586 Religionem
1124 1509 1288 1588 profitetur
1304 1529 1311 1571 :
1329 1513 1361 1572 et
1374 1526 1533 1589 expressa,
1554 1527 1625 1592 qua
1640 1527 1711 1572 rur-

75 1598 151 1677 apnd
164 1597 289 1676 lamb„
304 1599 324 1678 ἓ
338 1600 367 1675 l,
381 1617 412 1660 a.
428 1602 459 1660 7.
485 1599 607 1661 Doceat
626 1602 734 1660 autem
757 1595 862 1658 Lecod
914 1613 968 1658 sus
983 1599 1031 1658 est
1044 1596 1170 1679 duplex,
1186 1596 1305 1661 scilicet
1318 1615 1398 1678 pura
1412 1616 1482 1679 quae
1497 1599 1532 1662 iit
1545 1598 1614 1660 sine
1633 1615 1708 1660 con-

75 1685 221 1765 eramo„
238 1687 324 1768 apud
340 1686 432 1764 (tab,
448 1704 479 1749 a.
495 1689 565 1763 698,
581 1685 607 1748 si
629 1685 662 1747 in
676 1685 781 1766 aliquo
795 1687 862 1748 Mu·
915 1684 1045 1764 ditione,
1063 1691 1095 1749 at
1107 1691 1200 1767 pacto
1215 1687 1372 1768 apposite,
1398 1706 1505 1751 coram
1529 1686 1706 1764 Ordinatio,

75 1773 200 1838 amieria
223 1792 288 1837 noa
310 1774 373 1838 sint
390 1774 502 1837 saltem
530 1777 669 1854 quatuor
695 1773 858 1855 Religiosi,
916 1774 969 1857 qui
983 1773 1172 1838 beneficium
1187 1776 1317 1840 cuilibet
1329 1776 1420 1840 alteri
1443 1775 1587 1838 conferre
1605 1779 1710 1855 potest

75 1881 129 1926 aco
142 1881 209 1926 esse
221 1861 447 1943 obligationem
467 1861 577 1938 chori,
594 1865 771 1943 putantque
794 1863 861 1924 sui·
915 1867 947 1925 et
969 1862 1193 1941 conditionata,
1218 1881 1273 1926 seu
1296 1864 1330 1926 in
1352 1863 1517 1928 favorem:
1543 1881 1644 1946 eaque
1658 1863 1708 1928 vel

74 1953 168 2030 licere,
193 1950 220 2014 si
244 1951 357 2014 saltem
380 1967 453 2014 cum
477 1948 602 2013 novitiis
625 1949 688 2012 sint
709 1953 856 2030 quatuor.
915 1955 963 2014 est
976 1951 1107 2033 simplex
1122 1951 1153 2013 in
1168 1951 1320 2031 favorem,
1337 1957 1373 2015 ut
1386 1952 1512 2035 quaudo
1531 1953 1567 2015 tit
1589 1952 1708 2033 absque

75 2041 155 2115 Ouod
168 2039 282 2103 attinet
303 2039 345 2102 ad
368 2038 553 2116 canonicos,
570 2037 725 2119 quamvis,
742 2056 801 2118 per
825 2057 860 2101 se
915 2039 1138 2118 reservatione,
1154 2041 1204 2102 rel
1218 2044 1266 2104 est
1280 2040 1469 2122 qualificata,
1486 2040 1613 2123 quando
1628 2039 1710 2103 scili·

72 2129 230 2211 loquendo,
266 2129 309 2191 sit
329 2127 491 2208 obligatio,
516 2131 553 2190 ut
566 2125 599 2187 ιιι
622 2125 719 2189 choro
742 2131 860 2191 canant
915 2131 965 2189 cet
979 2129 1013 2190 ut
1027 2128 1198 2191 reservatio
1212 2127 1271 2190 sibi
1282 2128 1354 2211 jure
1368 2147 1542 2211 regressus,
1557 2129 1608 2192 vel
1630 2146 1708 2209 peu·

73 2235 171 2280 omnes
184 2220 299 2296 liores,
315 2218 421 2280 muron
445 2214 641 2278 cousuetudo
661 2213 770 2279 multis
783 2215 859 2278 locis
913 2215 1013 2293 dona,
1031 2215 1082 2278 vel
1106 2215 1260 2279 fructibus
1281 2217 1451 2297 aliquibus,
1475 2235 1545 2300 quae
1559 2217 1602 2280 ob
1614 2217 1709 2280 simo-

73 2305 207 2384 obtinuit,
231 2311 270 2368 ut
291 2303 460 2386 nequidem
480 2303 637 2383 vesperas
658 2307 773 2366 canant
800 2301 858 2364 nisi
914 2302 1089 2385 niamjuris
1104 2304 1244 2382 humani,
1271 2304 1396 2369 nonnisi
1418 2305 1450 2368 in
1471 2303 1630 2368 Pontillcis
1643 2321 1708 2367 ma·

72 2395 159 2474 iestis,
174 2395 333 2476 protestis,
358 2398 390 2456 et
411 2393 548 2470 Octavia,
574 2395 630 2454 aut
647 2391 741 2454 etiam
756 2393 859 2454 rarius
914 2393 1005 2456 nibus
1022 2391 1089 2454 fleri
1103 2396 1216 2473 potest.
1232 2395 1424 2476 Eiquamvis
1434 2394 1600 2472 veriussit,
1612 2393 1708 2458 etiam

73 2483 263 2548 ltatutinum.
288 2483 379 2558 Quod
405 2483 431 2544 si
455 2479 625 2562 nequidem
649 2486 785 2562 quatuor
798 2481 860 2544 sini
914 2479 1157 2562 resignationem
1171 2480 1346 2561 simplicem
1371 2482 1402 2543 in
1422 2481 1582 2545 Pontiilcis
1596 2498 1708 2544 manus

73 2572 221 2651 Canonici,
236 2573 292 2656 qui
305 2571 427 2653 possint
440 2588 565 2640 canere,
582 2568 754 2631 Marotiani
768 2589 859 2632 excu-
913 2569 1102 2648 taciendam,
1117 2587 1190 2632 cum
1205 2569 1321 2653 alioqui
1336 2570 1510 2653 periculum
1525 2571 1575 2648 sit,
1595 2589 1635 2632 ue
1649 2572 1709 2634 Be·

73 2666 116 2725 sat
127 2665 262 2740 acantu,
278 2665 420 2724 attamen
435 2657 557 2738 obligat
570 2657 611 2721 ad
626 2657 777 2722 dicendas
795 2658 860 2720 alta
913 2657 1056 2720 liciorum
1071 2655 1299 2737 resignationes
1312 2657 1450 2739 speciem
1462 2657 1634 2740 qnamdam
1645 2657 1707 2720 lrae-

73 2767 141 2812 roce
154 2752 256 2812 Horas
270 2749 302 2812 in
316 2747 425 2826 choro,
443 2745 499 2808 sed
528 2745 631 2808 Tumd.
656 2747 744 2825 dicit,
769 2747 796 2808 si
812 2749 859 2809 te-
913 2745 1071 2809 reditsrioe
1093 2745 1300 2810 successionis
1328 2747 1504 2829 ιιιφιιιιιιιι,
1527 2745 1613 2828 quod
1632 2746 1707 2830 jura

73 2843 197 2902 reantur
208 2839 413 2920 frequentare
427 2834 573 2914 chorum,
589 2833 685 2898 etiam
694 2836 794 2898 teneri
808 2853 858 2897 ca·
913 2836 1072 2899 Canonica
1084 2835 1295 2911 detestantur;
1311 2836 1474 2916 probabile
1488 2839 1595 2900 tamen
1604 2839 1662 2914 est,
1674 2833 1706 2896 iu

73 2944 150 2990 aere.
163 2928 245 2994 Vide
263 2925 337 3004 Gai,
355 2942 463 3005 supra.
912 2942 1026 2988 manus
1049 2924 1207 2990 ordinarii
1228 2924 1294 2988 fleri
1309 2943 1412 3006 posse,
1428 2943 1466 2988 eo
1481 2924 1565 3006 quod
1580 2941 1707 3005 permu-

19 3027 52 3074 ιιι
107 3017 164 3096 §a
189 3018 261 3080 Non
292 3018 340 3077 est
365 3013 487 3076 licitum
515 3009 673 3076 canonico
700 3011 859 3075 ordinarie
913 3011 990 3076 tatio
1005 3015 1038 3076 in
1052 3013 1120 3096 ejus
1133 3013 1280 3076 manibus
1293 3014 1361 3076 lieri
1375 3013 1484 3094 possit.
1496 3013 1597 3095 idque
1611 3030 1631 3074 a
1644 3011 1708 3074 tor-

73 3103 204 3168 abesses
220 3104 379 3185 capituto,
396 3101 509 3185 quiesi
525 3100 558 3163 id
571 3101 681 3164 liceret
696 3101 761 3179 uui,
786 3101 859 3164 lice·
914 3102 985 3167 tiori
1005 3120 1116 3165 verum
1130 3107 1188 3180 est,
1205 3102 1232 3165 si
1245 3103 1302 3166 flat
1314 3101 1381 3165 aine
1395 3100 1490 3166 modo
1505 3099 1704 3182 obligatorio,

74 3194 284 3271 retomnibus,
300 3193 415 3275 quibus
430 3196 536 3257 umen
551 3189 705 3254 incumbit
718 3191 858 3272 regimen
914 3191 1058 3273 quamvis
1088 3190 1196 3254 addita
1222 3191 1467 3272 deprecatione,
1502 3194 1539 3253 ut
1563 3206 1707 3272 personas

74 3299 131 3345 sue
148 3281 308 3360 Ecclesia,
324 3283 429 3359 Gara,
443 3299 476 3363 p.
492 3283 523 3359 3,
534 3283 599 3357 at,
615 3298 679 3342 aa.
695 3281 765 3356 ιιι,
782 3297 860 3340 enu-
915 3283 1009 3342 certae
1024 3279 1216 3343 conteratur.
1233 3279 1330 3359 idque
1349 3278 1509 3342 observari
1528 3281 1632 3360 potest
1652 3274 1705 3339 ubi

73 3385 189 3432 merens
215 3374 327 3451 postea
353 3387 464 3434 causas
480 3367 574 3452 juste
597 3367 756 3432 abscede.
780 3367 859 3432 Vide
914 3386 978 3430 non
992 3371 1041 3430 est
1053 3371 1181 3449 recepta
1195 3367 1285 3430 bulla
1294 3365 1331 3432 S.
1340 3365 1394 3429 Pii
1411 3364 1444 3429 V.
1457 3364 1629 3449 quamlibet
1637 3381 1706 3446 per·

74 3455 159 3522 etiam
172 3459 324 3544 Lsur.,q.
339 3460 408 3524 tao.
915 3473 1002 3519 sona
1026 3473 1218 3518 successurae
1241 3455 1492 3538 designationem
1518 3452 1704 3536 prohibens,

915 3563 1011 3626 quam
1025 3544 1104 3608 citat
1116 3545 1241 3624 Laym.,
1258 3544 1280 3606 t.
1295 3548 1327 3623 t,
1346 3553 1369 3606 ι.
1384 3547 1415 3622 2,
1430 3561 1456 3607 c.
1470 3546 1519 3605 li.

954 3655 969 3692 o
988 3633 1097 3710 Porro,
1114 3636 1151 3696 ut
1169 3631 1342 3713 resignatio
1367 3630 1581 3696 conditionata
1601 3629 1707 3693 valida

290 3721 553 3788 sericatus
583 3725 621 3788 v.
913 3722 965 3801 sit,
982 3721 1172 3805 requiritur:
1190 3724 1218 3784 l.
1235 3723 1278 3785 ot
1289 3720 1478 3784 henetlcium
1491 3718 1706 3798 sitresignan·

913 3810 964 3889 tis,
1001 3827 1074 3872 cum
1109 3809 1279 3891 resignatio
1322 3809 1364 3872 sit
1392 3808 1473 3891 juris
1512 3806 1560 3872 eui
1598 3805 1707 3870 dimis-

153 3927 266 4014 as..
283 3927 375 3992 ..a
397 3926 536 4010 aa.
550 3927 726 3992 ........
745 3936 767 3992 ‘·
913 3899 973 4051 tt.
988 3897 1444 4068 itltiitiiitdtl‘
1462 3895 1583 4046 tto
1601 3893 1707 4046 stt:

1060 4031 1068 4063 i
1439 4030 1447 4063 t

913 4073 993 4152 sssis,
1017 4072 1187 4150 Ordinarii,
1221 4073 1404 4151 collaturis,
1428 4072 1478 4134 vel
1505 4069 1704 4147 institutoris,

16 4205 51 4252 m
108 4183 121 4220 o
139 4163 234 4242 ltesp.
252 4163 281 4222 l.
294 4157 859 4240 beneficiaquatuormodisamittun-
909 4159 1001 4243 juxta
1016 4161 1110 4225 dicta.
1127 4167 1157 4225 ι.
1174 4164 1215 4225 ιιι
1228 4166 1410 4243 acceptetur
1423 4159 1595 4238 aPraelato,
1611 4160 1705 4224 incu-

72 4251 128 4329 tnr,
144 4254 172 4314 l.
188 4252 251 4314 Per
265 4253 400 4312 martem
413 4247 602 4311 beneficiati.
618 4250 649 4311 2.
666 4249 711 4312 Ex
726 4247 860 4329 disposi·
909 4249 963 4333 jus
985 4249 1133 4312 manibus
1158 4251 1193 4314 dt
1217 4271 1225 4314 :
1251 4250 1326 4333 quia
1343 4251 1410 4312 siue
1430 4249 1643 4331 acceptatione
1654 4247 1707 4332 jus

72 4337 242 4423 tianejuris
258 4357 266 4414 ;
282 4337 377 4419 idque
391 4337 442 4399 rel
456 4342 586 4418 propter
599 4336 726 4400 alterius
741 4337 859 4401 beneti-
912 4357 1005 4400 suurn
1020 4337 1184 4420 resignans
1199 4355 1261 4402 uon
1275 4338 1388 4420 perdit.
1412 4341 1444 4402 ι.
1469 4340 1511 4401 ιιι
1527 4336 1707 4400 conteratur

73 4427 109 4490 cii
131 4425 393 4510 incompassibilis
421 4425 686 4503 consecutionem,
717 4424 768 4488 rel
801 4444 859 4506 per
912 4425 968 4504 illi,
984 4427 1017 4487 in
1031 4427 1272 4508 cujusiavorem
1296 4446 1370 4491 cum
1392 4425 1534 4491 clausula
1556 4431 1707 4490 consuete

72 4517 293 4596 professionem
307 4512 508 4594 Religiosam,
524 4513 574 4574 vel
589 4531 646 4594 per
662 4516 859 4576 contractum
914 4513 1100 4596 (sonaliter,
1116 4533 1174 4576 ooo
1187 4515 1277 4598 alias)
1290 4520 1339 4580 est
1347 4515 1552 4598 resignatum.
1574 4517 1605 4578 ιι.
1616 4513 1704 4592 Utis,

71 4603 268 4684 llatrimonii,
292 4604 344 4667 rel
367 4621 424 4685 per
438 4601 693 4666 commissionem
706 4601 856 4682 cuminis,
913 4601 964 4667 cui
978 4603 1152 4683 confertur,
1168 4608 1322 4685 acceptet,
1342 4604 1421 4668 alias
1441 4601 1526 4666 enim
1543 4602 1707 4685 resignans

101 4949 111 4992 ι
126 4940 253 5003 Quaedam
268 4940 303 4992 de
318 4939 352 4990 iis
365 4953 426 5005 quar
440 4939 485 4991 bic
495 4941 524 4991 in
539 4937 651 4990 materis
660 4937 859 4992 beneficiorum
913 4939 970 4992 bris
984 4938 1056 5001 teet,
1071 4935 1172 4989 librum
1186 4935 1331 5003 quemdam
1345 4936 1379 4987 de
1390 4935 1617 4990 innascibilitate
1631 4950 1709 4991 eous⁴

72 5007 104 5060 ab
115 5015 222 5064 ancara
236 5015 330 5063 nostro
346 5011 481 5062 docentur
494 5011 523 5061 in
537 5009 625 5075 praxi,
635 5010 670 5061 ob
687 5009 855 5062 concordata
913 5011 1041 5075 criptum,
1061 5007 1240 5073 reprobatum
1264 5006 1420 5058 invenimus
1433 5007 1534 5071 Rome,
1558 5007 1630 5060 iuter
1640 5007 1708 5071 alis,

72 5081 194 5134 sataliae
207 5085 327 5150 privatas
338 5082 564 5148 dispositionesS.
576 5081 653 5134 Sedis
667 5080 855 5134 bueautillue
913 5081 980 5148 qaia
995 5083 1095 5132 auctor
1107 5079 1160 5130 sibi
1174 5079 1277 5144 judicis
1290 5081 1381 5143 partes
1397 5078 1569 5144 usurpaverit
1583 5079 1609 5128 ia
1623 5091 1706 5146 psas·
1774 5141 1777 5148 ἦ

74 5163 126 5202 nun
146 5153 246 5218 rigant.
273 5153 319 5207 Sic
345 5167 370 5204 v.
390 5166 416 5218 g.
430 5151 521 5219 quoad
535 5153 735 5204 revocationem
756 5150 792 5202 ad
812 5165 859 5203 aa·
914 5151 982 5204 deae
995 5149 1096 5200 Sancte
1108 5147 1165 5198 redi
1176 5149 1316 5200 rumulo.
1326 5171 1357 5185 -
1370 5147 1410 5200 lte
1419 5147 1551 5214 capitulis
1560 5149 1651 5198 antam
1659 5146 1706 5199 do·

74 5223 128 5274 tum
141 5225 319 5290 parochorum
332 5224 543 5276 constitutorum
563 5224 592 5274 iu
606 5221 713 5274 eclesiis
725 5235 858 5274 succusa-
913 5221 971 5273 lent
985 5232 1089 5281 omnes,
1105 5218 1141 5270 ob
1164 5222 1317 5284 temporum
1340 5217 1514 5280 acerbitates,
1535 5215 1639 5270 aliam
1660 5215 1705 5270 ιι·

75 5289 143 5356 idas,
157 5295 184 5346 iu
198 5293 293 5346 Galliis
306 5298 333 5346 et
347 5293 439 5357 Belgio
453 5293 596 5358 Gregorius
609 5292 676 5354 xvi,
688 5296 699 5345 i
709 5293 772 5344 iiaii
788 5294 857 5362 asts,
915 5293 1046 5344 trinsecus
1059 5291 1109 5340 aut
1123 5289 1293 5340 exarmans
1304 5301 1411 5350 cauma
1423 5300 1455 5338 ea
1469 5285 1706 5339 uimisdederissc

74 5359 268 5430 manarat
281 5367 309 5416 ιιι
323 5366 351 5416 ia
363 5363 657 5430 madaeeccteairrum
670 5362 856 5414 sacwrsoliam
912 5363 949 5412 ab
963 5373 1058 5412 sorum
1074 5371 1175 5430 norma,
1186 5373 1242 5412 nou
1252 5358 1385 5412 mediocri
1397 5359 1425 5410 ιιι
1440 5358 1506 5423 ipsis
1521 5357 1625 5424 ingesta
1639 5372 1699 5424 per-

76 5431 105 5482 de
116 5435 202 5500 gaidae
217 5439 306 5502 cedor
327 5435 398 5486 auida
411 5435 556 5486 immutatio
578 5435 635 5499 fiat,
655 5433 733 5484 darec
750 5431 860 5482 aliterd
913 5431 1077 5483 turbatione.
1095 5430 1185 5492 (Edit.)

77 5501 162 5558 &actu
181 5505 325 5577 Apostclr'ou
341 5507 400 5563 sede
416 5508 542 5563 statatum
564 5505 653 5572 ιιιειιι.
676 5503 725 5558 Die
748 5503 860 5556 boeto·
