4056 6344
305 585 365 652 ast
960 577 1077 652 trube
1096 576 1292 662 QUARTUS.

306 772 420 852 vimus,
432 781 582 854 expressa
596 789 657 834 non
668 770 794 851 fuerint,
807 772 983 856 quibusque
996 792 1102 836 neces·
1157 773 1285 848 audiat;
1302 771 1498 854 injungimus
1511 771 1614 834 eidem
1631 773 1758 852 Nuntio,
1775 777 1810 834 ut
1828 791 1881 854 per
1892 772 1937 838 Oi·

307 861 391 926 saria
410 861 592 925 authentica
606 861 807 940 documenta,
823 864 969 943 superius
984 865 1104 944 pariter
1158 862 1276 924 ssciales
1290 879 1364 923 suos
1375 865 1473 940 atque
1488 859 1656 937 Niuistros,
1669 877 1749 940 quos
1763 859 1794 921 iu
1809 863 1937 924 omuibus

308 951 457 1030 iudicata,
483 968 545 1014 unu
560 950 622 1012 sint
635 949 795 1031 adjuncta,
813 952 898 1013 nullo
913 954 1007 1015 modo
1023 950 1104 1014 reei-
1157 949 1352 1013 Dioecesibus
1376 950 1503 1026 retinet,
1532 952 1622 1010 curet
1644 965 1677 1010 ee
1697 948 1861 1011 certiorem
1882 950 1937 1012 lieri

308 1041 408 1121 piant,
420 1039 582 1119 multoque
592 1039 695 1100 minus
709 1039 750 1100 ad
760 1039 944 1104 Pontificem
952 1041 1101 1104 referant.
1159 1039 1198 1098 de
1214 1034 1387 1118 Episcopis,
1416 1038 1595 1117 quicunque
1619 1035 1789 1115 apropriie
1809 1037 1938 1098 Dioeceri·

307 1130 343 1192 lu
354 1126 494 1190 Decretis
505 1127 988 1207 autem,quaepoetPontiticium
999 1147 1106 1190 asseu-
1159 1124 1219 1187 bus
1240 1126 1412 1198 recedunt;
1429 1130 1470 1190 Ut
1483 1131 1516 1186 et
1538 1125 1572 1203 ii,
1588 1124 1641 1206 qui
1664 1125 1801 1188 obtentis
1822 1126 1939 1187 licentiis

309 1235 378 1280 eum
393 1216 521 1296 abipsis
536 1215 768 1280 secretariisiu
784 1216 1106 1278 cousuetaaudientia
1159 1214 1341 1292 abutuntur,
1371 1218 1402 1277 et
1428 1214 1528 1276 multo
1554 1213 1657 1293 magis
1684 1213 1717 1291 ii,
1748 1215 1803 1294 qui
1825 1217 1937 1294 proprio

309 1309 514 1384 reportatum,
532 1323 552 1366 a
573 1302 732 1368 cardinali
760 1303 901 1385 ejusdem
914 1297 1105 1386 Congrege-
1158 1308 1258 1366 marte
1273 1323 1306 1365 se
1318 1321 1428 1384 gerere
1443 1307 1649 1383 praesumunt,
1668 1301 1756 1382 (dum
1771 1303 1821 1364 vel
1834 1304 1939 1384 absque

309 1391 1105 1473 tionisltraeiectosubscribendaerunt,suprascrip·
1158 1393 1274 1473 previa
1290 1392 1432 1468 licentia,
1447 1396 1563 1472 praeter
1576 1395 1700 1470 tempus
1714 1410 1734 1452 a
1748 1391 1883 1454 Concilio
1900 1393 1940 1453 in·

309 1487 358 1546 tas
370 1481 524 1545 clausulas
541 1481 714 1560 respective
728 1496 888 1561 apponere
898 1499 961 1543 uon
975 1485 1107 1560 praeter-
1159 1479 1282 1540 dultum
1293 1498 1312 1540 a
1325 1479 1390 1542 suis
1405 1478 1732 1558 Dioecesibusabrnnt,
1749 1480 1800 1542 vel
1808 1480 1833 1540 si
1843 1480 1880 1542 ob
1894 1480 1940 1540 nli-

310 1572 438 1636 uaittant
451 1567 548 1644 ;illud
562 1569 657 1632 etiam
667 1567 974 1648 expressecavendo,
989 1572 1023 1630 ut
1036 1585 1107 1647 quas
1160 1585 1255 1648 quem
1269 1566 1465 1646 inopinatum
1480 1570 1626 1628 eventum
1645 1565 1685 1628 ab
1700 1567 1776 1646 ipsis
1791 1567 1936 1629 discedere

311 1659 523 1724 concedentur
536 1657 672 1734 indulta,
688 1675 709 1719 a
722 1656 772 1720 die
786 1659 874 1720 Data
889 1655 1031 1738 ipsorum
1046 1658 1103 1718 De·
1160 1655 1312 1734 compulsi
1327 1655 1452 1734 tuerint,
1469 1653 1651 1735 hujusmodi
1667 1653 1839 1732 licentiam,
1850 1655 1939 1716 stetin

312 1751 470 1810 craterum
482 1745 649 1807 decurrere
664 1745 889 1826 intelligantur.
1163 1743 1255 1806 acad
1270 1741 1462 1806 destinatum
1476 1744 1580 1806 locum
1593 1743 1789 1822 pervenerit,
1805 1749 1903 1823 petere
1915 1749 1940 1806 et

351 1857 366 1894 u
380 1833 521 1914 Denique
532 1833 611 1896 Ver.
624 1835 749 1894 Fratres
759 1831 968 1912 Patriarchas,
983 1833 1106 1896 Prima·
1161 1832 1329 1912 impetrare
1354 1849 1417 1894 nou
1440 1835 1572 1905 curaut3
1600 1830 1763 1912 (severiori
1797 1849 1940 1894 sacromm

312 1927 360 1987 tes
385 1921 653 2002 Metropolitauos,
682 1924 715 1982 et
741 1920 912 2000 Episcopus
941 1923 1105 1984 universos
1162 1925 1336 1998 canonum,
1357 1924 1390 1982 et
1403 1919 1654 2000 Apostolicorum
1668 1920 1866 1984 sanctionum
1878 1939 1938 1982 cen-

313 2028 488 2088 monemus‚
504 2027 567 2071 uon
581 2008 750 2087 solumipsi
765 2012 900 2071 statutas
912 2008 950 2071 de
961 2009 1108 2074 Nesidem·
1162 2026 1244 2071 auree
1258 2007 1474 2090 subjiciantur.

313 2099 360 2163 tia
372 2098 458 2178 leges
471 2094 664 2158 adamussim
676 2095 857 2172 observent,
869 2097 924 2157 sed
940 2097 1035 2159 etiam
1044 2115 1108 2158 rue·
1202 2121 1217 2156 o
1236 2101 1381 2160 Ceterum
1394 2097 1585 2160 intendimus
1599 2096 1658 2160 sub
1672 2097 1874 2178 presentium
1890 2097 1941 2158 lit·

314 2204 419 2250 mores
433 2185 495 2247 siut
507 2184 629 2246 Decreti
644 2201 663 2244 a
679 2186 776 2247 Sacra
785 2183 968 2247 vridenuna
979 2186 1107 2264 Synodo
1163 2189 1303 2250 terarum
1312 2189 1495 2248 Nostrarum
1507 2186 1703 2250 ordinatione
1714 2191 1746 2248 et
1755 2185 1940 2264 dispositione

315 2274 391 2338 editi
403 2272 480 2336 Sere.
497 2277 527 2352 6,
543 2291 609 2354 cop.
627 2275 656 2349 l,
669 2270 704 2334 de
716 2271 871 2353 reformat.
886 2290 948 2353 quo
958 2272 1110 2353 jubentur
1163 2274 1258 2338 etiam
1270 2274 1354 2354 ipsos
1368 2276 1446 2337 Veu.
1459 2277 1584 2336 Fratres
1594 2277 1724 2338 Nostros
1735 2277 1768 2337 S.
1789 2277 1825 2337 a.
1837 2277 1869 2336 a.
1881 2275 1939 2336 cn

317 2361 433 2442 singuli
455 2377 513 2442 pro
527 2361 608 2422 virili
623 2363 711 2439 parte
733 2360 764 2422 in
779 2360 913 2423 aliorum
927 2361 1041 2442 agendi
1057 2380 1107 2423 ra·
1163 2356 1296 2438 dinales,
1320 2363 1374 2444 qui
1404 2363 1680 2440 Patriarchalibus‚
1710 2363 1938 2437 Primatialibus,

317 2451 433 2514 tionem
447 2448 620 2529 respective
634 2447 777 2530 vigilare,
800 2455 832 2510 et
852 2467 914 2511 non
937 2450 1110 2512 residentes
1163 2449 1501 2529 Archiepiscopalibus,
1518 2451 1800 2532 ethiscopalibus
1814 2449 1941 2513 Ecclesia

316 2541 458 2601 Romano
473 2536 615 2599 Pontitici
630 2535 1111 2617 intracertumtempnsdenun-
1164 2539 1322 2620 predictis
1357 2558 1396 2600 ex
1431 2539 1634 2602 concessione
1668 2543 1701 2602 et
1726 2539 1940 2620 dispensatione

317 2625 414 2689 ciere.
445 2623 564 2687 Nostris
592 2641 728 2705 quoque,
757 2629 788 2686 et
814 2626 985 2703 apotolica
1021 2626 1111 2688 Sedis
1164 2627 1603 2707 Apostolicanuncpraesuut,
1629 2631 1661 2690 et
1674 2627 1706 2689 in
1722 2627 1863 2690 futurum
1875 2643 1940 2706 pre·

317 2713 440 2778 Nuntiis
453 2711 512 2775 boe
529 2711 613 2773 idem
623 2712 851 2775 demandamus
864 2717 895 2776 et
904 2713 1108 2795 iujungimus,
1166 2716 1270 2781 erunt.
1288 2713 1524 2793 comprehendi,
1541 2731 1578 2774 ac
1593 2711 1940 2792 comprehensoresseet

317 2801 371 2864 ubi
385 2801 468 2864 iutra
487 2801 628 2880 ipsorum
646 2800 841 2863 Nuntiaturae
855 2802 1037 2864 Districtum
1051 2804 1111 2864 ali·
1165 2801 1245 2864 tore.

317 2891 388 2970 quis
397 2889 582 2969 Episcopus,
597 2906 652 2950 eeu
664 2888 815 2967 Superior
825 2889 975 2952 Praelatus
985 2890 1108 2968 existat,
1206 2912 1220 2948 o
1238 2891 1414 2952 praesentes
1430 2909 1556 2971 quoque
1570 2891 1716 2968 Litteras,
1737 2890 1899 2971 omniaque
1917 2893 1941 2952 el

317 2975 371 3056 qui
385 2976 560 3040 canonicas
585 2977 687 3056 Leges
701 2975 761 3037 bac
775 2975 807 3036 in
822 2981 911 3055 perte
926 2978 1043 3040 violare
1064 2979 1112 3041 di-
1165 2977 1329 3056 singulain
1341 2976 1386 3039 eie
1396 2981 1554 3056 contentu,
1565 2978 1603 3039 de
1614 2977 1837 3057 subreptionis,
1848 2979 1941 3055 obrep-

317 3069 501 3144 gucscatur.
1166 3065 1272 3142 tionis,
1289 3069 1344 3128 aut
1357 3066 1573 3146 cujuscunque
1587 3066 1739 3130 nullitatis
1751 3066 1804 3127 vel
1818 3064 1941 3128 invalidi·
2007 3131 2008 3134 Ἴ

357 3174 374 3212 u
391 3155 431 3216 ut
444 3151 623 3234 quiaNobis
633 3151 766 3214 relatum
778 3153 953 3230 est,nullibi
964 3155 1112 3235 trequen-
1166 3155 1238 3218 tatis
1253 3154 1340 3223 vitio,
1357 3154 1601 3237 intentionisque
1616 3157 1748 3232 Nostra,
1765 3172 1806 3217 aa
1820 3171 1941 3235 quocun·
2007 3145 2008 3149 ’

318 3241 380 3304 tius
407 3241 573 3323 predictas
600 3243 699 3323 Leges
727 3241 767 3304 ab
795 3241 956 3322 Episcopis
986 3244 1110 3322 violari,
1167 3269 1229 3333 que
1243 3249 1303 3312 alio
1320 3249 1455 3324 defectu,
1475 3249 1569 3312 etiam
1600 3269 1637 3310 ex
1653 3268 1702 3328 eo,
1719 3249 1806 3329 quod
1822 3249 1852 3309 in
1876 3266 1941 3328 pre·
2006 3291 2007 3296 κ

318 3347 415 3410 qnam
430 3327 462 3390 iu
477 3331 619 3409 proximo
635 3331 840 3409 Neapolitano
855 3333 976 3412 Regno,
997 3331 1112 3414 (neque
1166 3340 1269 3402 missis
1290 3338 1529 3421 quomodolibet
1550 3340 1701 3402 iuteresse
1723 3338 1875 3400 babentes
1897 3353 1941 3396 seu

318 3417 443 3480 veroid
464 3418 580 3479 mirum
603 3417 634 3480 iu
650 3421 737 3481 tauto
760 3419 943 3480 eorumdem
969 3421 1112 3501 numero)
1166 3429 1283 3491 bebere
1306 3428 1555 3507 praetendentes,
1573 3431 1605 3490 et
1617 3427 1797 3506 praesertim
1821 3425 1941 3507 ejusden

317 3505 463 3568 volumus
477 3509 571 3586 atquc
581 3506 758 3585 statuimufl,
768 3511 803 3570 ul
816 3507 846 3568 in
858 3506 990 3570 indultis
1000 3508 1114 3570 absen·
1168 3519 1201 3581 S,
1216 3519 1253 3578 R,
1270 3517 1305 3576 Ε.
1323 3513 1516 3593 Gardinales,
1533 3515 1706 3594 praemissis
1720 3533 1786 3577 non
1801 3530 1941 3577 consensa

316 3595 381 3671 tiae,
398 3610 468 3673 quae
483 3611 539 3672 pro
550 3592 712 3674 Episcopis
723 3594 863 3673 predicti
879 3595 979 3676 Regni
994 3594 1026 3657 iu
1041 3615 1114 3676 pos-
1167 3604 1240 3681 rint,
1259 3621 1316 3666 nec
1329 3604 1370 3664 ad
1386 3623 1424 3666 ea
1437 3605 1539 3667 vocati
1554 3610 1586 3666 et
1603 3603 1714 3680 auditi,
1731 3604 1941 3666 solemnitates

316 3687 421 3744 terum
435 3679 574 3760 expediri
584 3683 760 3761 continget,
777 3682 1114 3748 adoeterasolausulas
1168 3710 1239 3774 que,
1257 3696 1289 3754 et
1309 3691 1372 3754 alia
1387 3693 1544 3754 servanda
1557 3696 1590 3754 et
1603 3692 1809 3771 adimplenda
1832 3692 1942 3753 nullate

317 3767 462 3848 superius
477 3768 687 3849 prescriptae,
704 3770 772 3832 berc
786 3770 884 3833 etiam
908 3772 1054 3851 addatur,
1079 3779 1115 3836 ut
1167 3799 1226 3841 nus
1241 3787 1367 3842 servata
1381 3784 1412 3843 et
1425 3780 1597 3860 adimpleta
1620 3781 1804 3857 fuerintne
1825 3795 1941 3861 quocun

317 3863 1114 3947 cbmnmlieentiaexbtbertuebestaposvolieovvun·
1168 3886 1228 3949 que
1243 3869 1303 3930 alio
1317 3869 1433 3946 colore,
1449 3873 1620 3949 praetextu,
1634 3868 1813 3946 occasione,
1823 3873 1854 3929 et
1865 3881 1941 3929 caua

320 3953 365 4017 tio
380 3953 511 4034 Neapoli
532 3954 757 4029 commoranb'3
774 3954 912 4037 alioquin
927 3956 1041 4018 nullius
1062 3975 1114 4019 rc·
1168 3957 1263 4020 etiam
1277 3956 1452 4020 necessario
1467 3957 1682 4036 exprimenda,
1694 3976 1714 4018 a
1728 3973 1886 4038 quoquam
1898 3970 1940 4014 no

317 4041 403 4106 boris
430 4047 463 4104 et
487 4043 638 4105 momenti
667 4043 834 4107 habeatur.
863 4047 929 4108 Nos
957 4044 1114 4127 siquidem
1166 4045 1240 4122 tari,
1254 4043 1347 4126 injus
1360 4045 1411 4106 vel
1424 4045 1670 4107 conuoversiam
1680 4039 1939 4121 revocari,autad

317 4131 469 4211 predicto
480 4131 595 4195 Nuntio
601 4133 994 4212 earumdemprarsentium
1001 4140 1112 4197 tenore
1166 4134 1317 4198 terminos
1326 4133 1407 4216 juris
1421 4133 1540 4210 reduci,
1557 4135 1607 4194 vel
1621 4133 1775 4196 adversus
1790 4132 1843 4194 illa
1856 4128 1940 4210 aperi-

318 4220 553 4299 committimue,
571 4225 607 4284 ut
619 4220 799 4303 hujusmodi
814 4223 970 4287 Licentiae
993 4223 1025 4285 iu
1040 4228 1113 4287 acta
1166 4221 1260 4284 tionis
1273 4221 1347 4300 oris,
1364 4221 1568 4284 restitutionis
1583 4221 1614 4282 in
1627 4221 1800 4300 integrum,
1815 4220 1862 4281 vel
1872 4215 1940 4280 eliud

318 4307 367 4370 sui
380 4308 557 4373 'tribunalis
571 4309 680 4372 reterri
694 4309 800 4388 iaciat,
821 4311 959 4392 itemque
974 4311 1014 4373 de
1034 4329 1112 4374 cau·
1167 4309 1300 4392 quodvis
1310 4309 1402 4392 juris,
1419 4309 1505 4387 tacti,
1525 4309 1576 4372 vel
1590 4309 1700 4390 gratim
1715 4305 1939 4372 remediumim
2004 4377 2005 4384 χ

318 4392 371 4470 sis,
387 4399 516 4475 propter
537 4413 787 4477 quascouoessre
802 4397 928 4476 tuerint,
958 4398 1108 4479 inquirat,
1167 4397 1282 4478 patrari
1311 4398 1397 4458 nullo
1425 4415 1565 4478 unquam
1592 4403 1737 4478 tempore
1765 4414 1871 4477 poese;
1897 4389 1939 4455 ead
2003 4389 2005 4478 l

319 4501 357 4546 ac
377 4487 500 4562 tempus
515 4483 547 4545 in
562 4484 600 4546 iis
614 4486 804 4565 praefinitum
823 4486 979 4565 observet,
994 4488 1036 4550 ad
1051 4487 1112 4550 boc
1167 4504 1292 4565 semper
1305 4489 1519 4566 perpetuoque
1530 4486 1645 4564 valida,
1662 4487 1765 4562 tirma,
1777 4491 1811 4546 et
1822 4477 1941 4545 efficacit
2003 4483 2004 4518 ³

319 4570 449 4649 scilicet,
474 4577 555 4635 utet
568 4591 623 4654 per
650 4593 722 4636 eum
736 4574 844 4637 resciri
859 4575 968 4654 possit,
996 4575 1113 4656 siquid
1168 4592 1236 4636 esse
1258 4579 1290 4637 el
1312 4573 1389 4654 iore,
1416 4593 1553 4656 suosque
1580 4575 1739 4655 plenarios
1760 4580 1794 4637 et
1818 4574 1939 4650 integrm

319 4661 486 4741 obreptum
496 4664 552 4723 aut
564 4663 841 4742 surreptumtuerit
854 4663 885 4724 iu
901 4664 1065 4744 precibus;
1082 4669 1114 4727 et
1168 4663 1295 4724 allectus
1309 4663 1425 4742 sortiri,
1442 4667 1474 4726 et
1492 4662 1645 4741 obtinere,
1673 4681 1710 4726 ac
1725 4681 1784 4743 per
1797 4675 1898 4723 omues
1915 4657 1940 4716 et

319 4749 423 4829 ipsum
437 4749 534 4812 latere
549 4757 695 4832 nequent,
710 4752 735 4813 si
756 4751 826 4832 quis
839 4751 1039 4832 praescriptos
1053 4753 1112 4814 sibi
1166 4750 1317 4830 singulos,
1341 4752 1382 4813 ad
1407 4768 1486 4832 quos
1506 4756 1638 4830 spectat,
1668 4757 1699 4814 et
1726 4745 1939 4832 quomodolibet

318 4835 434 4899 limites
447 4839 707 4918 uanegrediatur,
724 4841 789 4903 sive
802 4840 920 4921 absque
936 4842 1112 4905 necessario
1166 4839 1321 4918 spectabit
1341 4839 1373 4900 in
1389 4839 1528 4902 futurum
1543 4840 1767 4904 iuviolabiliter
1787 4832 1936 4908 observari,

319 4923 507 5003 Apostolicae
535 4926 624 4989 Sedis
647 4927 781 5004 ludulto,
808 4932 896 4989 extra
922 4934 1068 5008 tempora
1093 4947 1114 4990 a
1167 4928 1296 5007 perinde
1311 4946 1348 4990 ac
1362 4928 1428 4990 siin
1443 4928 1634 4991 eonsismrio
1659 4930 1772 4990 Nostro
1787 4923 1939 4999 secernet

319 5012 458 5077 Concilio
472 5013 635 5093 permissa,
651 5015 744 5096 louge
765 5017 806 5078 ab
820 5017 960 5078 Ecclesia
974 5023 1005 5080 et
1029 5019 1114 5080 Dim·
1168 5016 1209 5077 de
1224 5016 1397 5078 eorundem
1410 5019 1554 5078 Fratrum
1565 5018 1750 5078 Nostrorum
1765 5013 1900 5088 consilio,
1914 5009 1938 5068 el

319 5101 384 5164 cesi
398 5119 457 5164 sua
477 5107 699 5167 commoretur.
718 5107 778 5166 Pro
800 5105 838 5166 iis
853 5109 970 5182 autem,
987 5105 1054 5186 qui,
1079 5110 1115 5170 ut
1167 5104 1307 5166 unanimi
1333 5122 1461 5166 assensn
1481 5108 1699 5178 emanassent;
1725 5104 1837 5186 Sieque
1850 5107 1936 5163 elnon

319 5190 541 5270 Nobispariter
550 5192 683 5255 relatum
692 5192 759 5270 tuit,
774 5192 930 5254 Dioeceses
940 5209 1012 5254 suae
1024 5192 1114 5254 dese-
1167 5192 1258 5254 aliter
1271 5192 1303 5252 iu
1328 5191 1498 5272 praemissis
1520 5193 1666 5255 omnibns
1694 5197 1727 5254 et
1748 5189 1875 5272 singulis
1893 5199 1937 5266 per

319 5283 405 5360 runt,
421 5283 530 5342 elnon
546 5280 674 5362 quidem
702 5280 734 5342 iu
749 5280 865 5343 Urbem
881 5279 979 5360 Regni
995 5281 1112 5360 princi·
1166 5299 1369 5363 quoscunque
1381 5281 1508 5346 ludices
1522 5281 1704 5344 Ordinarios
1722 5282 1772 5343 vel
1782 5281 1934 5358 Balepatna,

320 5385 406 5450 pem,
423 5369 476 5431 ubi
500 5369 699 5450 apostolicus
714 5368 847 5431 Nuntius
859 5386 981 5431 moram
1003 5369 1110 5449 trabit,
1168 5370 1265 5432 etiam
1286 5369 1457 5432 Causarum
1480 5367 1932 5450 PalaliiApostoliciAuditoraa,

320 5458 376 5520 sed
391 5457 423 5519 iu
437 5458 561 5521 aliaese
575 5457 896 5539 conteruntejusdem
916 5458 1113 5538 ReguiGivi-
1165 5475 1288 5520 necnon
1320 5458 1478 5537 praedictae
1502 5459 1535 5521 S.
1553 5459 1589 5520 R.
1606 5459 1641 5520 N.
1663 5457 1842 5521 cardinales
1860 5451 1933 5515 elien

320 5549 411 5626 lates,
428 5546 502 5627 quin
524 5545 590 5628 ipse
614 5545 748 5610 Nuntius
775 5545 947 5629 quidquam
968 5546 1007 5607 de
1036 5545 1112 5628 ipsis
1165 5545 1205 5608 de
1219 5549 1331 5610 batere
1345 5548 1490 5628 Legatos,
1502 5546 1712 5628 Vioelegetos,
1729 5551 1760 5610 et
1773 5541 1933 5628 Apostolica
