3992 6336
291 477 351 545 116
863 481 980 547 LIBER
1000 471 1181 558 TERTIUS,
1204 477 1306 544 PARS
1326 481 1366 545 11.

293 676 425 746 pauper.
458 665 490 730 Si
514 669 622 732 tamen
644 667 676 730 in
696 669 802 752 aliqua
830 667 959 731 dioecesi
981 671 1085 730 esseut
1141 665 1332 730 inveniendo
1356 665 1496 745 domino,
1518 665 1612 748 hujus
1634 665 1781 728 voluntas
1799 684 1861 729 non
1881 674 1937 748 est,

292 752 441 834 specialia
459 757 587 834 3131313,
608 759 644 818 31
663 756 841 820 distributio
866 775 976 818 eorum
997 757 1088 817 ficret
1142 757 1179 817 ut
1192 755 1285 818 detur
1298 754 1489 836 pauperibus
1506 773 1513 816 :
1530 773 1607 836 ergo
1622 773 1695 818 cum
1710 755 1874 836 diligentia
1888 757 1940 818 illa

298 841 474 904 secundum
497 844 734 926 dispositionem
756 843 913 924 Episcopi,
939 844 989 904 vel
1011 845 1090 906 Gon·
1144 842 1325 922 333133311,
1342 861 1400 904 neo
1415 861 1435 904 3
1449 843 1658 923 confessario,
1672 843 1838 906 33331333
1852 845 1938 906 adbi-

300 931 432 1009 fossarii,
449 933 494 994 uti
512 933 628 996 Bonae.
646 932 722 997 dicit
741 953 808 996 esse
828 932 1006 1011 Mediolani,
1023 931 1090 994 tali·
1144 930 1229 1008 bita,
1259 931 1407 1010 praesumi
1435 947 1498 992 non
1527 935 1630 1009 potest
1657 929 1796 992 adfuisse
1822 931 1938 994 domini

295 1021 357 1086 bus
372 1021 449 1084 locis
464 1023 611 1086 standum
625 1027 708 1086 esset
724 1021 878 1103 ejusmodi
893 1022 1029 1084 statutis.
1145 1035 1347 1080 consensum.
1363 1016 1443 1080 Vide
1458 1016 1593 1080 dicenda
1607 1037 1638 1080 n.
1654 1021 1724 1080 211.

243 1137 272 1183 cs
338 1109 446 1187 Qeoest.
472 1114 523 1174 el.
542 1147 583 1158 -
598 1110 678 1188 Quid
702 1109 881 1194 faciendam,
910 1112 937 1173 si
960 1109 1092 1172 13311333
1189 1107 1296 1182 03331.
1312 1109 1362 1168 15.
1378 1106 1470 1170 —Si
1482 1107 1535 1189 ser
1557 1107 1762 1169 renationem
1782 1105 1939 1170 3311333-
1960 1125 1983 1172 3

297 1207 473 1282 compareat,
487 1209 641 1282 postquam
655 1219 699 1260 res
714 1200 852 1282 pauperi,
869 1198 915 1260 331
922 1198 984 1282 pice
997 1215 1092 1260 333333
1147 1195 1200 1273 rit,
1217 1196 1264 1257 cel
1276 1193 1445 1272 vendiderit,
1462 1195 1513 1258 cai
1523 1194 1624 1259 131333
1637 1197 1813 1258 restituere?
1827 1198 1862 1257 a.
1878 1197 1897 1276 §
1911 1199 1938 1258 l.

297 1287 449 1370 applicato
461 1294 527 1350 at?
541 1290 577 1350 11.
588 1289 608 1368 5
618 1291 645 1350 l.
660 1287 693 1350 Si
707 1289 794 1368 prius
808 1286 953 1348 adhibita
967 1292 1015 1347 est
1029 1285 1092 1347 sul·
1147 1283 1179 1347 Si
1202 1283 1337 1362 donarit,
1354 1283 1470 1345 teneris
1487 1285 1653 1347 restituere
1673 1284 1817 1362 domino,
1833 1289 1865 1346 et
1877 1303 1939 1346 non

298 1378 405 1439 ticieus
420 1375 581 1454 diligentia
594 1394 651 1457 pro
662 1375 850 1438 inveniendo
867 1375 1006 1451 domino,
1022 1374 1087 1436 Set.
1145 1371 1219 1450 1331,
1236 1372 1310 1453 3313
1324 1373 1410 1452 33133
1423 1373 1540 1436 mansit
1557 1374 1715 1452 dominus,
1733 1373 1784 1435 cui
1805 1373 1831 1435 si
1852 1373 1942 1436 resti·

300 1463 563 1528 llenr.Nav.Lcd.
577 1463 691 1546 aliique
702 1467 862 1545 cumLug.
875 1463 906 1525 1.
919 1463 1086 1540 naalol,
1146 1464 1228 1538 tuas,
1259 1477 1321 1521 nou
1349 1459 1477 1540 patieris
1504 1479 1601 1541 grave
1630 1460 1879 1538 incommodum,
1910 1463 1942 1523 ut

301 1554 410 1616 dicunt
443 1570 506 1616 non
541 1571 609 1614 esse
647 1553 871 1634 obligationem
907 1549 1091 1614 restituendi
1145 1563 1290 1627 suppono
1318 1568 1325 1609 :
1352 1547 1378 1609 si
1402 1551 1508 1610 autem
1532 1549 1677 1613 restituas
1700 1549 1774 1627 furi,
1800 1548 1854 1631 qui
1882 1567 1942 1612 nou

301 1638 440 1720 domino,
470 1639 613 1722 quamvis
641 1659 691 1703 res
719 1640 824 1702 adhuc
846 1643 993 1716 exstaret,
1020 1637 1094 1719 quia
1146 1635 1841 1719 reddatdominatuteneberisoompensars
1855 1637 1942 1700 dam·

302 1747 434 1810 pauper,
449 1728 500 1790 vel
518 1727 605 1790 locus
619 1727 689 1807 pius
708 1727 875 1808 acquisivit
892 1725 1090 1791 dominium:
1149 1741 1236 1800 num,
1254 1723 1344 1803 cnjus
1358 1741 1391 1786 es
1405 1742 1503 1786 causa
1515 1725 1636 1788 efficax.
1994 1769 1995 1772 ,

302 1815 1097 1898 3311133313333333311313313333333313331
1189 1811 1249 1890 §2
1267 1811 1300 1874 Si
1315 1811 1366 1872 fur
1384 1812 1440 1876 tibi
1457 1813 1646 1892 vendiderit,
1662 1833 1722 1876 nec
1740 1813 1842 1895 possis
1856 1815 1944 1878 aliter
1962 1845 1984 1892 3

304 1903 1095 1969 censerirationabiliterinvitus:econtradomino
1151 1899 1291 1978 recipcre
1312 1907 1402 1962 tuum
1425 1901 1574 1981 pretium,
1590 1901 1709 1982 poteris
1733 1903 1794 1966 hoc
1809 1903 1942 1982 pretium

305 1994 426 2058 restitui
445 1991 560 2056 debere
574 2011 594 2055 a
608 2011 758 2074 paupere,
774 1993 823 2056 vel
838 1993 907 2055 loao
921 1993 974 2074 pio
989 1993 1098 2056 dicunt
1151 1991 1308 2068 repetere,
1324 1989 1548 2069 permittendo,
1563 1991 1663 2052 31133
1679 2009 1750 2058 rem
1770 1992 1857 2054 illam
1872 1991 1944 2054 reci-

305 2083 378 2148 1131.
401 2084 510 2160 Laym.
533 2082 675 2161 Gastrop.
698 2079 821 2144 Petsch.
841 2099 876 2163 p.
904 2083 978 2158 6493
1004 2081 1094 2144 Dian.
1152 2076 1228 2157 piat,
1245 2075 1290 2138 uti
1310 2076 1606 2155 habetcommnnis,
1624 2077 1699 2160 quia
1722 2077 1822 2141 habes
1837 2077 1890 2161 jus
1907 2078 1944 2140 ad

300 2173 392 2256 311,
404 2167 516 2247 11111.
529 2172 578 2248 11,
595 2169 669 2252 3313
682 2169 769 2249 33133
783 2168 960 2233 distributio
974 2167 1099 2229 ridetur
1153 2169 1242 2229 tuum
1257 2166 1404 2245 pretium,
1421 2185 1478 2247 pro
1493 2183 1556 2246 quo
1578 2167 1655 2230 nihil
1673 2167 1824 2248 accepisti
1842 2187 1850 2230 :
1873 2186 1943 2248 ergo
1994 2209 1995 2212 κ

307 2262 391 2322 13313
405 2279 443 2322 an
456 2258 644 2336 conditione,
662 2258 688 2320 si
712 2275 775 2320 non
798 2262 981 2338 compareat
999 2253 1098 2318 domi·
1153 2258 1243 2336 potes
1258 2253 1334 2314 illud
1354 2258 1516 2333 repetere;
1540 2255 1653 2318 deinde
1675 2274 1738 2319 non
1758 2255 1944 2336 obligastite

308 2368 388 2423 nus;
404 2346 545 2428 alioquin
564 2345 725 2427 negotium
747 2346 814 2428 ejus
829 2350 910 2408 esset
929 2345 1011 2407 mala
1028 2361 1100 2424 ges·
1154 2343 1195 2408 31
1214 2342 1464 2405 conservandam
1478 2359 1551 2404 cum
1573 2347 1660 2406 tanto
1679 2343 1796 2408 damno
1811 2345 1945 2408 333313-

307 2442 390 2509 tum;
409 2454 484 2515 crgo
499 2435 525 2497 si
540 2437 731 2513 compareat,
748 2433 927 2496 distributio
948 2436 995 2494 est
1013 2431 1101 2493 inva-
1153 2430 1230 2494 mini
1248 2451 1255 2492 :
1271 2447 1346 2510 ergo
1361 2430 1545 2510 permittere
1558 2435 1649 2512 potes
1662 2433 1778 2496 iterum
1793 2433 1884 2514 eripi.

308 2523 374 2587 lida
386 2527 396 2585 τ’
405 2526 538 2604 3133333
552 2522 707 2584 sententia
721 2526 769 2585 est
781 2520 965 2602 probabilis,
982 2519 1038 2582 sed
1051 2538 1101 2583 sc·
1194 2518 1213 2598 ᾖ
1226 2519 1256 2579 3.
1272 2519 1308 2579 ln
1328 2515 1388 2578 hoc
1402 2521 1508 2579 tamen
1523 2519 1632 2581 ultimo
1647 2537 1735 2598 casu,
1752 2521 1876 2584 etiamsi
1895 2521 1946 2583 de·
1994 2552 1996 2565 v

309 2611 414 2674 cunda
435 2611 561 2674 videtur
584 2609 800 2690 probabilior:
827 2609 971 2672 concedit
994 2613 1100 2672 tamen
1154 2607 1245 2669 berea
1265 2606 1402 2686 pretium
1425 2605 1569 2686 perdere,
1591 2606 1788 2687 probabilius
1812 2610 1943 2687 videtur,

310 2700 406 2762 etiam
427 2699 500 2762 Mol.
517 2700 542 2760 si
557 2716 607 2760 res
621 2698 675 2759 illa
688 2698 729 2760 sit
749 2718 768 2761 e
787 2716 927 2779 paupere
951 2697 1098 2776 alienata,
1156 2694 1240 2777 quod
1254 2711 1317 2756 333
1326 2694 1427 2774 333313
1441 2713 1509 2758 rem
1524 2695 1656 2758 reddere
1667 2696 1740 2776 luri,
1751 2701 1807 2760 aut
1817 2699 1945 2778 positive

310 2806 373 2852 333
395 2805 463 2848 3333
478 2787 612 2867 emplius
630 2786 868 2866 restituendam,
885 2804 996 2848 verum
1010 2785 1036 2848 si
1051 2803 1102 2848 se·
1155 2783 1197 2846 31
1211 2783 1271 2844 hoc
1285 2782 1460 2862 cooperari,
1473 2782 1569 2845 31133
1582 2783 1725 2864 recipiat,
1738 2785 1763 2846 si
1774 2785 1946 2865 praevideas

311 2875 735 2954 cundasententiaveraest,
752 2879 981 2958 consequenter
995 2875 1101 2938 dicen·
1156 2887 1219 2932 non
1243 2887 1310 2931 esse
1334 2868 1530 2931 reddendam
1552 2870 1692 2949 domino,
1713 2869 1758 2933 113
1776 2873 1845 2954 Gaj.
1867 2871 1944 2935 1131.

310 2965 406 3043 dum,
437 2963 575 3045 quandiu
607 2963 728 3044 existit,
757 2963 984 3028 restituendam
1011 2981 1099 3041 esse,
1156 2961 1223 3024 sot.
1250 2957 1325 3020 Led.
1348 2957 1422 3020 Mol.
1447 2960 1558 3038 haym.
1587 2957 1609 3020 l.
1634 2961 1665 3038 3,
1686 2968 1708 3021 t.
1728 2961 1943 3041 e,c.a·1,§a,

311 3058 366 3117 331
388 3051 456 3134 ejus
476 3051 633 3131 pretium,
659 3051 685 3114 si
709 3051 778 3132 quis
803 3071 841 3112 ex
862 3051 915 3116 illo
938 3052 979 3114 311
1000 3052 1102 3113 133133
1156 3046 1373 3127 3213311133
1387 3045 1420 3107 13
1434 3065 1468 3108 re
1483 3047 1682 3110 consentiunt
1693 3051 1773 3130 Lug.
1782 3049 1813 3112 d.
1824 3051 1944 3128 11,3.1,

311 3142 415 3206 ditior.
1157 3140 1189 3199 et
1206 3134 1316 3198 Platel.
1340 3151 1373 3214 p.
1398 3136 1428 3212 3,
1445 3151 1476 3196 3.
1500 3137 1571 3212 738,
1596 3136 1712 3214 partim
1735 3140 1849 3199 333133
1863 3137 1945 3216 Sylr.

257 3267 286 3316 q,
351 3235 419 3314 51.
438 3230 471 3294 Si
495 3248 558 3292 non
580 3232 739 3311 praecessit
761 3231 917 3294 sufficiens
941 3229 1103 3310 diligentia
1157 3226 1264 3288 Alana.
1280 3220 1401 3302 Bajam,
1416 3239 1448 3302 p.
1466 3223 1495 3299 l,
1511 3240 1569 3284 ces.
1586 3225 1642 3298 63;
1659 3223 1749 3287 Dian.
1759 3245 1794 3307 p.
1811 3227 1844 3293 5,
1862 3231 1885 3285 t.
1902 3227 1946 3301 11,

311 3342 369 3406 333
390 3318 578 3383 1333313313
593 3320 732 3398 domino,
750 3326 781 3381 et
801 3338 851 3382 res
866 3317 970 3381 adhuc
991 3317 1104 3380 existat
1157 3311 1195 3374 R.
1217 3313 1276 3384 78;
1303 3311 1406 3372 Haun.
1430 3317 1453 3370 t.
1470 3311 1499 3387 3,
1515 3329 1546 3373 3.
1572 3312 1649 3385 160;
1673 3311 1798 3374 Ρ313311.
1817 3330 1853 3392 3.
1873 3311 1947 3382 dett

313 3405 1104 3493 3331333333333,3311333331331,3133333133]
1159 3403 1250 3482 Spor.
1263 3408 1285 3461 t.
1296 3402 1327 3475 1,
1339 3401 1405 3474 31,
1422 3415 1486 3458 33.
1504 3399 1579 3472 1213
1596 3397 1658 3459 llls.
1674 3407 1699 3460 1.
1715 3401 1746 3477 t,
1763 3397 1793 3460 d.
1809 3401 1841 3476 3,
1859 3415 1890 3460 n.
1901 3399 1946 3472 to,

311 3518 421 3564 omnes
442 3500 588 3562 tenentur
609 3498 784 3574 restituere,
808 3500 840 3558 et
861 3495 894 3557 in
915 3495 1031 3558 horum
1051 3492 1105 3554 de·
1159 3489 1212 3571 qni
1236 3485 1378 3550 absolute
1406 3483 1515 3546 dicunt
1535 3502 1628 3565 posse
1649 3485 1742 3548 reddi
1764 3485 1948 3564 1333311313

313 3587 468 3664 13313113,
480 3582 1105 3667 33113111,331313333133313333313331
1158 3595 1178 3640 3
1191 3590 1371 3657 3333333333
1385 3571 1477 3636 malae
1490 3570 1563 3632 lldei
1582 3591 1589 3632 :
1608 3573 1726 3652 partim
1740 3576 1853 3638 contra
1866 3575 1946 3635 bees.

174 3663 188 3688 '
314 3675 498 3750 dominium,
521 3672 753 3736 cumdominus
774 3675 856 3734 esset
877 3669 1105 3733 rationabiliter
1158 3664 1253 3729 Mald.
1270 3665 1361 3725 ‘lui-r.
1378 3661 1493 3724 Dicast.
1510 3659 1724 3740 1311331111,
1741 3662 1807 3725 dt
1836 3661 1947 3744 quidi-

314 3766 453 3828 invitus:
479 3767 510 3824 et
533 3760 586 3842 qui
606 3761 693 3822 dedit
712 3778 776 3823 non
797 3759 958 3839 praemissa
977 3757 1105 3838 inquisi·
1160 3757 1235 3818 cunt
1261 3767 1352 3832 posse
1373 3749 1482 3828 reddi,
1505 3751 1561 3812 sed
1583 3755 1706 3813 tantum
1730 3769 1749 3813 a
1772 3767 1947 3832 possessore

313 3854 409 3930 tione,
422 3850 548 3914 domino
563 3847 638 3912 fecit
651 3847 798 3930 injuriam
810 3867 817 3908 :
831 3847 950 3928 quodsi
962 3847 1106 3908 resboua
1159 3839 1251 3902 bonae
1265 3839 1338 3900 fidei
1350 3857 1357 3901 :
1367 3855 1478 3902 verum
1493 3855 1556 3902 333
1571 3842 1704 3919 3333331
1717 3839 1783 3902 ulla
1796 3839 1889 3917 ratio,
1900 3855 1950 3900 cur

314 3940 376 4004 lide
390 3940 430 4002 sit
444 3941 641 4018 consumpta,
653 3955 711 3998 nec
722 3937 888 4018 quisquam
903 3953 940 3996 ex
955 3954 993 3996 ea
1005 3934 1107 3996 factus
1161 3927 1249 3990 reddi
1267 3927 1366 4008 possit
1379 3945 1399 3989 3
1412 3943 1591 4008 possessore
1614 3928 1706 3991 bonae
1727 3935 1760 3990 ct
1777 3945 1841 3990 non
1860 3927 1946 3990 mala

315 4031 355 4092 sit
368 4028 472 4105 ditior,
484 4032 551 4091 tum
560 4025 611 4089 ille
621 4027 706 4088 solus
720 4028 845 4088 tenetur
858 4024 1035 4100 restituere,
1052 4021 1107 4105 qui
1160 4017 1244 4096 fidei,
1275 4017 1319 4080 311
1347 4019 1432 4080 33313
1459 4019 1547 4098 Lugo
1571 4037 1601 4079 n.
1628 4020 1678 4095 31,
1705 4017 1850 4099 quamvis
1873 4014 1950 4078 enim

316 4118 414 4194 dedit,
439 4115 610 4196 331313311
631 4113 779 4196 injuriam
802 4113 847 4175 sic
870 4112 986 4190 dando,
1012 4112 1104 4174 Azor.
1161 4107 1278 4188 emptio
1293 4106 1334 4169 sit
1346 4105 1430 4167 mala
1443 4104 1505 4166 fide
1520 4105 1614 4183 facta,
1632 4123 1704 4168 cum
1719 4109 1826 4168 tamen
1842 4103 1950 4168 rescin-
1994 4151 1995 4154 ,

316 4208 389 4270 Mol.
405 4209 490 4270 Lesa.
507 4211 539 4268 ct
552 4204 603 4266 alii
619 4222 690 4267 cum
706 4205 820 4266 Bonae.
837 4221 868 4265 n.
885 4205 934 4265 l8.
1162 4196 1265 4275 datur,
1282 4199 1337 4257 aut
1351 4195 1390 4257 ab
1404 4193 1492 4257 initio
1508 4194 1604 4256 fuerit
1624 4194 1721 4270 nulla,
1737 4193 1861 4257 ratione
1875 4192 1949 4254 illins

262 4335 291 4383 9,
355 4298 417 4377 53.
434 4294 466 4358 Si
481 4291 870 4370 confessariusbonande,
882 4291 938 4353 sed
953 4308 1015 4354 333
1029 4307 1109 4372 praa·
1162 4303 1225 4350 333
1239 4282 1341 4365 magis
1354 4283 1494 4345 nascitur
1514 4301 1552 4344 ex
1576 4282 1751 4345 redditione
1775 4280 1821 4344 rei
1842 4279 1950 4364 injuria

316 4387 413 4449 missa
433 4383 597 4448 sufficienti
617 4379 828 4462 inquisitione,
852 4379 966 4442 dixerit
984 4379 1058 4458 furi,
1074 4383 1109 4442 ut
1163 4371 1453 4449 contradomiuum,
1464 4387 1557 4452 quam
1570 4371 1595 4432 si
1604 4371 1689 4434 bona
1698 4370 1761 4432 1113
1770 4369 1946 4433 3333113313.

316 4493 384 4536 rem
399 4471 488 4536 daret
501 4471 703 4551 pauperibus,
720 4470 746 4530 si
761 4469 801 4532 sit
815 4471 899 4546 1313,
917 4472 949 4531 31
962 4484 1109 4531 consum·
1163 4461 1253 4526 Ratio
1277 4459 1384 4540 113333
1407 4463 1515 4522 333133
1529 4463 1599 4520 331;
1622 4460 1651 4521 1.
1669 4457 1749 4531 Quia
1764 4457 1792 4520 31
1812 4456 1949 4520 domiuus

317 4565 382 4642 313,
410 4560 603 4641 probabilius
631 4563 678 4622 est
703 4558 805 4619 furem
834 4557 965 4637 obligari
993 4557 1109 4618 iterum
1164 4551 1208 4614 rei
1222 4549 1317 4612 sciret
1338 4567 1409 4610 eam
1423 4565 1490 4612 esse
1512 4548 1597 4627 apud
1618 4551 1804 4628 emptorem,
1817 4543 1948 4628 justenb

319 4651 394 4714 dare
413 4650 548 4730 pretium
572 4648 698 4710 domino
723 4645 928 4726 comparenti,
953 4645 1109 4726 quidquid
1163 4640 1223 4702 hoo
1241 4640 1409 4717 repeteret,
1426 4637 1476 4697 vel
1499 4639 1682 4712 resumeret,
1700 4641 1733 4696 et
1755 4639 1878 4715 emptor
1899 4649 1949 4712 per

319 4739 516 4804 contradicat
528 4736 638 4800 Tamb.
656 4735 710 4798 tit.
727 4739 757 4813 8,
774 4743 796 4797 t.
813 4738 843 4814 1,
859 4753 885 4796 3.
905 4736 934 4812 1,
950 4735 1012 4814 33,
1029 4753 1060 4796 n.
1077 4737 1108 4811 8,
1163 4728 1308 4793 iudicem
1323 4728 1489 4805 cogeretur
1503 4724 1631 4786 domino
1645 4723 1801 4797 reddere;
1826 4741 1899 4803 ergo
1913 4719 1949 4781 si·

320 4828 409 4911 cujus
427 4826 613 4890 sententiam
627 4825 751 4887 videtur
771 4841 942 4904 agnoscere
962 4820 1111 4902 probabi-
1164 4833 1263 4899 gnum
1284 4818 1341 4892 cst,
1358 4814 1443 4896 quod
1458 4831 1495 4874 ex
1511 4816 1624 4875 natura
1645 4813 1690 4873 rei
1713 4813 1755 4874 ad
1778 4811 1839 4874 hoc
1853 4817 1949 4872 tenca·

318 4919 382 4982 lem
406 4917 496 4997 Spor.
513 4924 535 4977 t.
557 4918 587 4990 t,
612 4916 724 4996 3331,
740 4933 771 4974 3.
796 4914 847 4988 10,
873 4929 946 4973 oum
969 4909 1054 4974 dicat
1075 4928 1110 4974 se
1164 4909 1225 4968 tur.
1244 4911 1272 4966 2.
1291 4905 1352 4964 Res
1366 4905 1506 4963 extracta
1521 4921 1537 4962 3
1552 4903 1707 4981 potestate
1723 4901 1801 4962 luris
1814 4899 1874 4962 hoo
1886 4897 1947 4978 ipso

320 5001 382 5070 uon
405 5003 521 5067 audere
542 5002 681 5082 obligare
705 5001 746 5062 ad
767 4999 881 5062 iterum
900 4997 1107 5072 solvendum
1166 4991 1332 5073 acquisivit
1345 4989 1508 5052 meliorem
1530 4993 1657 5066 statum,
1675 4986 1728 5068 qui
1752 4991 1852 5050 status
1868 5001 1948 5065 speo-

319 5095 375 5158 sed
389 5093 468 5156 ratio
483 5094 590 5155 nostra
603 5095 660 5168 est,
677 5089 753 5170 3313
772 5088 862 5150 31133
875 5087 1008 5168 ipsemet
1026 5087 1111 5149 bona
1165 5086 1211 5146 tet
1231 5081 1272 5143 31
1292 5099 1359 5142 rem
1374 5080 1486 5159 ipsam,
1502 5081 1534 5141 et
1551 5081 1783 5158 consequenter
1801 5077 1841 5137 ad
1859 5069 1947 5136 domi·

318 5185 381 5246 fide
408 5181 546 5244 dedisset
572 5179 691 5259 absque
714 5177 875 5257 praemissa
895 5174 1109 5256 inquisitione,
1165 5187 1241 5231 num
1255 5167 1302 5231 rei
1320 5188 1329 5244 ;
1345 5185 1420 5248 crgo
1436 5167 1489 5249 qui
1504 5167 1590 5228 illam
1605 5184 1642 5226 ex
1657 5165 1718 5227 hoc
1733 5162 1860 5226 meliore
1873 5163 1946 5224 statu

320 5271 426 5354 utiquc
447 5272 556 5351 postea
578 5267 682 5329 adhuc
699 5269 860 5329 teneretur
877 5263 1042 5326 restituere
1062 5281 1111 5326 ra·
1165 5257 1267 5340 rejicit
1285 5257 1316 5318 13
1340 5257 1539 5332 deteriorem,
1555 5253 1631 5316 lacit
1654 5252 1783 5316 domino
1797 5250 1944 5333 injuriam,

319 5361 405 5423 tione
433 5358 541 5439 prime
569 5355 759 5436 acceptionis
786 5353 933 5435 injustae3
970 5351 1111 5434 quaudiu
1165 5347 1284 5410 sicutsi
1304 5336 1944 5412 33331133313331333133333313333113,

322 5449 406 5512 enim
419 5465 483 5511 nou
497 5449 544 5512 est
557 5444 699 5512 adhibita
708 5441 865 5508 sufficiens
877 5439 1039 5523 diligentia
1052 5457 1110 5522 pro
1165 5455 1228 5502 nen
1256 5453 1364 5520 possea
1391 5435 1471 5500 citra
1497 5431 1645 5516 injuriam
1672 5431 1788 5497 iterum
1816 5427 1943 5510 injicere,
