3994 6344
910 475 1026 537 elene
1047 475 1226 552 mantua,
1250 475 1351 540 PARS
1373 477 1411 540 ΙΙ.

534 890 821 954 ARTICULUS
846 893 915 956 lll.

489 1117 590 1195 Oeten
612 1123 788 1188 restitutione
802 1129 957 1188 encusent?

259 1377 302 1423 loe
372 1387 386 1424 o
402 1370 492 1448 Resp.
513 1371 537 1431 Ι.
554 1372 599 1432 llx
616 1376 704 1450 parte
729 1372 878 1434 debitoris
901 1375 1052 1434 excusant
1068 1390 1116 1448 ea,

327 1473 398 1535 quae
417 1456 547 1534 faciunt,
566 1463 601 1519 ut
617 1460 753 1521 creditor
766 1460 993 1522 rationabiliter
1007 1459 1121 1521 debeat

328 1561 394 1604 esse
417 1549 582 1606 contentus
600 1551 631 1608 et
650 1547 729 1608 side
749 1548 832 1609 tacte
848 1565 910 1609 non
932 1547 972 1609 sit
991 1551 1121 1608 conten-

327 1635 387 1693 tus.
408 1630 457 1692 Ito
470 1651 572 1695 comm.
589 1633 673 1698 Dect.
694 1635 777 1698 Unde
788 1637 973 1698 resolvuntur
986 1653 1120 1697 rcsnsso·

327 1729 466 1802 quantes:

366 1831 381 1866 n
406 1810 429 1870 Ι.
456 1811 623 1872 lecusaris
646 1812 677 1871 in
698 1813 765 1875 foro
790 1812 988 1876 conscientiae
1012 1813 1120 1894 (juxta

327 1899 514 1959 sententiam
550 1901 783 1982 probabilem),
818 1921 838 1963 a
864 1903 1118 1981 compensatione

326 1985 443 2056 damni,
459 1987 484 2046 si
499 1986 574 2048 illud
588 1989 696 2050 datum
710 1990 750 2052 sit
764 1991 830 2052 sine
845 1995 900 2051 tue
910 1992 1003 2070 culpa
1016 1991 1118 2053 'lbcc-

326 2074 427 2151 logica
441 2075 541 2152 gravi,
568 2076 627 2138 boc
652 2082 709 2155 est,
732 2079 856 2140 mortali
880 2083 1029 2156 peecat03
1057 2078 1116 2138 nisi

327 2161 412 2222 alind
423 2180 494 2222 cum
509 2164 606 2226 altero
619 2171 729 2244 pactus
741 2167 794 2243 sis,
811 2167 861 2227 vel
874 2166 946 2226 inde
961 2166 1002 2226 sis
1018 2167 1118 2228 factus

327 2249 429 2312 ditior.
457 2253 546 2313 Unde
566 2255 733 2331 excusaris,
750 2255 775 2314 si
788 2273 819 2315 v.
835 2273 867 2333 g.
884 2253 1021 2334 aliquem
1036 2254 1119 2314 ccci-

327 2337 398 2399 disti
413 2357 451 2398 ex
465 2340 567 2401 subita
581 2341 638 2418 ira,
662 2345 697 2402 nt
715 2341 739 2403 si
759 2341 853 2403 fuerit
875 2347 979 2402 motus
993 2345 1117 2402 tantum

326 2426 428 2505 primo
443 2427 572 2506 primns,
591 2431 638 2490 vel
653 2431 790 2491 secundo
815 2429 956 2508 primus;
972 2429 1022 2489 vel
1038 2427 1063 2489 si
1079 2446 1117 2488 ex

327 2514 482 2577 oblivione
502 2535 565 2576 non
588 2518 773 2579 exstinxeris
797 2517 962 2579 carrdelam
989 2523 1021 2576 et
1043 2515 1116 2578 hinc

327 2607 431 2664 ertum
446 2603 484 2664 sit
494 2604 684 2683 incendium,
698 2611 757 2667 etc.
776 2605 900 2678 Quodsi
912 2608 1016 2666 autem
1029 2623 1118 2666 aver·

326 2697 395 2754 tens
408 2693 580 2770 periculum
591 2695 622 2754 in
637 2696 810 2757 actionibus
820 2694 1013 2773 periculosis
1027 2694 1117 2756 omit

326 2783 374 2842 tas
398 2798 467 2840 eam
491 2780 684 2860 diligentiam
705 2785 916 2862 praecavendi,
942 2802 1037 2864 quarn
1060 2783 1118 2844 hc-

326 2868 426 2930 mines
450 2867 591 2948 ejusdem
606 2871 792 2934 conditionis
812 2873 1020 2934 communiter
1036 2890 1117 2950 prae-

326 2960 409 3018 stare
430 2957 541 3035 solent,
565 2959 704 3037 graviter
716 2977 827 3038 peccas
846 2965 877 3020 et
897 2959 1012 3020 teneris
1027 2961 1118 3021 resti-

325 3049 414 3108 tuere
442 3046 558 3107 damna
580 3048 697 3108 secuta.
724 3049 820 3108 Porro
842 3046 874 3107 in
898 3048 965 3108 foro
988 3051 1116 3110 externo

325 3133 507 3214 proceditur
521 3135 694 3196 secundnm
706 3136 831 3214 eulpam
849 3134 1029 3214 juridicam,
1047 3155 1117 3214 quae

326 3239 409 3303 saepe
428 3241 491 3282 non
507 3225 554 3283 est
573 3226 736 3300 peccatum
751 3228 782 3286 et
796 3223 946 3285 dividitur
960 3223 1114 3302 inlatam,

325 3310 428 3372 levem
448 3312 479 3370 et
495 3310 696 3372 levissimam.

317 3409 319 3414 ·
365 3419 379 3456 c
406 3399 442 3460 ll.
468 3399 633 3460 Excuseris
652 3417 671 3460 a
690 3398 885 3460 restitutione
906 3400 1114 3476 incertorum,

325 3486 351 3548 si
375 3486 474 3547 fecisti
497 3487 756 3566 compositionem
777 3506 849 3549 cum
867 3489 1041 3568 Episcopo,
1065 3489 1115 3553 vel

325 3577 426 3655 Papa,
458 3578 543 3638 Less.
569 3575 590 3636 l.
631 3579 661 3653 ἓ,
690 3595 715 3636 c.
755 3578 809 3652 le,
839 3575 869 3637 d.
904 3579 961 3650 lt;
995 3577 1113 3638 Bonae.

324 3683 375 3746 qn.
388 3662 448 3725 ult.
459 3682 492 3744 p.
509 3671 539 3725 2.

364 3775 378 3811 n
396 3754 449 3814 lll.
466 3755 544 3814 ltem
558 3752 583 3814 si
599 3753 630 3813 in
646 3771 731 3829 casu,
749 3770 810 3832 qun
825 3752 941 3814 tenerIs
966 3771 1035 3814 rem
1050 3773 1116 3817 res·

324 3842 436 3905 tituerc
458 3841 659 3920 pauperibus,
683 3840 812 3920 tibiipsi
829 3860 941 3903 revera
959 3841 1116 3922 indigenti

324 3947 395 3990 eam
406 3930 481 4003 des;
498 3934 529 3993 et
549 3933 624 3992 tune
638 3929 765 4010 quidem
783 3934 893 4009 postea
907 3930 1007 3992 lactus
1022 3933 1117 3994 ditior

324 4015 428 4078 adhuc
444 4034 506 4078 non
522 4015 638 4077 teneris
656 4015 830 4078 restituere.
855 4017 892 4081 V.
907 4019 1016 4096 Laym.
1044 4018 1065 4081 t.
1083 4022 1114 4096 3,

325 4114 348 4166 t.
365 4109 395 4173 Ξ,
411 4123 476 4186 cop.
494 4107 543 4165 m.

364 4215 378 4252 n
397 4193 449 4257 lv.
467 4192 498 4256 Si
515 4210 576 4254 non
591 4193 691 4272 possis
705 4193 880 4272 restituere,
898 4194 957 4256 uisi
969 4195 1116 4257 notabili-

1177 662 1236 723 bus
1249 661 1336 741 rivit,
1353 668 1572 744 autmagnum
1592 663 1744 725 damnum
1765 662 1879 741 subeat,
1900 681 1944 743 pc·

1177 754 1238 814 test
1252 751 1387 830 differre,
1404 753 1434 813 el
1452 753 1604 832 paulatim
1625 754 1791 816 restituere
1815 752 1875 813 sine
1891 753 1942 834 jao

1177 841 1309 901 turcani
1324 845 1439 916 stutus3
1456 845 1565 920 Laym.
1581 843 1602 904 t.
1618 861 1644 904 c.
1659 844 1738 904 Bou.

1217 949 1231 986 c
1251 929 1303 990 vl.
1320 929 1409 1001 Quod
1432 930 1457 990 si
1480 936 1586 992 tamen
1601 935 1654 992 tua
1669 931 1763 1008 culpa
1776 929 1810 990 in
1823 929 1884 992 illas
1901 948 1943 990 en

1177 1016 1297 1096 gustias
1312 1017 1450 1097 dilapsus
1465 1019 1518 1096 sis,
1539 1037 1571 1080 v.
1594 1038 1625 1099 g.
1642 1019 1779 1094 luxuria,
1797 1018 1882 1094 ludis,
1903 1037 1944 1079 su-

1176 1105 1305 1183 perlluis
1328 1109 1472 1185 expensis
1493 1107 1638 1185 restium,
1657 1107 1714 1168 tibi
1734 1106 1885 1185 imputare
1902 1106 1944 1166 de-

1175 1193 1243 1270 bes,
1268 1194 1352 1275 qucd
1373 1194 1439 1274 jam
1459 1195 1526 1256 sine
1546 1199 1644 1258 status
1658 1195 1703 1258 tui
1723 1195 1943 1256 emissionencn

1176 1282 1276 1358 possis
1290 1281 1480 1344 satisfacere.
1497 1281 1575 1344 ltid.

1215 1391 1229 1427 n
1257 1371 1322 1432 Vll.
1347 1370 1436 1444 Quod
1457 1371 1484 1430 si
1504 1371 1579 1431 item
1598 1369 1735 1432 creditor
1758 1387 1797 1432 cx
1818 1371 1943 1434 dilatione

1175 1457 1296 1536 aequale
1310 1458 1461 1519 damnum
1471 1458 1577 1521 subire
1587 1459 1691 1534 debet,
1708 1462 1743 1520 tu
1753 1459 1855 1537 potins
1868 1475 1943 1538 quarn

1175 1544 1211 1620 is,
1229 1545 1381 1607 sustinere
1396 1547 1502 1624 debes,
1520 1565 1592 1608 cum
1607 1546 1675 1628 ejus
1689 1545 1828 1608 conditio
1841 1547 1879 1609 sit
1893 1565 1945 1608 me

1174 1632 1243 1695 lior.
1275 1633 1436 1714 Excipitur
1458 1640 1598 1696 extrema
1623 1633 1813 1709 necessitas,
1841 1634 1870 1696 in
1896 1651 1944 1714 qne

1174 1721 1277 1800 quoad
1297 1740 1400 1799 usum,
1421 1726 1494 1784 sunt
1506 1723 1612 1783 omnia
1633 1721 1828 1783 communia.
1841 1720 1909 1783 toto.

1213 1830 1227 1867 c
1244 1811 1323 1872 vlll.
1339 1810 1429 1882 Quod
1438 1811 1548 1872 siitem
1558 1810 1720 1886 damnum,
1737 1809 1823 1888 qnod
1837 1811 1943 1872 timetur

1174 1915 1211 1958 ex
1226 1898 1431 1976 restitutione,
1452 1917 1514 1961 non
1539 1904 1622 1961 esset
1642 1897 1845 1977 propn‘crum
1863 1898 1944 1960 bonc-

1173 2005 1253 2063 rum,
1270 1987 1372 2048 sedin
1387 1988 1447 2049 hcc
1460 1987 1591 2068 praecise
1601 1991 1735 2054 tantum,
1753 1985 1839 2066 quod
1852 1984 1944 2063 spoliet

1172 2095 1206 2136 se
1220 2077 1314 2138 rebus
1328 2075 1452 2153 debitis,
1466 2093 1528 2136 non
1539 2078 1642 2154 potest
1655 2074 1728 2135 ideo
1739 2071 1944 2135 diffemeresti-

1172 2165 1335 2240 tutionem,
1353 2165 1496 2246 quiahoc
1511 2184 1574 2227 non
1584 2169 1633 2226 est
1651 2163 1716 2243 pati
1728 2163 1760 2224 in
1774 2164 1839 2224 suis
1852 2163 1941 2236 rebus,

1172 2269 1273 2332 neque
1288 2271 1380 2314 snum
1394 2257 1510 2314 statum
1530 2253 1685 2328 amittere,
1710 2251 1768 2312 sed
1792 2254 1840 2312 est
1859 2249 1945 2311 dimil-

1171 2347 1237 2402 tere
1257 2341 1394 2402 alienum
1416 2345 1447 2404 et
1461 2341 1575 2404 reverti
1591 2341 1631 2402 nd
1655 2343 1771 2402 statum
1786 2338 1943 2419 preprium,

1172 2430 1252 2492 Sair.
1268 2429 1346 2493 clav.
1374 2449 1436 2512 rep.
1453 2431 1475 2492 t.
1493 2433 1548 2506 l0,
1571 2439 1609 2491 tr.
1628 2432 1659 2497 5,
1678 2447 1745 2510 cop.
1761 2431 1793 2497 6,
1814 2447 1891 2488 nam.
1904 2429 1944 2502 39,

1170 2519 1289 2580 Bonae.

1210 2627 1225 2663 n
1245 2607 1296 2668 lX.
1317 2607 1396 2668 Item
1414 2606 1572 2668 excusaris
1590 2604 1833 2681 arestitutione,
1847 2604 1871 2666 si
1891 2600 1944 2664 lieri

1171 2694 1280 2774 nequit
1304 2695 1422 2774 absque
1446 2694 1586 2774 periculo
1615 2692 1726 2754 salutis
1748 2691 1861 2753 animae
1885 2695 1944 2765 tue,

1170 2781 1220 2842 vel
1235 2785 1371 2854 tuorum;
1388 2785 1423 2843 ut
1435 2800 1466 2843 v.
1483 2801 1515 2860 g.
1540 2781 1566 2841 si
1581 2797 1644 2842 non
1659 2778 1744 2858 posis
1757 2779 1875 2859 absque
1888 2795 1946 2856 pce

1171 2873 1252 2942 cato;
1269 2874 1304 2932 ut
1317 2870 1342 2930 si
1357 2871 1398 2931 sit
1411 2871 1596 2949 periculum,
1612 2887 1652 2929 ne
1667 2885 1756 2944 uxor,
1774 2871 1830 2928 aut
1846 2865 1910 2927 fllia
1920 2882 1947 2924 se

1171 2959 1369 3037 prostituant,
1388 2977 1426 3020 ne
1440 2958 1497 3020 filii
1510 2957 1630 3020 sedent
1645 2955 1830 3032 latrociniis,
1846 2973 1881 3016 ne
1894 2953 1946 3032 ipse

1171 3065 1228 3125 per
1250 3047 1478 3126 impatientiam
1492 3046 1613 3108 incidas
1632 3045 1665 3106 in
1689 3043 1945 3124 desperationem,

1170 3135 1248 3195 Bon.
1265 3136 1350 3196 Less.
1367 3135 1441 3197 blol.
1458 3134 1526 3197 Fill.
1869 3187 1873 3194 .

1210 3243 1225 3279 c
1244 3223 1281 3283 X.
1315 3224 1392 3283 ltem
1411 3221 1436 3282 si
1456 3238 1518 3282 non
1542 3219 1642 3299 possis
1666 3219 1833 3282 restituere
1847 3217 1947 3294 absque

1170 3309 1309 3391 periculo
1326 3309 1406 3386 vitre,
1427 3309 1477 3370 vel
1496 3307 1625 3370 notabili
1641 3306 1832 3368 detrimento
1845 3305 1945 3366 fame:

1171 3415 1243 3458 cum
1258 3396 1335 3459 alias
1353 3397 1423 3475 plus
1441 3395 1548 3457 damni
1572 3395 1755 3472 sustineres,
1774 3411 1870 3476 quam
1882 3392 1948 3453 intu-
1984 3431 1985 3434 κ

1171 3485 1242 3547 listi.
1260 3487 1338 3547 Bon.
1355 3483 1384 3547 d.
1402 3489 1431 3563 l,
1446 3505 1476 3566 q.
1491 3484 1548 3546 ult.
1559 3504 1593 3564 p.
1612 3487 1641 3545 l.

1210 3595 1224 3632 n
1244 3577 1296 3636 Xl.
1312 3576 1401 3642 item,
1418 3575 1445 3635 si
1463 3573 1557 3638 cedas
1570 3571 1661 3634 bonis
1677 3592 1684 3633 :
1702 3571 1779 3653 quia
1792 3572 1875 3651 leges
1887 3585 1949 3631 ecu-

1171 3665 1341 3737 cesserunt,
1360 3661 1460 3741 utqui
1480 3661 1636 3722 conuexit
1649 3660 1749 3721 multa
1771 3659 1887 3734 debila,
1901 3671 1947 3716 nee

1172 3751 1267 3814 habet
1281 3751 1364 3811 unde
1378 3751 1489 3825 solvat,
1504 3748 1604 3827 possit
1617 3746 1730 3810 cedere
1742 3747 1847 3824 bonis,
1863 3763 1897 3808 es
1908 3759 1948 3804 re

1170 3839 1340 3918 linquendo
1355 3838 1385 3898 in
1402 3838 1546 3898 manibus
1561 3836 1758 3898 creditorum
1769 3839 1882 3898 ettunc
1894 3849 1947 3894 nse·

1171 3932 1245 3988 neat
1266 3927 1363 3999 liber;
1381 3927 1425 3987 ita
1438 3925 1524 3987 enim
1545 3925 1578 3984 in
1601 3923 1946 3994 consolamentum,
1983 3999 1984 4002 Ἴ

1171 4014 1300 4077 retentis
1313 4013 1526 4076 instrumentis
1540 4012 1628 4088 artis,
1651 4015 1687 4072 ut
1703 4007 1775 4090 quoe
1790 4009 1831 4072 ad
1844 4014 1947 4070 susten·
1983 4053 1985 4070 .

1170 4106 1320 4169 tationem
1331 4101 1593 4166 suntnecessaria.
1605 4100 1729 4173 Quodsi
1738 4103 1845 4162 menen
1854 4102 1948 4178 postea

1170 4193 1279 4256 redeat
1293 4193 1332 4253 ad
1348 4190 1546 4272 pinguiorem
1566 4189 1738 4266 inmunem,
1758 4191 1882 4251 tenetur
1902 4183 1948 4247 ad·

323 4287 458 4343 tarcum
480 4280 624 4360 graviore
642 4282 768 4359 damno,
786 4282 852 4360 tibi,
870 4284 919 4344 vel
933 4283 1020 4362 lteip.
1039 4283 1117 4344 inle-
1171 4282 1232 4342 buc
1246 4281 1421 4356 restituere,
1435 4297 1474 4340 ex
1487 4277 1525 4340 L.
1549 4276 1624 4341 Cum
1636 4276 1702 4361 fito·
1717 4276 1793 4359 scm.
1811 4274 1882 4339 tot.
1904 4271 1948 4356 qui

324 4370 433 4447 rende,
451 4387 546 4449 quam
560 4370 708 4431 aestimari
723 4371 837 4432 debeat
859 4372 1062 4434 commodum
1077 4389 1115 4434 ex
1170 4369 1235 4432 bon.
1253 4373 1330 4432 Nar.
1353 4387 1434 4431 mco.
1450 4387 1476 4429 c.
1494 4371 1543 4445 tn,
1559 4387 1589 4428 n.
1605 4369 1656 4444 86,
1683 4367 1763 4428 Iton.
1781 4367 1866 4428 Less.
1880 4361 1908 4424 d.
1921 4365 1945 4422 3.

324 4456 519 4520 restitutione
537 4457 683 4519 creditori
699 4458 920 4536 obventurum,
943 4463 1017 4521 tunc
1031 4460 1116 4521 enim
1170 4459 1292 4539 Exque
1316 4459 1413 4520 Trull.
1443 4466 1467 4518 t.
1482 4461 1512 4532 t,
1528 4465 1551 4518 t.
1569 4461 1598 4534 7,
1615 4475 1641 4516 c.
1659 4459 1709 4532 te,
1725 4453 1757 4516 d.
1773 4456 1805 4531 5,
1825 4473 1855 4516 n.
1869 4456 1898 4528 l,
1911 4449 1947 4514 sic
1983 4453 1985 4466 ²

324 4546 449 4608 differre
471 4549 579 4625 potes,
604 4546 681 4608 dum
708 4551 808 4608 cesset
835 4547 894 4609 ista
919 4547 1114 4627 impotentia.
1170 4547 1283 4610 limitet
1298 4568 1305 4609 :
1322 4546 1347 4608 si
1363 4546 1505 4626 acquirat
1520 4545 1591 4625 plus
1612 4561 1709 4624 quam
1724 4542 1766 4604 ad
1781 4540 1944 4604 decentium
1984 4595 1985 4616 2

323 4629 433 4706 Laym.
451 4624 474 4686 l.
491 4644 516 4688 e.
532 4643 571 4687 ex
585 4626 672 4705 sylv.
687 4629 765 4688 Nar.
780 4645 859 4688 men.
872 4646 897 4688 c.
912 4628 960 4688 l'l.
977 4649 1008 4690 n.
1025 4629 1075 4704 87,
1090 4636 1118 4690 et
1170 4639 1269 4696 status
1283 4638 1330 4696 est
1340 4634 1561 4710 necessarium,
1574 4649 1613 4692 ex
1627 4631 1713 4694 dicte
1725 4629 1764 4692 L.
1782 4630 1847 4693 Nisi
1856 4633 1945 4691 tmen

323 4733 401 4796 seqq.
418 4715 516 4795 ldque
530 4733 641 4777 verum
656 4720 712 4794 est,
730 4717 787 4779 etsi
798 4716 939 4779 debitum
953 4715 994 4779 sit
1007 4735 1046 4778 ex
1060 4716 1116 4778 de-
1171 4723 1277 4784 debite
1297 4721 1484 4802 proveniant
1504 4739 1541 4782 ex
1564 4719 1690 4797 delicto,
1711 4739 1742 4780 v.
1758 4737 1792 4798 g.
1809 4718 1898 4789 furta
1916 4730 1945 4775 ee

323 4803 409 4882 licto,
423 4803 467 4865 uti
482 4803 514 4864 in
529 4805 732 4884 sequentibus
747 4804 884 4867 casibus.
1170 4808 1254 4871 enim
1269 4827 1343 4871 casu
1358 4811 1480 4870 tantum
1493 4807 1743 4889 posserctinere,
1760 4822 1832 4888 qna
1844 4799 1945 4882 simpli·
1984 4875 1985 4878 Ἴ

363 4913 378 4950 n
398 4892 435 4953 V.
451 4890 482 4953 Si
501 4891 542 4952 ad
563 4890 790 4954 restituendum
801 4891 843 4953 sis
858 4892 1023 4972 impotens,
1041 4895 1076 4954 nt
1090 4892 1115 4954 si
1170 4897 1248 4960 citer
1261 4897 1438 4959 necessaria
1452 4901 1525 4958 sunt
1545 4896 1586 4958 ad
1600 4896 1731 4972 nictum,
1747 4895 1862 4956 docent
1879 4895 1943 4953 llas.

313 4979 429 5042 rivere
440 4996 502 5040 non
516 4979 617 5060 pessis
627 4980 799 5042 seeundum
810 4981 985 5043 decentiam
1000 4981 1116 5044 tuista·
1170 4987 1275 5050 Salon.
1291 4988 1377 5048 bees.
1395 4983 1417 5046 t.
1443 5003 1469 5046 c.
1495 4984 1552 5047 etsi
1577 4983 1629 5046 bic
1654 4983 1871 5058 concedentes,
1887 4994 1944 5060 qua
1984 5009 1985 5056 ς

323 5072 384 5146 tus,
398 5068 483 5150 juste
497 5087 517 5130 a
530 5074 560 5130 te
576 5069 730 5150 acquisiti.
749 5070 838 5132 Unde
853 5070 879 5131 si
896 5070 1007 5132 nobilis
1028 5089 1059 5133 v.
1080 5090 1112 5152 g.
1169 5077 1240 5152 post
1254 5073 1486 5135 eoncessIonem
1496 5072 1580 5153 juste
1594 5072 1805 5152 acquiruntur
1817 5070 1944 5132 licitere·
1983 5095 1985 5106 ·

324 5160 499 5236 ncnpctcst
510 5157 616 5220 statim
630 5159 762 5235 solvere,
779 5159 837 5220 nisi
853 5178 885 5220 se
900 5158 1003 5240 privet
1016 5160 1115 5223 tamu-
1169 5160 1272 5238 tineri,
1295 5160 1321 5222 si
1343 5161 1384 5222 ed
1407 5163 1524 5222 statum
1537 5159 1599 5222 sint
1617 5160 1808 5222 necessaria.
1833 5161 1869 5221 V.
1886 5154 1941 5219 tol.
1983 5179 1985 5242 5

323 5243 371 5314 lis,
386 5246 486 5327 equis,
503 5245 610 5325 ermis,
627 5250 687 5308 etc.
704 5249 754 5322 rel
769 5247 846 5308 civis
858 5246 1037 5326 primarius,
1055 5248 1114 5310 nisi
1168 5254 1278 5330 Leym.
1294 5269 1319 5311 c.
1334 5253 1382 5326 lt,
1394 5269 1424 5312 n.
1440 5251 1490 5324 483
1506 5251 1585 5311 Bon.
1597 5249 1696 5311 Trull.
1714 5248 1735 5311 l.
1750 5267 1776 5313 c.
1791 5251 1883 5310 Perre
1895 5241 1942 5306 ets'
1983 5255 1985 5262 ⁴

324 5332 417 5396 obeat
437 5341 537 5398 artem
558 5335 776 5398 mechanicam
797 5335 855 5398 sibi
871 5335 1040 5410 insuetam
1064 5337 1115 5398 vel
1169 5338 1343 5400 cessionem
1358 5337 1474 5400 dietam
1489 5355 1552 5399 nen
1574 5337 1694 5400 babere
1709 5331 1942 5400 loeuminbcnis

324 5420 535 5500 mechanicus,
552 5422 953 5488 nisivendatinstrumenta
967 5442 1034 5500 sue,
1048 5423 1114 5503 qui·
1168 5447 1207 5491 ex
1237 5427 1351 5492 delicto
1379 5424 1637 5508 provenientibus
1672 5425 1876 5491 communiter
1904 5423 1942 5483 te·
1984 5425 1985 5440 ³
