<?xml version="1.0" encoding="UTF-8"?>
<!DOCTYPE html PUBLIC "-//W3C//DTD XHTML 1.0 Transitional//EN"
    "http://www.w3.org/TR/xhtml1/DTD/xhtml1-transitional.dtd">
<html xmlns="http://www.w3.org/1999/xhtml" xml:lang="en" lang="en">
 <head>
  <title>
</title>
<meta http-equiv="Content-Type" content="text/html;charset=utf-8" />
  <meta name='ocr-system' content='tesseract 3.04.00' />
  <meta name='ocr-capabilities' content='ocr_page ocr_carea ocr_par ocr_line ocrx_word'/>
</head>
<body>
  <div class='ocr_page' id='page_1' title='image "./theologiamorali01busegoog_0116.png"; bbox 0 0 3992 6336; ppageno 0'>
   <div class='ocr_carea' id='block_1_1' title="bbox 313 545 1382 636">
    <p class='ocr_par' dir='ltr' id='par_1_1' title="bbox 313 545 1382 636">
     <span class='ocr_line' id='line_1_1' title="bbox 313 545 1382 636; baseline 0.007 -24"><span class='ocrx_word' id='word_1_1' title='bbox 313 545 371 616; x_wconf 79' lang='lat' dir='ltr'><strong>loe</strong></span> <span class='ocrx_word' id='word_1_2' title='bbox 875 547 991 625; x_wconf 78' lang='lat' dir='ltr'><strong>unna</strong></span> <span class='ocrx_word' id='word_1_3' title='bbox 1017 549 1199 636; x_wconf 76' lang='lat' dir='ltr'><strong>nennius,</strong></span> <span class='ocrx_word' id='word_1_4' title='bbox 1230 552 1331 618; x_wconf 77' lang='lat' dir='ltr'><strong>rans</strong></span> <span class='ocrx_word' id='word_1_5' title='bbox 1358 554 1382 620; x_wconf 87' lang='lat'><strong>1.</strong></span> 
     </span>
    </p>
   </div>
   <div class='ocr_carea' id='block_1_2' title="bbox 310 740 1947 2240">
    <p class='ocr_par' dir='ltr' id='par_1_2' title="bbox 312 740 1103 826">
     <span class='ocr_line' id='line_1_2' title="bbox 312 740 1103 826; baseline 0.01 -25"><span class='ocrx_word' id='word_1_6' title='bbox 312 740 462 821; x_wconf 90' lang='lat' dir='ltr'><strong>pondere,</strong></span> <span class='ocrx_word' id='word_1_7' title='bbox 474 761 632 824; x_wconf 89' lang='lat' dir='ltr'><strong>mensura,</strong></span> <span class='ocrx_word' id='word_1_8' title='bbox 643 743 693 808; x_wconf 87' lang='lat' dir='ltr'><strong>vel</strong></span> <span class='ocrx_word' id='word_1_9' title='bbox 703 764 767 810; x_wconf 91' lang='lat' dir='ltr'><strong>una</strong></span> <span class='ocrx_word' id='word_1_10' title='bbox 778 763 891 826; x_wconf 87' lang='lat' dir='ltr'><strong>parum</strong></span> <span class='ocrx_word' id='word_1_11' title='bbox 904 744 1025 810; x_wconf 90' lang='lat' dir='ltr'><strong>minore</strong></span> <span class='ocrx_word' id='word_1_12' title='bbox 1040 764 1103 809; x_wconf 92' lang='lat' dir='ltr'><strong>non</strong></span> 
     </span>
    </p>

    <p class='ocr_par' dir='ltr' id='par_1_3' title="bbox 312 831 1103 910">
     <span class='ocr_line' id='line_1_3' title="bbox 312 831 1103 910; baseline 0.006 -20"><span class='ocrx_word' id='word_1_13' title='bbox 312 833 457 908; x_wconf 73' lang='lat' dir='ltr'>peccaret</span> <span class='ocrx_word' id='word_1_14' title='bbox 479 831 633 910; x_wconf 82' lang='lat' dir='ltr'><strong>graviter,</strong></span> <span class='ocrx_word' id='word_1_15' title='bbox 659 853 731 895; x_wconf 88' lang='lat' dir='ltr'><strong>eum</strong></span> <span class='ocrx_word' id='word_1_16' title='bbox 753 837 859 896; x_wconf 89' lang='lat' dir='ltr'><strong>tamen</strong></span> <span class='ocrx_word' id='word_1_17' title='bbox 881 833 942 896; x_wconf 92' lang='lat' dir='ltr'><strong>hoc</strong></span> <span class='ocrx_word' id='word_1_18' title='bbox 964 833 1103 896; x_wconf 83' lang='lat' dir='ltr'><strong>Deutero-</strong></span> 
     </span>
    </p>

    <p class='ocr_par' dir='ltr' id='par_1_4' title="bbox 312 921 1104 1000">
     <span class='ocr_line' id='line_1_4' title="bbox 312 921 1104 1000; baseline 0.006 -22"><span class='ocrx_word' id='word_1_19' title='bbox 312 936 390 980; x_wconf 84' lang='lat' dir='ltr'><strong>nom.</strong></span> <span class='ocrx_word' id='word_1_20' title='bbox 407 923 444 980; x_wconf 71' lang='lat'><strong>25</strong></span> <span class='ocrx_word' id='word_1_21' title='bbox 457 929 485 980; x_wconf 87' lang='lat' dir='ltr'><strong>et</strong></span> <span class='ocrx_word' id='word_1_22' title='bbox 496 921 635 984; x_wconf 82' lang='lat' dir='ltr'><strong>Prooert.</strong></span> <span class='ocrx_word' id='word_1_23' title='bbox 649 925 696 1000; x_wconf 92' lang='lat' dir='ltr'><strong>ll,</strong></span> <span class='ocrx_word' id='word_1_24' title='bbox 709 923 832 986; x_wconf 90' lang='lat' dir='ltr'><strong>dicatur</strong></span> <span class='ocrx_word' id='word_1_25' title='bbox 845 943 913 986; x_wconf 90' lang='lat' dir='ltr'><strong>esse</strong></span> <span class='ocrx_word' id='word_1_26' title='bbox 926 923 1104 985; x_wconf 81' lang='lat' dir='ltr'><em>abominatio</em></span> 
     </span>
    </p>

    <p class='ocr_par' dir='ltr' id='par_1_5' title="bbox 311 999 1696 1173">
     <span class='ocr_line' id='line_1_5' title="bbox 312 999 1696 1092; baseline 0.007 -26"><span class='ocrx_word' id='word_1_27' title='bbox 312 1007 392 1087; x_wconf 82' lang='lat' dir='ltr'><strong>opud</strong></span> <span class='ocrx_word' id='word_1_28' title='bbox 402 1007 503 1070; x_wconf 81' lang='lat' dir='ltr'><strong>Deum.</strong></span> <span class='ocrx_word' id='word_1_29' title='bbox 522 1010 612 1071; x_wconf 83' lang='lat' dir='ltr'><strong>Ratio</strong></span> <span class='ocrx_word' id='word_1_30' title='bbox 629 1016 735 1072; x_wconf 90' lang='lat' dir='ltr'><strong>autem</strong></span> <span class='ocrx_word' id='word_1_31' title='bbox 748 1015 805 1089; x_wconf 89' lang='lat' dir='ltr'><strong>est,</strong></span> <span class='ocrx_word' id='word_1_32' title='bbox 823 1012 898 1092; x_wconf 91' lang='lat' dir='ltr'><strong>quia</strong></span> <span class='ocrx_word' id='word_1_33' title='bbox 911 1013 955 1073; x_wconf 91' lang='lat' dir='ltr'><strong>sic</strong></span> <span class='ocrx_word' id='word_1_34' title='bbox 970 1013 1104 1074; x_wconf 86' lang='lat' dir='ltr'><strong>infertur</strong></span> <span class='ocrx_word' id='word_1_35' title='bbox 1412 999 1608 1063; x_wconf 76' lang='lat' dir='ltr'><strong>DUBIUM</strong></span> <span class='ocrx_word' id='word_1_36' title='bbox 1635 1001 1696 1066; x_wconf 78' lang='lat' dir='ltr'><strong>IV·</strong></span> 
     </span>
     <span class='ocr_line' id='line_1_6' title="bbox 311 1095 1102 1173; baseline 0.009 -18"><span class='ocrx_word' id='word_1_37' title='bbox 311 1113 408 1173; x_wconf 87' lang='lat' dir='ltr'><strong>grave</strong></span> <span class='ocrx_word' id='word_1_38' title='bbox 423 1095 571 1158; x_wconf 89' lang='lat' dir='ltr'><strong>damnum</strong></span> <span class='ocrx_word' id='word_1_39' title='bbox 583 1099 802 1161; x_wconf 74' lang='lat' dir='ltr'><strong>communitati</strong></span> <span class='ocrx_word' id='word_1_40' title='bbox 816 1100 1045 1163; x_wconf 76' lang='lat' dir='ltr'><strong>rationabiliter</strong></span> <span class='ocrx_word' id='word_1_41' title='bbox 1057 1102 1102 1162; x_wconf 91' lang='lat' dir='ltr'><strong>iu·</strong></span> 
     </span>
    </p>

    <p class='ocr_par' dir='ltr' id='par_1_6' title="bbox 311 1183 1240 1444">
     <span class='ocr_line' id='line_1_7' title="bbox 311 1183 1240 1292; baseline 0.013 -50"><span class='ocrx_word' id='word_1_42' title='bbox 311 1183 394 1260; x_wconf 86' lang='lat' dir='ltr'><strong>vitac,</strong></span> <span class='ocrx_word' id='word_1_43' title='bbox 419 1185 543 1246; x_wconf 79' lang='lat' dir='ltr'><strong>laeditur</strong></span> <span class='ocrx_word' id='word_1_44' title='bbox 565 1187 648 1247; x_wconf 79' lang='lat' dir='ltr'><strong>eninr</strong></span> <span class='ocrx_word' id='word_1_45' title='bbox 670 1207 727 1266; x_wconf 90' lang='lat' dir='ltr'><strong>per</strong></span> <span class='ocrx_word' id='word_1_46' title='bbox 748 1189 865 1268; x_wconf 91' lang='lat' dir='ltr'><strong>aliquid</strong></span> <span class='ocrx_word' id='word_1_47' title='bbox 885 1207 994 1268; x_wconf 86' lang='lat' dir='ltr'><strong>grave,</strong></span> <span class='ocrx_word' id='word_1_48' title='bbox 1019 1191 1103 1270; x_wconf 89' lang='lat' dir='ltr'><strong>quod</strong></span> <span class='ocrx_word' id='word_1_49' title='bbox 1160 1215 1240 1292; x_wconf 67' lang='lat' dir='ltr'><strong>(pm-d</strong></span> 
     </span>
     <span class='ocr_line' id='line_1_8' title="bbox 311 1273 1104 1359; baseline 0.013 -28"><span class='ocrx_word' id='word_1_50' title='bbox 311 1273 380 1350; x_wconf 88' lang='lat' dir='ltr'><strong>ipsa</strong></span> <span class='ocrx_word' id='word_1_51' title='bbox 402 1273 433 1332; x_wconf 95' lang='lat' dir='ltr'><strong>in</strong></span> <span class='ocrx_word' id='word_1_52' title='bbox 456 1275 519 1334; x_wconf 90' lang='lat' dir='ltr'><strong>suis</strong></span> <span class='ocrx_word' id='word_1_53' title='bbox 542 1276 691 1336; x_wconf 91' lang='lat' dir='ltr'><strong>membris</strong></span> <span class='ocrx_word' id='word_1_54' title='bbox 714 1277 842 1354; x_wconf 88' lang='lat' dir='ltr'><strong>patitur,</strong></span> <span class='ocrx_word' id='word_1_55' title='bbox 869 1277 913 1338; x_wconf 91' lang='lat' dir='ltr'><strong>uti</strong></span> <span class='ocrx_word' id='word_1_56' title='bbox 935 1277 960 1338; x_wconf 91' lang='lat' dir='ltr'><strong>si</strong></span> <span class='ocrx_word' id='word_1_57' title='bbox 980 1279 1104 1359; x_wconf 89' lang='lat' dir='ltr'><strong>singula</strong></span> 
     </span>
     <span class='ocr_line' id='line_1_9' title="bbox 311 1361 1105 1444; baseline 0.01 -22"><span class='ocrx_word' id='word_1_58' title='bbox 311 1361 454 1422; x_wconf 89' lang='lat' dir='ltr'><strong>membra</strong></span> <span class='ocrx_word' id='word_1_59' title='bbox 467 1364 606 1442; x_wconf 90' lang='lat' dir='ltr'><strong>corporis</strong></span> <span class='ocrx_word' id='word_1_60' title='bbox 620 1365 729 1426; x_wconf 88' lang='lat' dir='ltr'><strong>leviter</strong></span> <span class='ocrx_word' id='word_1_61' title='bbox 744 1366 998 1444; x_wconf 82' lang='lat' dir='ltr'><strong>vulnerarentur,</strong></span> <span class='ocrx_word' id='word_1_62' title='bbox 1014 1370 1105 1430; x_wconf 86' lang='lat' dir='ltr'><strong>fieret</strong></span> 
     </span>
    </p>

    <p class='ocr_par' dir='ltr' id='par_1_7' title="bbox 310 1449 1104 1533">
     <span class='ocr_line' id='line_1_10' title="bbox 310 1449 1104 1533; baseline 0.01 -23"><span class='ocrx_word' id='word_1_63' title='bbox 310 1449 367 1510; x_wconf 90' lang='lat' dir='ltr'><strong>toti</strong></span> <span class='ocrx_word' id='word_1_64' title='bbox 381 1451 503 1529; x_wconf 79' lang='lat' dir='ltr'><strong>corpori</strong></span> <span class='ocrx_word' id='word_1_65' title='bbox 518 1452 623 1530; x_wconf 88' lang='lat' dir='ltr'><strong>gravis</strong></span> <span class='ocrx_word' id='word_1_66' title='bbox 642 1452 776 1532; x_wconf 80' lang='lat' dir='ltr'><strong>injuria3</strong></span> <span class='ocrx_word' id='word_1_67' title='bbox 797 1453 862 1514; x_wconf 91' lang='lat' dir='ltr'><strong>imo</strong></span> <span class='ocrx_word' id='word_1_68' title='bbox 877 1453 990 1533; x_wconf 82' lang='lat' dir='ltr'><strong>singuli</strong></span> <span class='ocrx_word' id='word_1_69' title='bbox 1006 1457 1104 1517; x_wconf 87' lang='lat' dir='ltr'><strong>homi-</strong></span> 
     </span>
    </p>

    <p class='ocr_par' dir='ltr' id='par_1_8' title="bbox 311 1537 1947 2240">
     <span class='ocr_line' id='line_1_11' title="bbox 312 1537 1945 1620; baseline 0.007 -23"><span class='ocrx_word' id='word_1_70' title='bbox 312 1557 366 1598; x_wconf 83' lang='lat' dir='ltr'><strong>nes</strong></span> <span class='ocrx_word' id='word_1_71' title='bbox 382 1537 420 1598; x_wconf 92' lang='lat' dir='ltr'><strong>de</strong></span> <span class='ocrx_word' id='word_1_72' title='bbox 435 1537 493 1599; x_wconf 90' lang='lat' dir='ltr'><strong>ista</strong></span> <span class='ocrx_word' id='word_1_73' title='bbox 506 1540 735 1602; x_wconf 85' lang='lat' dir='ltr'><strong>Communitate</strong></span> <span class='ocrx_word' id='word_1_74' title='bbox 750 1545 842 1618; x_wconf 92' lang='lat' dir='ltr'><strong>sunt,</strong></span> <span class='ocrx_word' id='word_1_75' title='bbox 861 1545 892 1602; x_wconf 91' lang='lat' dir='ltr'><strong>et</strong></span> <span class='ocrx_word' id='word_1_76' title='bbox 906 1542 1022 1605; x_wconf 89' lang='lat' dir='ltr'><strong>debent</strong></span> <span class='ocrx_word' id='word_1_77' title='bbox 1037 1564 1104 1605; x_wconf 89' lang='lat' dir='ltr'><strong>csse</strong></span> <span class='ocrx_word' id='word_1_78' title='bbox 1205 1558 1219 1594; x_wconf 85' lang='lat' dir='ltr'><strong>u</strong></span> <span class='ocrx_word' id='word_1_79' title='bbox 1235 1541 1326 1617; x_wconf 73' lang='lat' dir='ltr'><strong>Resp·</strong></span> <span class='ocrx_word' id='word_1_80' title='bbox 1349 1539 1436 1600; x_wconf 71' lang='lat' dir='ltr'><strong>Licet</strong></span> <span class='ocrx_word' id='word_1_81' title='bbox 1455 1557 1529 1601; x_wconf 77' lang='lat' dir='ltr'><strong>vere</strong></span> <span class='ocrx_word' id='word_1_82' title='bbox 1543 1540 1661 1602; x_wconf 82' lang='lat' dir='ltr'><strong>furtum</strong></span> <span class='ocrx_word' id='word_1_83' title='bbox 1684 1540 1734 1618; x_wconf 78' lang='lat' dir='ltr'><strong>sit,</strong></span> <span class='ocrx_word' id='word_1_84' title='bbox 1759 1541 1785 1603; x_wconf 80' lang='lat' dir='ltr'><strong>si</strong></span> <span class='ocrx_word' id='word_1_85' title='bbox 1808 1559 1896 1620; x_wconf 81' lang='lat' dir='ltr'><strong>uxor,</strong></span> <span class='ocrx_word' id='word_1_86' title='bbox 1911 1544 1945 1604; x_wconf 85' lang='lat' dir='ltr'><strong>li·</strong></span> 
     </span>
     <span class='ocr_line' id='line_1_12' title="bbox 311 1625 1945 1711; baseline 0.005 -27"><span class='ocrx_word' id='word_1_87' title='bbox 311 1625 449 1704; x_wconf 86' lang='lat' dir='ltr'><strong>graviter</strong></span> <span class='ocrx_word' id='word_1_88' title='bbox 468 1626 574 1705; x_wconf 87' lang='lat' dir='ltr'><strong>inviti,</strong></span> <span class='ocrx_word' id='word_1_89' title='bbox 597 1647 636 1687; x_wconf 93' lang='lat' dir='ltr'><strong>ne</strong></span> <span class='ocrx_word' id='word_1_90' title='bbox 659 1628 719 1688; x_wconf 90' lang='lat' dir='ltr'><strong>hoc</strong></span> <span class='ocrx_word' id='word_1_91' title='bbox 742 1631 811 1706; x_wconf 86' lang='lat' dir='ltr'><strong>liat,</strong></span> <span class='ocrx_word' id='word_1_92' title='bbox 829 1629 904 1708; x_wconf 88' lang='lat' dir='ltr'><strong>quia</strong></span> <span class='ocrx_word' id='word_1_93' title='bbox 914 1636 1059 1711; x_wconf 84' lang='lat' dir='ltr'><strong>vergeret</strong></span> <span class='ocrx_word' id='word_1_94' title='bbox 1073 1632 1104 1692; x_wconf 93' lang='lat' dir='ltr'><strong>in</strong></span> <span class='ocrx_word' id='word_1_95' title='bbox 1160 1627 1250 1703; x_wconf 91' lang='lat' dir='ltr'><strong>beri,</strong></span> <span class='ocrx_word' id='word_1_96' title='bbox 1278 1627 1381 1704; x_wconf 87' lang='lat' dir='ltr'><strong>amici,</strong></span> <span class='ocrx_word' id='word_1_97' title='bbox 1398 1626 1491 1704; x_wconf 86' lang='lat' dir='ltr'><strong>servi,</strong></span> <span class='ocrx_word' id='word_1_98' title='bbox 1514 1627 1744 1707; x_wconf 86' lang='lat' dir='ltr'><strong>patri·tamilias</strong></span> <span class='ocrx_word' id='word_1_99' title='bbox 1766 1629 1863 1692; x_wconf 88' lang='lat' dir='ltr'><strong>invito</strong></span> <span class='ocrx_word' id='word_1_100' title='bbox 1877 1631 1945 1710; x_wconf 90' lang='lat' dir='ltr'><strong>quid</strong></span> 
     </span>
     <span class='ocr_line' id='line_1_13' title="bbox 311 1713 1945 1799; baseline 0.005 -26"><span class='ocrx_word' id='word_1_101' title='bbox 311 1713 533 1794; x_wconf 86' lang='lat' dir='ltr'><strong>gravissimum</strong></span> <span class='ocrx_word' id='word_1_102' title='bbox 546 1716 764 1796; x_wconf 86' lang='lat' dir='ltr'><strong>praejudicium</strong></span> <span class='ocrx_word' id='word_1_103' title='bbox 779 1716 980 1796; x_wconf 73' lang='lat' dir='ltr'><strong>Reipublicae,</strong></span> <span class='ocrx_word' id='word_1_104' title='bbox 996 1719 1028 1779; x_wconf 94' lang='lat' dir='ltr'><strong>in</strong></span> <span class='ocrx_word' id='word_1_105' title='bbox 1043 1738 1106 1799; x_wconf 90' lang='lat' dir='ltr'><strong>qua</strong></span> <span class='ocrx_word' id='word_1_106' title='bbox 1160 1716 1313 1793; x_wconf 85' lang='lat' dir='ltr'><strong>auferant,</strong></span> <span class='ocrx_word' id='word_1_107' title='bbox 1338 1717 1523 1796; x_wconf 89' lang='lat' dir='ltr'><strong>plerumque</strong></span> <span class='ocrx_word' id='word_1_108' title='bbox 1546 1722 1652 1779; x_wconf 87' lang='lat' dir='ltr'><strong>tamen</strong></span> <span class='ocrx_word' id='word_1_109' title='bbox 1672 1718 1775 1799; x_wconf 89' lang='lat' dir='ltr'><strong>major</strong></span> <span class='ocrx_word' id='word_1_110' title='bbox 1796 1719 1945 1798; x_wconf 71' lang='lat' dir='ltr'><strong>quantitas</strong></span> 
     </span>
     <span class='ocr_line' id='line_1_14' title="bbox 312 1803 1945 1886; baseline 0.001 -22"><span class='ocrx_word' id='word_1_111' title='bbox 312 1803 469 1865; x_wconf 85' lang='lat' dir='ltr'><strong>desineret</strong></span> <span class='ocrx_word' id='word_1_112' title='bbox 482 1804 583 1865; x_wconf 90' lang='lat' dir='ltr'><strong>omnis</strong></span> <span class='ocrx_word' id='word_1_113' title='bbox 597 1805 730 1866; x_wconf 89' lang='lat' dir='ltr'><strong>honesta</strong></span> <span class='ocrx_word' id='word_1_114' title='bbox 741 1805 898 1866; x_wconf 88' lang='lat' dir='ltr'><strong>industria</strong></span> <span class='ocrx_word' id='word_1_115' title='bbox 908 1809 939 1867; x_wconf 91' lang='lat' dir='ltr'><strong>et</strong></span> <span class='ocrx_word' id='word_1_116' title='bbox 948 1807 1032 1868; x_wconf 84' lang='lat' dir='ltr'><strong>fures</strong></span> <span class='ocrx_word' id='word_1_117' title='bbox 1042 1809 1104 1869; x_wconf 85' lang='lat' dir='ltr'><strong>otio</strong></span> <span class='ocrx_word' id='word_1_118' title='bbox 1160 1805 1330 1884; x_wconf 86' lang='lat' dir='ltr'><strong>requiritur</strong></span> <span class='ocrx_word' id='word_1_119' title='bbox 1344 1807 1378 1866; x_wconf 93' lang='lat' dir='ltr'><strong>ut</strong></span> <span class='ocrx_word' id='word_1_120' title='bbox 1392 1805 1431 1866; x_wconf 91' lang='lat' dir='ltr'><strong>sit</strong></span> <span class='ocrx_word' id='word_1_121' title='bbox 1444 1806 1594 1882; x_wconf 82' lang='lat' dir='ltr'><strong>mortale,</strong></span> <span class='ocrx_word' id='word_1_122' title='bbox 1612 1823 1683 1866; x_wconf 90' lang='lat' dir='ltr'><strong>cum</strong></span> <span class='ocrx_word' id='word_1_123' title='bbox 1702 1806 1887 1886; x_wconf 90' lang='lat' dir='ltr'><strong>plerumque</strong></span> <span class='ocrx_word' id='word_1_124' title='bbox 1901 1805 1945 1866; x_wconf 90' lang='lat' dir='ltr'><strong>bic</strong></span> 
     </span>
     <span class='ocr_line' id='line_1_15' title="bbox 313 1891 1947 1974; baseline 0.001 -21"><span class='ocrx_word' id='word_1_125' title='bbox 313 1891 409 1953; x_wconf 91' lang='lat' dir='ltr'><strong>dediti</strong></span> <span class='ocrx_word' id='word_1_126' title='bbox 423 1912 457 1953; x_wconf 91' lang='lat' dir='ltr'><strong>se</strong></span> <span class='ocrx_word' id='word_1_127' title='bbox 472 1893 610 1973; x_wconf 91' lang='lat' dir='ltr'><strong>quotidie</strong></span> <span class='ocrx_word' id='word_1_128' title='bbox 620 1893 726 1972; x_wconf 84' lang='lat' dir='ltr'><strong>parvis</strong></span> <span class='ocrx_word' id='word_1_129' title='bbox 736 1893 866 1957; x_wconf 90' lang='lat' dir='ltr'><strong>alerent.</strong></span> <span class='ocrx_word' id='word_1_130' title='bbox 879 1895 1007 1964; x_wconf 82' lang='lat' dir='ltr'><strong>Accedit,</strong></span> <span class='ocrx_word' id='word_1_131' title='bbox 1020 1897 1104 1974; x_wconf 90' lang='lat' dir='ltr'><strong>quod</strong></span> <span class='ocrx_word' id='word_1_132' title='bbox 1160 1893 1316 1961; x_wconf 88' lang='lat' dir='ltr'><strong>dominus,</strong></span> <span class='ocrx_word' id='word_1_133' title='bbox 1341 1897 1396 1954; x_wconf 89' lang='lat' dir='ltr'><strong>aut</strong></span> <span class='ocrx_word' id='word_1_134' title='bbox 1417 1911 1478 1953; x_wconf 93' lang='lat' dir='ltr'><strong>non</strong></span> <span class='ocrx_word' id='word_1_135' title='bbox 1500 1893 1729 1956; x_wconf 85' lang='lat' dir='ltr'><strong>rationabiliter</strong></span> <span class='ocrx_word' id='word_1_136' title='bbox 1749 1895 1876 1970; x_wconf 78' lang='lat' dir='ltr'><strong>invitm,</strong></span> <span class='ocrx_word' id='word_1_137' title='bbox 1898 1896 1947 1955; x_wconf 89' lang='lat' dir='ltr'><strong>aut</strong></span> 
     </span>
     <span class='ocr_line' id='line_1_16' title="bbox 312 1980 1945 2064; baseline 0.002 -24"><span class='ocrx_word' id='word_1_138' title='bbox 312 1980 425 2058; x_wconf 91' lang='lat' dir='ltr'><strong>homo,</strong></span> <span class='ocrx_word' id='word_1_139' title='bbox 451 1982 503 2061; x_wconf 92' lang='lat' dir='ltr'><strong>qui</strong></span> <span class='ocrx_word' id='word_1_140' title='bbox 526 1982 602 2044; x_wconf 90' lang='lat' dir='ltr'><strong>talia</strong></span> <span class='ocrx_word' id='word_1_141' title='bbox 624 1983 745 2044; x_wconf 88' lang='lat' dir='ltr'><strong>minuta</strong></span> <span class='ocrx_word' id='word_1_142' title='bbox 767 1985 993 2063; x_wconf 85' lang='lat' dir='ltr'><strong>congessisset,</strong></span> <span class='ocrx_word' id='word_1_143' title='bbox 1019 1986 1103 2047; x_wconf 90' lang='lat' dir='ltr'><strong>nullo</strong></span> <span class='ocrx_word' id='word_1_144' title='bbox 1158 1982 1269 2043; x_wconf 88' lang='lat' dir='ltr'><strong>saltem</strong></span> <span class='ocrx_word' id='word_1_145' title='bbox 1290 1982 1394 2043; x_wconf 90' lang='lat' dir='ltr'><strong>minus</strong></span> <span class='ocrx_word' id='word_1_146' title='bbox 1417 1981 1533 2042; x_wconf 88' lang='lat' dir='ltr'><strong>invitus</strong></span> <span class='ocrx_word' id='word_1_147' title='bbox 1552 1983 1601 2059; x_wconf 91' lang='lat' dir='ltr'><strong>sit,</strong></span> <span class='ocrx_word' id='word_1_148' title='bbox 1619 1987 1654 2045; x_wconf 91' lang='lat' dir='ltr'><strong>ut</strong></span> <span class='ocrx_word' id='word_1_149' title='bbox 1671 1985 1711 2044; x_wconf 89' lang='lat' dir='ltr'><strong>ab</strong></span> <span class='ocrx_word' id='word_1_150' title='bbox 1726 1983 1786 2060; x_wconf 80' lang='lat' dir='ltr'><strong>hia,</strong></span> <span class='ocrx_word' id='word_1_151' title='bbox 1804 2002 1897 2064; x_wconf 88' lang='lat' dir='ltr'><strong>quam</strong></span> <span class='ocrx_word' id='word_1_152' title='bbox 1910 1982 1945 2044; x_wconf 85' lang='lat' dir='ltr'><strong>ab</strong></span> 
     </span>
     <span class='ocr_line' id='line_1_17' title="bbox 311 2068 1944 2153; baseline -0.002 -21"><span class='ocrx_word' id='word_1_153' title='bbox 311 2069 401 2132; x_wconf 91' lang='lat' dir='ltr'><strong>titulo</strong></span> <span class='ocrx_word' id='word_1_154' title='bbox 417 2087 455 2130; x_wconf 90' lang='lat' dir='ltr'><strong>ea</strong></span> <span class='ocrx_word' id='word_1_155' title='bbox 468 2070 599 2132; x_wconf 92' lang='lat' dir='ltr'><strong>haberet</strong></span> <span class='ocrx_word' id='word_1_156' title='bbox 615 2091 621 2132; x_wconf 92' lang='lat'>:</span> <span class='ocrx_word' id='word_1_157' title='bbox 644 2091 719 2151; x_wconf 93' lang='lat' dir='ltr'><strong>ergo</strong></span> <span class='ocrx_word' id='word_1_158' title='bbox 740 2078 822 2134; x_wconf 88' lang='lat' dir='ltr'><strong>esset</strong></span> <span class='ocrx_word' id='word_1_159' title='bbox 836 2072 969 2153; x_wconf 89' lang='lat' dir='ltr'><strong>injustus</strong></span> <span class='ocrx_word' id='word_1_160' title='bbox 983 2092 1103 2152; x_wconf 91' lang='lat' dir='ltr'><strong>posses·</strong></span> <span class='ocrx_word' id='word_1_161' title='bbox 1159 2069 1227 2130; x_wconf 87' lang='lat' dir='ltr'><strong>aliis</strong></span> <span class='ocrx_word' id='word_1_162' title='bbox 1241 2068 1411 2130; x_wconf 87' lang='lat' dir='ltr'><strong>auferatur.</strong></span> <span class='ocrx_word' id='word_1_163' title='bbox 1428 2069 1485 2131; x_wconf 87' lang='lat' dir='ltr'><strong>Vel</strong></span> <span class='ocrx_word' id='word_1_164' title='bbox 1496 2068 1552 2130; x_wconf 87' lang='lat' dir='ltr'><strong>etsi</strong></span> <span class='ocrx_word' id='word_1_165' title='bbox 1563 2069 1655 2129; x_wconf 89' lang='lat' dir='ltr'><strong>valde</strong></span> <span class='ocrx_word' id='word_1_166' title='bbox 1670 2069 1788 2132; x_wconf 85' lang='lat' dir='ltr'><strong>invitus</strong></span> <span class='ocrx_word' id='word_1_167' title='bbox 1802 2070 1853 2146; x_wconf 91' lang='lat' dir='ltr'><strong>sit,</strong></span> <span class='ocrx_word' id='word_1_168' title='bbox 1870 2085 1944 2148; x_wconf 74' lang='lat' dir='ltr'><strong>stepo</strong></span> 
     </span>
     <span class='ocr_line' id='line_1_18' title="bbox 312 2156 1945 2240; baseline 0.004 -23"><span class='ocrx_word' id='word_1_169' title='bbox 312 2173 364 2217; x_wconf 88' lang='lat' dir='ltr'><strong>sor</strong></span> <span class='ocrx_word' id='word_1_170' title='bbox 390 2157 529 2219; x_wconf 78' lang='lat' dir='ltr'><strong>materia</strong></span> <span class='ocrx_word' id='word_1_171' title='bbox 554 2159 659 2237; x_wconf 83' lang='lat' dir='ltr'><strong>gravis</strong></span> <span class='ocrx_word' id='word_1_172' title='bbox 686 2180 692 2220; x_wconf 93' lang='lat'>:</span> <span class='ocrx_word' id='word_1_173' title='bbox 722 2179 797 2239; x_wconf 84' lang='lat' dir='ltr'><strong>ergo</strong></span> <span class='ocrx_word' id='word_1_174' title='bbox 824 2179 895 2221; x_wconf 85' lang='lat' dir='ltr'><strong>eam</strong></span> <span class='ocrx_word' id='word_1_175' title='bbox 920 2161 1102 2240; x_wconf 83' lang='lat' dir='ltr'><strong>accipiendo</strong></span> <span class='ocrx_word' id='word_1_176' title='bbox 1157 2162 1264 2217; x_wconf 84' lang='lat' dir='ltr'><strong>tamen</strong></span> <span class='ocrx_word' id='word_1_177' title='bbox 1287 2156 1320 2216; x_wconf 92' lang='lat' dir='ltr'><strong>id</strong></span> <span class='ocrx_word' id='word_1_178' title='bbox 1343 2157 1413 2233; x_wconf 83' lang='lat' dir='ltr'><strong>fiat,</strong></span> <span class='ocrx_word' id='word_1_179' title='bbox 1440 2175 1503 2218; x_wconf 86' lang='lat' dir='ltr'><strong>non</strong></span> <span class='ocrx_word' id='word_1_180' title='bbox 1521 2163 1587 2218; x_wconf 81' lang='lat' dir='ltr'><strong>tam</strong></span> <span class='ocrx_word' id='word_1_181' title='bbox 1607 2157 1728 2218; x_wconf 83' lang='lat' dir='ltr'><strong>ratione</strong></span> <span class='ocrx_word' id='word_1_182' title='bbox 1748 2157 1794 2218; x_wconf 84' lang='lat' dir='ltr'><strong>rei</strong></span> <span class='ocrx_word' id='word_1_183' title='bbox 1816 2162 1945 2236; x_wconf 77' lang='lat' dir='ltr'><strong>eccepto</strong></span> 
     </span>
    </p>
   </div>
   <div class='ocr_carea' id='block_1_3' title="bbox 1257 1217 1995 1385">
    <p class='ocr_par' dir='ltr' id='par_1_9' title="bbox 1257 1217 1995 1385">
     <span class='ocr_line' id='line_1_19' title="bbox 1257 1217 1995 1302; baseline 0.004 -24"><span class='ocrx_word' id='word_1_184' title='bbox 1257 1217 1288 1278; x_wconf 87' lang='lat' dir='ltr'><strong>in</strong></span> <span class='ocrx_word' id='word_1_185' title='bbox 1302 1237 1405 1299; x_wconf 74' lang='lat' dir='ltr'><strong>penne</strong></span> <span class='ocrx_word' id='word_1_186' title='bbox 1418 1217 1580 1282; x_wconf 82' lang='lat' dir='ltr'><strong>notandum</strong></span> <span class='ocrx_word' id='word_1_187' title='bbox 1600 1219 1638 1281; x_wconf 84' lang='lat' dir='ltr'><strong>sit</strong></span> <span class='ocrx_word' id='word_1_188' title='bbox 1659 1219 1694 1282; x_wconf 87' lang='lat' dir='ltr'><strong>de</strong></span> <span class='ocrx_word' id='word_1_189' title='bbox 1707 1221 1801 1302; x_wconf 81' lang='lat' dir='ltr'><strong>furtis</strong></span> <span class='ocrx_word' id='word_1_190' title='bbox 1818 1220 1945 1288; x_wconf 78' lang='lat' dir='ltr'><strong>domesti-</strong></span> <span class='ocrx_word' id='word_1_191' title='bbox 1965 1234 1995 1282; x_wconf 85' lang='lat' dir='ltr'><strong>tlt</strong></span> 
     </span>
     <span class='ocr_line' id='line_1_20' title="bbox 1371 1307 1741 1385; baseline 0.008 -15"><span class='ocrx_word' id='word_1_192' title='bbox 1371 1326 1480 1385; x_wconf 82' lang='lat' dir='ltr'><strong>eornm,</strong></span> <span class='ocrx_word' id='word_1_193' title='bbox 1497 1307 1542 1374; x_wconf 87' lang='lat' dir='ltr'><strong>oet</strong></span> <span class='ocrx_word' id='word_1_194' title='bbox 1555 1308 1741 1374; x_wconf 77' lang='lat' dir='ltr'><strong>amicornm?</strong></span> 
     </span>
    </p>
   </div>
   <div class='ocr_carea' id='block_1_4' title="bbox 230 2244 1995 5238">
    <p class='ocr_par' dir='ltr' id='par_1_10' title="bbox 230 2244 1995 5238">
     <span class='ocr_line' id='line_1_21' title="bbox 313 2244 1942 2325; baseline -0.002 -17"><span class='ocrx_word' id='word_1_195' title='bbox 313 2245 406 2306; x_wconf 86' lang='lat' dir='ltr'><strong>etiam</strong></span> <span class='ocrx_word' id='word_1_196' title='bbox 416 2246 554 2324; x_wconf 88' lang='lat' dir='ltr'><strong>graviter</strong></span> <span class='ocrx_word' id='word_1_197' title='bbox 563 2251 682 2325; x_wconf 91' lang='lat' dir='ltr'><strong>peccat,</strong></span> <span class='ocrx_word' id='word_1_198' title='bbox 695 2248 867 2309; x_wconf 89' lang='lat' dir='ltr'><strong>secundum</strong></span> <span class='ocrx_word' id='word_1_199' title='bbox 878 2249 961 2311; x_wconf 89' lang='lat' dir='ltr'><strong>dicta</strong></span> <span class='ocrx_word' id='word_1_200' title='bbox 970 2269 1000 2311; x_wconf 87' lang='lat' dir='ltr'><strong>n.</strong></span> <span class='ocrx_word' id='word_1_201' title='bbox 1013 2253 1099 2314; x_wconf 74' lang='lat'>1005.</span> <span class='ocrx_word' id='word_1_202' title='bbox 1158 2263 1253 2324; x_wconf 89' lang='lat' dir='ltr'><strong>quam</strong></span> <span class='ocrx_word' id='word_1_203' title='bbox 1263 2244 1349 2306; x_wconf 90' lang='lat' dir='ltr'><strong>modi</strong></span> <span class='ocrx_word' id='word_1_204' title='bbox 1363 2245 1537 2324; x_wconf 91' lang='lat' dir='ltr'><strong>accipiendi</strong></span> <span class='ocrx_word' id='word_1_205' title='bbox 1551 2246 1643 2322; x_wconf 90' lang='lat' dir='ltr'><strong>clam,</strong></span> <span class='ocrx_word' id='word_1_206' title='bbox 1660 2248 1715 2308; x_wconf 92' lang='lat' dir='ltr'><strong>aut</strong></span> <span class='ocrx_word' id='word_1_207' title='bbox 1729 2246 1852 2308; x_wconf 89' lang='lat' dir='ltr'><strong>ratione</strong></span> <span class='ocrx_word' id='word_1_208' title='bbox 1868 2245 1942 2321; x_wconf 85' lang='lat' dir='ltr'><strong>linis,</strong></span> 
     </span>
     <span class='ocr_line' id='line_1_22' title="bbox 312 2334 1943 2414; baseline 0 -19"><span class='ocrx_word' id='word_1_209' title='bbox 312 2335 409 2395; x_wconf 92' lang='lat' dir='ltr'><strong>Porro</strong></span> <span class='ocrx_word' id='word_1_210' title='bbox 424 2334 467 2395; x_wconf 93' lang='lat' dir='ltr'><strong>illi</strong></span> <span class='ocrx_word' id='word_1_211' title='bbox 482 2335 533 2396; x_wconf 91' lang='lat' dir='ltr'><strong>hic</strong></span> <span class='ocrx_word' id='word_1_212' title='bbox 547 2335 694 2398; x_wconf 90' lang='lat' dir='ltr'><strong>dicuntur</strong></span> <span class='ocrx_word' id='word_1_213' title='bbox 709 2337 898 2399; x_wconf 88' lang='lat' dir='ltr'><strong>constituere</strong></span> <span class='ocrx_word' id='word_1_214' title='bbox 909 2343 1103 2402; x_wconf 82' lang='lat' dir='ltr'><strong>unamGom-</strong></span> <span class='ocrx_word' id='word_1_215' title='bbox 1158 2338 1287 2414; x_wconf 87' lang='lat' dir='ltr'><strong>propter</strong></span> <span class='ocrx_word' id='word_1_216' title='bbox 1305 2353 1399 2414; x_wconf 90' lang='lat' dir='ltr'><strong>quem</strong></span> <span class='ocrx_word' id='word_1_217' title='bbox 1418 2335 1580 2412; x_wconf 88' lang='lat' dir='ltr'><strong>accipitur,</strong></span> <span class='ocrx_word' id='word_1_218' title='bbox 1598 2353 1627 2396; x_wconf 86' lang='lat' dir='ltr'><strong>v.</strong></span> <span class='ocrx_word' id='word_1_219' title='bbox 1645 2352 1676 2414; x_wconf 88' lang='lat' dir='ltr'><strong>g.</strong></span> <span class='ocrx_word' id='word_1_220' title='bbox 1701 2335 1742 2395; x_wconf 92' lang='lat' dir='ltr'><strong>ad</strong></span> <span class='ocrx_word' id='word_1_221' title='bbox 1756 2335 1943 2402; x_wconf 89' lang='lat' dir='ltr'><strong>ludendum,</strong></span> 
     </span>
     <span class='ocr_line' id='line_1_23' title="bbox 312 2421 1941 2506; baseline 0.002 -26"><span class='ocrx_word' id='word_1_222' title='bbox 312 2421 516 2500; x_wconf 87' lang='lat' dir='ltr'><strong>munitatem,</strong></span> <span class='ocrx_word' id='word_1_223' title='bbox 545 2423 597 2502; x_wconf 91' lang='lat' dir='ltr'><strong>qui</strong></span> <span class='ocrx_word' id='word_1_224' title='bbox 627 2422 743 2484; x_wconf 88' lang='lat' dir='ltr'><strong>debent</strong></span> <span class='ocrx_word' id='word_1_225' title='bbox 770 2424 851 2485; x_wconf 90' lang='lat' dir='ltr'><strong>ierre</strong></span> <span class='ocrx_word' id='word_1_226' title='bbox 877 2426 971 2486; x_wconf 90' lang='lat' dir='ltr'><strong>simul</strong></span> <span class='ocrx_word' id='word_1_227' title='bbox 999 2427 1105 2506; x_wconf 89' lang='lat' dir='ltr'><strong>aliqua</strong></span> <span class='ocrx_word' id='word_1_228' title='bbox 1158 2424 1198 2483; x_wconf 90' lang='lat' dir='ltr'><strong>ad</strong></span> <span class='ocrx_word' id='word_1_229' title='bbox 1208 2423 1392 2501; x_wconf 90' lang='lat' dir='ltr'><strong>potandum,</strong></span> <span class='ocrx_word' id='word_1_230' title='bbox 1410 2427 1468 2484; x_wconf 93' lang='lat' dir='ltr'><strong>etc.</strong></span> <span class='ocrx_word' id='word_1_231' title='bbox 1487 2424 1565 2486; x_wconf 86' lang='lat' dir='ltr'><strong>Vide</strong></span> <span class='ocrx_word' id='word_1_232' title='bbox 1577 2423 1642 2502; x_wconf 89' lang='lat' dir='ltr'><strong>Caj.</strong></span> <span class='ocrx_word' id='word_1_233' title='bbox 1659 2441 1687 2484; x_wconf 87' lang='lat' dir='ltr'><strong>v.</strong></span> <span class='ocrx_word' id='word_1_234' title='bbox 1704 2422 1847 2492; x_wconf 81' lang='lat' dir='ltr'><strong>Furtum.</strong></span> <span class='ocrx_word' id='word_1_235' title='bbox 1863 2428 1941 2487; x_wconf 82' lang='lat' dir='ltr'><strong>Lesa.</strong></span> 
     </span>
     <span class='ocr_line' id='line_1_24' title="bbox 312 2508 1707 2595; baseline 0.005 -25"><span class='ocrx_word' id='word_1_236' title='bbox 312 2527 418 2588; x_wconf 88' lang='lat' dir='ltr'><strong>onera,</strong></span> <span class='ocrx_word' id='word_1_237' title='bbox 431 2511 475 2573; x_wconf 88' lang='lat' dir='ltr'><strong>ita</strong></span> <span class='ocrx_word' id='word_1_238' title='bbox 488 2515 523 2572; x_wconf 93' lang='lat' dir='ltr'><strong>ut</strong></span> <span class='ocrx_word' id='word_1_239' title='bbox 534 2512 559 2572; x_wconf 94' lang='lat' dir='ltr'><strong>si</strong></span> <span class='ocrx_word' id='word_1_240' title='bbox 574 2531 655 2573; x_wconf 90' lang='lat' dir='ltr'><strong>unus</strong></span> <span class='ocrx_word' id='word_1_241' title='bbox 670 2530 778 2573; x_wconf 90' lang='lat' dir='ltr'><strong>eorum</strong></span> <span class='ocrx_word' id='word_1_242' title='bbox 794 2531 856 2573; x_wconf 94' lang='lat' dir='ltr'><strong>non</strong></span> <span class='ocrx_word' id='word_1_243' title='bbox 872 2515 978 2592; x_wconf 88' lang='lat' dir='ltr'><strong>ferret,</strong></span> <span class='ocrx_word' id='word_1_244' title='bbox 991 2516 1102 2595; x_wconf 86' lang='lat' dir='ltr'><strong>reliqui</strong></span> <span class='ocrx_word' id='word_1_245' title='bbox 1158 2509 1179 2571; x_wconf 86' lang='lat' dir='ltr'><strong>l·</strong></span> <span class='ocrx_word' id='word_1_246' title='bbox 1195 2515 1225 2584; x_wconf 63' lang='grc' dir='ltr'><strong>ἓ,</strong></span> <span class='ocrx_word' id='word_1_247' title='bbox 1241 2529 1267 2570; x_wconf 79' lang='lat' dir='ltr'><strong>e·</strong></span> <span class='ocrx_word' id='word_1_248' title='bbox 1285 2513 1334 2588; x_wconf 62' lang='grc' dir='ltr'><strong>Η,</strong></span> <span class='ocrx_word' id='word_1_249' title='bbox 1350 2531 1380 2570; x_wconf 78' lang='lat' dir='ltr'><strong>o·</strong></span> <span class='ocrx_word' id='word_1_250' title='bbox 1397 2513 1447 2572; x_wconf 80' lang='grc'><strong>76.</strong></span> <span class='ocrx_word' id='word_1_251' title='bbox 1467 2508 1550 2573; x_wconf 76' lang='lat' dir='ltr'><strong>Unde</strong></span> <span class='ocrx_word' id='word_1_252' title='bbox 1562 2509 1684 2571; x_wconf 77' lang='lat' dir='ltr'><strong>resolves</strong></span> <span class='ocrx_word' id='word_1_253' title='bbox 1700 2530 1707 2572; x_wconf 86' lang='lat'><strong>:</strong></span> 
     </span>
     <span class='ocr_line' id='line_1_25' title="bbox 312 2596 1945 2679; baseline 0.002 -22"><span class='ocrx_word' id='word_1_254' title='bbox 312 2596 463 2660; x_wconf 89' lang='lat' dir='ltr'><strong>deberent</strong></span> <span class='ocrx_word' id='word_1_255' title='bbox 475 2599 544 2677; x_wconf 89' lang='lat' dir='ltr'><strong>plus</strong></span> <span class='ocrx_word' id='word_1_256' title='bbox 558 2598 657 2677; x_wconf 87' lang='lat' dir='ltr'><strong>ferre,</strong></span> <span class='ocrx_word' id='word_1_257' title='bbox 678 2603 745 2661; x_wconf 89' lang='lat' dir='ltr'><strong>tum</strong></span> <span class='ocrx_word' id='word_1_258' title='bbox 760 2600 843 2660; x_wconf 90' lang='lat' dir='ltr'><strong>enim</strong></span> <span class='ocrx_word' id='word_1_259' title='bbox 859 2601 884 2661; x_wconf 92' lang='lat' dir='ltr'><strong>si</strong></span> <span class='ocrx_word' id='word_1_260' title='bbox 899 2621 980 2664; x_wconf 90' lang='lat' dir='ltr'><strong>unus</strong></span> <span class='ocrx_word' id='word_1_261' title='bbox 995 2622 1104 2665; x_wconf 88' lang='lat' dir='ltr'><strong>eorum</strong></span> <span class='ocrx_word' id='word_1_262' title='bbox 1197 2620 1212 2656; x_wconf 79' lang='grc' dir='ltr'><strong>ι)</strong></span> <span class='ocrx_word' id='word_1_263' title='bbox 1231 2600 1255 2660; x_wconf 86' lang='grc' dir='ltr'><strong>Ι.</strong></span> <span class='ocrx_word' id='word_1_264' title='bbox 1272 2601 1357 2660; x_wconf 86' lang='lat' dir='ltr'><strong>Uxor</strong></span> <span class='ocrx_word' id='word_1_265' title='bbox 1370 2600 1640 2679; x_wconf 81' lang='lat' dir='ltr'><strong>graviterpeecat,</strong></span> <span class='ocrx_word' id='word_1_266' title='bbox 1652 2597 1677 2659; x_wconf 90' lang='lat' dir='ltr'><strong>si</strong></span> <span class='ocrx_word' id='word_1_267' title='bbox 1689 2599 1860 2662; x_wconf 87' lang='lat' dir='ltr'><strong>notabilem</strong></span> <span class='ocrx_word' id='word_1_268' title='bbox 1870 2619 1945 2662; x_wconf 85' lang='lat' dir='ltr'><strong>sum·</strong></span> 
     </span>
     <span class='ocr_line' id='line_1_26' title="bbox 312 2686 1943 2771; baseline 0.006 -25"><span class='ocrx_word' id='word_1_269' title='bbox 312 2686 589 2766; x_wconf 88' lang='lat' dir='ltr'><strong>depauperarctur,</strong></span> <span class='ocrx_word' id='word_1_270' title='bbox 608 2707 686 2750; x_wconf 91' lang='lat' dir='ltr'><strong>onus</strong></span> <span class='ocrx_word' id='word_1_271' title='bbox 706 2687 860 2751; x_wconf 87' lang='lat' dir='ltr'><strong>recideret</strong></span> <span class='ocrx_word' id='word_1_272' title='bbox 874 2689 907 2750; x_wconf 92' lang='lat' dir='ltr'><strong>in</strong></span> <span class='ocrx_word' id='word_1_273' title='bbox 922 2691 1014 2768; x_wconf 88' lang='lat' dir='ltr'><strong>alios,</strong></span> <span class='ocrx_word' id='word_1_274' title='bbox 1036 2692 1103 2771; x_wconf 92' lang='lat' dir='ltr'><strong>qui·</strong></span> <span class='ocrx_word' id='word_1_275' title='bbox 1158 2705 1244 2748; x_wconf 89' lang='lat' dir='ltr'><strong>mam</strong></span> <span class='ocrx_word' id='word_1_276' title='bbox 1258 2687 1401 2766; x_wconf 86' lang='lat' dir='ltr'><strong>accipiat,</strong></span> <span class='ocrx_word' id='word_1_277' title='bbox 1419 2687 1516 2749; x_wconf 87' lang='lat' dir='ltr'><strong>invito</strong></span> <span class='ocrx_word' id='word_1_278' title='bbox 1539 2687 1664 2764; x_wconf 87' lang='lat' dir='ltr'><strong>marito,</strong></span> <span class='ocrx_word' id='word_1_279' title='bbox 1688 2688 1787 2756; x_wconf 78' lang='lat' dir='ltr'><strong>ctiam.</strong></span> <span class='ocrx_word' id='word_1_280' title='bbox 1806 2707 1846 2750; x_wconf 82' lang='lat' dir='ltr'><strong>ex</strong></span> <span class='ocrx_word' id='word_1_281' title='bbox 1862 2690 1943 2766; x_wconf 80' lang='lat' dir='ltr'><strong>dote,</strong></span> 
     </span>
     <span class='ocr_line' id='line_1_27' title="bbox 311 2773 1945 2857; baseline 0.002 -22"><span class='ocrx_word' id='word_1_282' title='bbox 311 2773 370 2836; x_wconf 90' lang='lat' dir='ltr'><strong>bus</strong></span> <span class='ocrx_word' id='word_1_283' title='bbox 382 2775 452 2837; x_wconf 91' lang='lat' dir='ltr'><strong>ideo</strong></span> <span class='ocrx_word' id='word_1_284' title='bbox 467 2776 557 2857; x_wconf 88' lang='lat' dir='ltr'><strong>pejus</strong></span> <span class='ocrx_word' id='word_1_285' title='bbox 572 2781 663 2839; x_wconf 89' lang='lat' dir='ltr'><strong>esset.</strong></span> <span class='ocrx_word' id='word_1_286' title='bbox 1158 2775 1208 2834; x_wconf 88' lang='lat' dir='ltr'><strong>vel</strong></span> <span class='ocrx_word' id='word_1_287' title='bbox 1222 2774 1312 2835; x_wconf 90' lang='lat' dir='ltr'><strong>bonis</strong></span> <span class='ocrx_word' id='word_1_288' title='bbox 1333 2775 1563 2852; x_wconf 88' lang='lat' dir='ltr'><strong>communibus,</strong></span> <span class='ocrx_word' id='word_1_289' title='bbox 1580 2776 1655 2855; x_wconf 86' lang='lat' dir='ltr'><strong>quie</strong></span> <span class='ocrx_word' id='word_1_290' title='bbox 1674 2775 1748 2838; x_wconf 90' lang='lat' dir='ltr'><strong>licet</strong></span> <span class='ocrx_word' id='word_1_291' title='bbox 1761 2776 1868 2840; x_wconf 89' lang='lat' dir='ltr'><strong>media</strong></span> <span class='ocrx_word' id='word_1_292' title='bbox 1880 2795 1945 2856; x_wconf 80' lang='lat' dir='ltr'><strong>pars</strong></span> 
     </span>
     <span class='ocr_line' id='line_1_28' title="bbox 230 2862 1944 2950; baseline -0.002 -21"><span class='ocrx_word' id='word_1_293' title='bbox 230 2884 284 2931; x_wconf 78' lang='lat' dir='ltr'><strong>tola</strong></span> <span class='ocrx_word' id='word_1_294' title='bbox 351 2865 369 2944; x_wconf 67' lang='grc' dir='ltr'><strong>ἓ</strong></span> <span class='ocrx_word' id='word_1_295' title='bbox 382 2867 411 2928; x_wconf 85' lang='grc'><strong>9.</strong></span> <span class='ocrx_word' id='word_1_296' title='bbox 433 2865 465 2927; x_wconf 91' lang='lat' dir='ltr'><strong>Si</strong></span> <span class='ocrx_word' id='word_1_297' title='bbox 480 2866 604 2946; x_wconf 90' lang='lat' dir='ltr'><strong>singuli,</strong></span> <span class='ocrx_word' id='word_1_298' title='bbox 621 2866 768 2945; x_wconf 88' lang='lat' dir='ltr'><strong>aquibus</strong></span> <span class='ocrx_word' id='word_1_299' title='bbox 779 2867 848 2946; x_wconf 92' lang='lat' dir='ltr'><strong>quis</strong></span> <span class='ocrx_word' id='word_1_300' title='bbox 858 2867 980 2950; x_wconf 87' lang='lat' dir='ltr'><strong>iuratur</strong></span> <span class='ocrx_word' id='word_1_301' title='bbox 992 2888 1102 2949; x_wconf 87' lang='lat' dir='ltr'><strong>parva,</strong></span> <span class='ocrx_word' id='word_1_302' title='bbox 1159 2862 1199 2924; x_wconf 88' lang='lat' dir='ltr'><strong>ad</strong></span> <span class='ocrx_word' id='word_1_303' title='bbox 1214 2879 1285 2922; x_wconf 89' lang='lat' dir='ltr'><strong>eam</strong></span> <span class='ocrx_word' id='word_1_304' title='bbox 1298 2867 1434 2940; x_wconf 88' lang='lat' dir='ltr'><strong>spectet,</strong></span> <span class='ocrx_word' id='word_1_305' title='bbox 1458 2863 1589 2924; x_wconf 88' lang='lat' dir='ltr'><strong>maritus</strong></span> <span class='ocrx_word' id='word_1_306' title='bbox 1612 2867 1717 2924; x_wconf 88' lang='lat' dir='ltr'><strong>tamea</strong></span> <span class='ocrx_word' id='word_1_307' title='bbox 1738 2862 1836 2927; x_wconf 89' lang='lat' dir='ltr'><strong>habet</strong></span> <span class='ocrx_word' id='word_1_308' title='bbox 1849 2881 1944 2926; x_wconf 89' lang='lat' dir='ltr'><strong>usum·</strong></span> 
     </span>
     <span class='ocr_line' id='line_1_29' title="bbox 312 2950 1944 3031; baseline 0.008 -16"><span class='ocrx_word' id='word_1_309' title='bbox 312 2971 375 3016; x_wconf 90' lang='lat' dir='ltr'><strong>non</strong></span> <span class='ocrx_word' id='word_1_310' title='bbox 389 2955 613 3018; x_wconf 87' lang='lat' dir='ltr'><strong>constituerent</strong></span> <span class='ocrx_word' id='word_1_311' title='bbox 626 2973 722 3017; x_wconf 89' lang='lat' dir='ltr'><strong>unam</strong></span> <span class='ocrx_word' id='word_1_312' title='bbox 737 2957 1001 3019; x_wconf 71' lang='lat' dir='ltr'><strong>communitatem</strong></span> <span class='ocrx_word' id='word_1_313' title='bbox 1016 2958 1105 3020; x_wconf 89' lang='lat' dir='ltr'><strong>etfu-</strong></span> <span class='ocrx_word' id='word_1_314' title='bbox 1158 2950 1294 3011; x_wconf 82' lang='lat' dir='ltr'><strong>fructum</strong></span> <span class='ocrx_word' id='word_1_315' title='bbox 1309 2950 1391 3011; x_wconf 72' lang='lat' dir='ltr'><strong>illius</strong></span> <span class='ocrx_word' id='word_1_316' title='bbox 1405 2950 1521 3029; x_wconf 47' lang='lat' dir='ltr'><strong>Parii&amp;</strong></span> <span class='ocrx_word' id='word_1_317' title='bbox 1537 2950 1671 3031; x_wconf 64' lang='lat' dir='ltr'><strong>ideo(lue</strong></span> <span class='ocrx_word' id='word_1_318' title='bbox 1694 2955 1822 3012; x_wconf 58' lang='lat' dir='ltr'><strong>testetur</strong></span> <span class='ocrx_word' id='word_1_319' title='bbox 1835 2953 1876 3014; x_wconf 66' lang='lat' dir='ltr'><strong>ad</strong></span> <span class='ocrx_word' id='word_1_320' title='bbox 1890 2971 1944 3014; x_wconf 62' lang='lat' dir='ltr'><strong>fflir</strong></span> 
     </span>
     <span class='ocr_line' id='line_1_30' title="bbox 311 3038 1883 3126; baseline 0.001 -24"><span class='ocrx_word' id='word_1_321' title='bbox 311 3061 384 3103; x_wconf 86' lang='lat' dir='ltr'><strong>rans</strong></span> <span class='ocrx_word' id='word_1_322' title='bbox 398 3061 461 3104; x_wconf 90' lang='lat' dir='ltr'><strong>non</strong></span> <span class='ocrx_word' id='word_1_323' title='bbox 475 3043 659 3106; x_wconf 90' lang='lat' dir='ltr'><strong>intendisset</strong></span> <span class='ocrx_word' id='word_1_324' title='bbox 669 3061 928 3106; x_wconf 88' lang='lat' dir='ltr'><strong>unamsummam</strong></span> <span class='ocrx_word' id='word_1_325' title='bbox 942 3065 1101 3126; x_wconf 90' lang='lat' dir='ltr'><strong>maguam,</strong></span> <span class='ocrx_word' id='word_1_326' title='bbox 1158 3039 1345 3116; x_wconf 80' lang='lat' dir='ltr'><strong>titutionem,</strong></span> <span class='ocrx_word' id='word_1_327' title='bbox 1362 3040 1448 3102; x_wconf 83' lang='lat' dir='ltr'><strong>Trul.</strong></span> <span class='ocrx_word' id='word_1_328' title='bbox 1466 3040 1486 3101; x_wconf 84' lang='lat' dir='ltr'><strong>l.</strong></span> <span class='ocrx_word' id='word_1_329' title='bbox 1503 3043 1533 3116; x_wconf 82' lang='lat'><strong>7,</strong></span> <span class='ocrx_word' id='word_1_330' title='bbox 1550 3058 1576 3100; x_wconf 80' lang='lat' dir='ltr'><strong>e.</strong></span> <span class='ocrx_word' id='word_1_331' title='bbox 1592 3043 1623 3116; x_wconf 84' lang='lat'><strong>5,</strong></span> <span class='ocrx_word' id='word_1_332' title='bbox 1639 3038 1670 3100; x_wconf 83' lang='lat' dir='ltr'><strong>d.</strong></span> <span class='ocrx_word' id='word_1_333' title='bbox 1686 3042 1716 3116; x_wconf 91' lang='lat'><strong>8,</strong></span> <span class='ocrx_word' id='word_1_334' title='bbox 1733 3059 1764 3101; x_wconf 83' lang='lat' dir='ltr'><strong>n.</strong></span> <span class='ocrx_word' id='word_1_335' title='bbox 1780 3046 1812 3117; x_wconf 80' lang='lat'><strong>7,</strong></span> <span class='ocrx_word' id='word_1_336' title='bbox 1828 3051 1883 3104; x_wconf 85' lang='lat' dir='ltr'><strong>etc.</strong></span> 
     </span>
     <span class='ocr_line' id='line_1_31' title="bbox 311 3126 1943 3214; baseline 0.004 -30"><span class='ocrx_word' id='word_1_337' title='bbox 311 3131 473 3212; x_wconf 81' lang='lat' dir='ltr'><strong>probabile</strong></span> <span class='ocrx_word' id='word_1_338' title='bbox 498 3132 626 3212; x_wconf 82' lang='lat' dir='ltr'><strong>quidem</strong></span> <span class='ocrx_word' id='word_1_339' title='bbox 645 3137 694 3193; x_wconf 78' lang='lat' dir='ltr'><strong>est</strong></span> <span class='ocrx_word' id='word_1_340' title='bbox 715 3150 786 3193; x_wconf 84' lang='lat' dir='ltr'><strong>cum</strong></span> <span class='ocrx_word' id='word_1_341' title='bbox 809 3135 882 3212; x_wconf 74' lang='lat' dir='ltr'><strong>Esp,</strong></span> <span class='ocrx_word' id='word_1_342' title='bbox 908 3134 960 3194; x_wconf 81' lang='lat' dir='ltr'><strong>vix</strong></span> <span class='ocrx_word' id='word_1_343' title='bbox 980 3135 1104 3214; x_wconf 69' lang='lat' dir='ltr'><strong>peccari</strong></span> <span class='ocrx_word' id='word_1_344' title='bbox 1198 3147 1213 3184; x_wconf 82' lang='lat' dir='ltr'><strong>t)</strong></span> <span class='ocrx_word' id='word_1_345' title='bbox 1232 3128 1270 3189; x_wconf 84' lang='grc' dir='ltr'><strong>Π.</strong></span> <span class='ocrx_word' id='word_1_346' title='bbox 1288 3126 1438 3189; x_wconf 86' lang='lat' dir='ltr'><strong>Similiter</strong></span> <span class='ocrx_word' id='word_1_347' title='bbox 1458 3130 1569 3205; x_wconf 70' lang='lat' dir='ltr'><strong>peccat</strong></span> <span class='ocrx_word' id='word_1_348' title='bbox 1582 3126 1721 3205; x_wconf 69' lang='lat' dir='ltr'><strong>graviter</strong></span> <span class='ocrx_word' id='word_1_349' title='bbox 1734 3127 1868 3191; x_wconf 70' lang='lat' dir='ltr'><strong>mallius</strong></span> <span class='ocrx_word' id='word_1_350' title='bbox 1881 3147 1943 3191; x_wconf 85' lang='lat' dir='ltr'><strong>con·</strong></span> 
     </span>
     <span class='ocr_line' id='line_1_32' title="bbox 310 3215 1943 3299; baseline 0 -19"><span class='ocrx_word' id='word_1_351' title='bbox 310 3218 458 3297; x_wconf 81' lang='lat' dir='ltr'><strong>graviter,</strong></span> <span class='ocrx_word' id='word_1_352' title='bbox 478 3219 552 3282; x_wconf 87' lang='lat' dir='ltr'><strong>licet</strong></span> <span class='ocrx_word' id='word_1_353' title='bbox 574 3220 666 3282; x_wconf 88' lang='lat' dir='ltr'><strong>simul</strong></span> <span class='ocrx_word' id='word_1_354' title='bbox 688 3223 813 3299; x_wconf 87' lang='lat' dir='ltr'><strong>sumpta</strong></span> <span class='ocrx_word' id='word_1_355' title='bbox 833 3225 937 3283; x_wconf 90' lang='lat' dir='ltr'><strong>essent</strong></span> <span class='ocrx_word' id='word_1_356' title='bbox 950 3223 1101 3299; x_wconf 91' lang='lat' dir='ltr'><strong>multum,</strong></span> <span class='ocrx_word' id='word_1_357' title='bbox 1158 3219 1208 3276; x_wconf 87' lang='lat' dir='ltr'><strong>tra</strong></span> <span class='ocrx_word' id='word_1_358' title='bbox 1225 3215 1396 3294; x_wconf 86' lang='lat' dir='ltr'><strong>justitiam,</strong></span> <span class='ocrx_word' id='word_1_359' title='bbox 1413 3233 1486 3277; x_wconf 90' lang='lat' dir='ltr'><strong>cum</strong></span> <span class='ocrx_word' id='word_1_360' title='bbox 1500 3215 1689 3294; x_wconf 84' lang='lat' dir='ltr'><strong>obligatione</strong></span> <span class='ocrx_word' id='word_1_361' title='bbox 1703 3216 1904 3296; x_wconf 88' lang='lat' dir='ltr'><strong>restituendi,</strong></span> <span class='ocrx_word' id='word_1_362' title='bbox 1922 3218 1943 3280; x_wconf 86' lang='lat' dir='ltr'><strong>si</strong></span> 
     </span>
     <span class='ocr_line' id='line_1_33' title="bbox 310 3302 1944 3390; baseline 0.004 -28"><span class='ocrx_word' id='word_1_363' title='bbox 310 3307 385 3386; x_wconf 85' lang='lat' dir='ltr'><strong>quia</strong></span> <span class='ocrx_word' id='word_1_364' title='bbox 408 3307 528 3369; x_wconf 86' lang='lat' dir='ltr'><strong>nullum</strong></span> <span class='ocrx_word' id='word_1_365' title='bbox 543 3307 647 3386; x_wconf 82' lang='lat' dir='ltr'><strong>&#39;grave</strong></span> <span class='ocrx_word' id='word_1_366' title='bbox 669 3308 820 3370; x_wconf 81' lang='lat' dir='ltr'><strong>damnum</strong></span> <span class='ocrx_word' id='word_1_367' title='bbox 839 3309 985 3388; x_wconf 69' lang='lat' dir='ltr'><strong>sentitur,</strong></span> <span class='ocrx_word' id='word_1_368' title='bbox 1002 3329 1103 3390; x_wconf 81' lang='lat' dir='ltr'><strong>neque</strong></span> <span class='ocrx_word' id='word_1_369' title='bbox 1159 3302 1276 3381; x_wconf 83' lang='lat' dir='ltr'><strong>aliquid</strong></span> <span class='ocrx_word' id='word_1_370' title='bbox 1298 3302 1434 3365; x_wconf 70' lang='lat' dir='ltr'><strong>notabile</strong></span> <span class='ocrx_word' id='word_1_371' title='bbox 1456 3303 1545 3364; x_wconf 78' lang='lat' dir='ltr'><strong>uxori</strong></span> <span class='ocrx_word' id='word_1_372' title='bbox 1569 3302 1718 3382; x_wconf 76' lang='lat' dir='ltr'><strong>surripiat</strong></span> <span class='ocrx_word' id='word_1_373' title='bbox 1740 3304 1863 3385; x_wconf 73' lang='lat' dir='ltr'><strong>absque</strong></span> <span class='ocrx_word' id='word_1_374' title='bbox 1885 3307 1944 3388; x_wconf 71' lang='lat' dir='ltr'><strong>ejus</strong></span> 
     </span>
     <span class='ocr_line' id='line_1_34' title="bbox 310 3391 1942 3475; baseline 0.002 -21"><span class='ocrx_word' id='word_1_375' title='bbox 310 3392 435 3472; x_wconf 85' lang='lat' dir='ltr'><strong>singuli,</strong></span> <span class='ocrx_word' id='word_1_376' title='bbox 452 3399 507 3456; x_wconf 87' lang='lat' dir='ltr'><strong>aut</strong></span> <span class='ocrx_word' id='word_1_377' title='bbox 520 3395 563 3456; x_wconf 93' lang='lat' dir='ltr'><strong>illi</strong></span> <span class='ocrx_word' id='word_1_378' title='bbox 579 3413 698 3472; x_wconf 91' lang='lat' dir='ltr'><strong>omnes,</strong></span> <span class='ocrx_word' id='word_1_379' title='bbox 716 3395 769 3475; x_wconf 93' lang='lat' dir='ltr'><strong>qui</strong></span> <span class='ocrx_word' id='word_1_380' title='bbox 784 3395 974 3458; x_wconf 88' lang='lat' dir='ltr'><strong>adinvicem</strong></span> <span class='ocrx_word' id='word_1_381' title='bbox 985 3399 1103 3460; x_wconf 88' lang='lat' dir='ltr'><strong>nullam</strong></span> <span class='ocrx_word' id='word_1_382' title='bbox 1158 3408 1328 3468; x_wconf 77' lang='lat' dir='ltr'><strong>consensu,</strong></span> <span class='ocrx_word' id='word_1_383' title='bbox 1352 3410 1390 3452; x_wconf 83' lang='lat' dir='ltr'><strong>ex</strong></span> <span class='ocrx_word' id='word_1_384' title='bbox 1411 3391 1502 3452; x_wconf 89' lang='lat' dir='ltr'><strong>bonis</strong></span> <span class='ocrx_word' id='word_1_385' title='bbox 1524 3391 1623 3470; x_wconf 88' lang='lat' dir='ltr'><strong>ipsius</strong></span> <span class='ocrx_word' id='word_1_386' title='bbox 1650 3391 1942 3472; x_wconf 88' lang='lat' dir='ltr'><strong>paraphernalibus,</strong></span> 
     </span>
     <span class='ocr_line' id='line_1_35' title="bbox 310 3477 1944 3564; baseline 0.006 -22"><span class='ocrx_word' id='word_1_387' title='bbox 310 3482 563 3544; x_wconf 88' lang='lat' dir='ltr'><strong>communionem</strong></span> <span class='ocrx_word' id='word_1_388' title='bbox 586 3484 723 3560; x_wconf 88' lang='lat' dir='ltr'><strong>babent,</strong></span> <span class='ocrx_word' id='word_1_389' title='bbox 749 3483 896 3546; x_wconf 91' lang='lat' dir='ltr'><strong>videntur</strong></span> <span class='ocrx_word' id='word_1_390' title='bbox 918 3503 1010 3564; x_wconf 88' lang='lat' dir='ltr'><strong>posse</strong></span> <span class='ocrx_word' id='word_1_391' title='bbox 1034 3504 1102 3547; x_wconf 89' lang='lat' dir='ltr'><strong>esse</strong></span> <span class='ocrx_word' id='word_1_392' title='bbox 1157 3479 1207 3539; x_wconf 72' lang='lat' dir='ltr'><strong>vel</strong></span> <span class='ocrx_word' id='word_1_393' title='bbox 1221 3478 1289 3539; x_wconf 72' lang='lat' dir='ltr'><strong>aliis</strong></span> <span class='ocrx_word' id='word_1_394' title='bbox 1310 3479 1461 3558; x_wconf 71' lang='lat' dir='ltr'><strong>pr⁰priiflt</strong></span> <span class='ocrx_word' id='word_1_395' title='bbox 1479 3477 1634 3558; x_wconf 61' lang='lat' dir='ltr'><strong>Siquidm]</strong></span> <span class='ocrx_word' id='word_1_396' title='bbox 1649 3479 1749 3540; x_wconf 70' lang='lat' dir='ltr'><strong>libera</strong></span> <span class='ocrx_word' id='word_1_397' title='bbox 1770 3498 1882 3542; x_wconf 73' lang='lat' dir='ltr'><strong>eorum</strong></span> <span class='ocrx_word' id='word_1_398' title='bbox 1895 3480 1944 3543; x_wconf 72' lang='lat' dir='ltr'><strong>ad·</strong></span> 
     </span>
     <span class='ocr_line' id='line_1_36' title="bbox 309 3565 1995 3653; baseline 0.009 -23"><span class='ocrx_word' id='word_1_399' title='bbox 309 3571 447 3650; x_wconf 86' lang='lat' dir='ltr'><strong>graviter</strong></span> <span class='ocrx_word' id='word_1_400' title='bbox 461 3572 564 3645; x_wconf 89' lang='lat' dir='ltr'><strong>inviti;</strong></span> <span class='ocrx_word' id='word_1_401' title='bbox 581 3572 774 3651; x_wconf 88' lang='lat' dir='ltr'><strong>probabilius</strong></span> <span class='ocrx_word' id='word_1_402' title='bbox 788 3575 894 3633; x_wconf 89' lang='lat' dir='ltr'><strong>tamen</strong></span> <span class='ocrx_word' id='word_1_403' title='bbox 916 3579 963 3634; x_wconf 92' lang='lat' dir='ltr'><strong>est</strong></span> <span class='ocrx_word' id='word_1_404' title='bbox 977 3574 1102 3653; x_wconf 86' lang='lat' dir='ltr'><strong>opposi-</strong></span> <span class='ocrx_word' id='word_1_405' title='bbox 1156 3566 1342 3630; x_wconf 62' lang='lat' dir='ltr'><strong>ministratio</strong></span> <span class='ocrx_word' id='word_1_406' title='bbox 1357 3567 1484 3646; x_wconf 67' lang='lat' dir='ltr'><strong>ipsimet</strong></span> <span class='ocrx_word' id='word_1_407' title='bbox 1504 3565 1593 3627; x_wconf 68' lang='lat' dir='ltr'><strong>UXOPi</strong></span> <span class='ocrx_word' id='word_1_408' title='bbox 1612 3571 1789 3645; x_wconf 65' lang='lat' dir='ltr'><strong>0⁰ml³⁰l³l2</strong></span> <span class='ocrx_word' id='word_1_409' title='bbox 1806 3569 1882 3649; x_wconf 63' lang='lat'>(1⁰1³</span> <span class='ocrx_word' id='word_1_410' title='bbox 1894 3586 1944 3648; x_wconf 88' lang='lat' dir='ltr'><strong>par</strong></span> <span class='ocrx_word' id='word_1_411' title='bbox 1994 3571 1995 3574; x_wconf 23' lang='lat'>¹</span> 
     </span>
     <span class='ocr_line' id='line_1_37' title="bbox 308 3655 1941 3739; baseline 0.002 -24"><span class='ocrx_word' id='word_1_412' title='bbox 308 3661 377 3719; x_wconf 89' lang='lat' dir='ltr'><strong>tum</strong></span> <span class='ocrx_word' id='word_1_413' title='bbox 391 3658 816 3738; x_wconf 75' lang='lat' dir='ltr'><strong>cumhess.lllsung.n155,</strong></span> <span class='ocrx_word' id='word_1_414' title='bbox 832 3660 979 3721; x_wconf 77' lang='lat' dir='ltr'><strong>Busemb.</strong></span> <span class='ocrx_word' id='word_1_415' title='bbox 993 3679 1099 3739; x_wconf 78' lang='lat' dir='ltr'><strong>supra,</strong></span> <span class='ocrx_word' id='word_1_416' title='bbox 1156 3660 1203 3716; x_wconf 87' lang='lat' dir='ltr'><strong>est</strong></span> <span class='ocrx_word' id='word_1_417' title='bbox 1217 3655 1295 3716; x_wconf 90' lang='lat' dir='ltr'><strong>ratio</strong></span> <span class='ocrx_word' id='word_1_418' title='bbox 1310 3655 1415 3716; x_wconf 89' lang='lat' dir='ltr'><strong>mariti</strong></span> <span class='ocrx_word' id='word_1_419' title='bbox 1429 3658 1461 3716; x_wconf 90' lang='lat' dir='ltr'><strong>et</strong></span> <span class='ocrx_word' id='word_1_420' title='bbox 1473 3655 1590 3732; x_wconf 87' lang='lat' dir='ltr'><strong>uxoris,</strong></span> <span class='ocrx_word' id='word_1_421' title='bbox 1601 3655 1705 3735; x_wconf 90' lang='lat' dir='ltr'><strong>quoad</strong></span> <span class='ocrx_word' id='word_1_422' title='bbox 1715 3655 1800 3718; x_wconf 90' lang='lat' dir='ltr'><strong>bona</strong></span> <span class='ocrx_word' id='word_1_423' title='bbox 1810 3657 1941 3736; x_wconf 87' lang='lat' dir='ltr'><strong>propria.</strong></span> 
     </span>
     <span class='ocr_line' id='line_1_38' title="bbox 309 3743 1796 3824; baseline 0.001 -19"><span class='ocrx_word' id='word_1_424' title='bbox 309 3745 349 3807; x_wconf 88' lang='lat' dir='ltr'><strong>oh</strong></span> <span class='ocrx_word' id='word_1_425' title='bbox 365 3745 540 3824; x_wconf 87' lang='lat' dir='ltr'><strong>Scripturas</strong></span> <span class='ocrx_word' id='word_1_426' title='bbox 555 3751 587 3809; x_wconf 91' lang='lat' dir='ltr'><strong>et</strong></span> <span class='ocrx_word' id='word_1_427' title='bbox 598 3746 736 3808; x_wconf 89' lang='lat' dir='ltr'><strong>rationes</strong></span> <span class='ocrx_word' id='word_1_428' title='bbox 750 3751 822 3809; x_wconf 90' lang='lat' dir='ltr'><strong>ante</strong></span> <span class='ocrx_word' id='word_1_429' title='bbox 840 3748 1023 3810; x_wconf 86' lang='lat' dir='ltr'><strong>insinuatas.</strong></span> <span class='ocrx_word' id='word_1_430' title='bbox 1040 3749 1102 3810; x_wconf 86' lang='lat' dir='ltr'><strong>Nec</strong></span> <span class='ocrx_word' id='word_1_431' title='bbox 1156 3745 1193 3805; x_wconf 88' lang='lat' dir='ltr'><strong>V.</strong></span> <span class='ocrx_word' id='word_1_432' title='bbox 1210 3743 1353 3806; x_wconf 85' lang='lat' dir='ltr'><strong>Villalob.</strong></span> <span class='ocrx_word' id='word_1_433' title='bbox 1369 3751 1391 3804; x_wconf 88' lang='lat' dir='ltr'><strong>t.</strong></span> <span class='ocrx_word' id='word_1_434' title='bbox 1409 3746 1438 3820; x_wconf 75' lang='lat'><strong>2,</strong></span> <span class='ocrx_word' id='word_1_435' title='bbox 1455 3751 1494 3804; x_wconf 84' lang='lat' dir='ltr'><strong>tr.</strong></span> <span class='ocrx_word' id='word_1_436' title='bbox 1513 3745 1567 3816; x_wconf 76' lang='lat'><strong>133</strong></span> <span class='ocrx_word' id='word_1_437' title='bbox 1583 3743 1681 3805; x_wconf 81' lang='lat' dir='ltr'><strong>Trull.</strong></span> <span class='ocrx_word' id='word_1_438' title='bbox 1697 3761 1727 3804; x_wconf 79' lang='lat' dir='ltr'><strong>a.</strong></span> <span class='ocrx_word' id='word_1_439' title='bbox 1744 3747 1796 3807; x_wconf 71' lang='lat' dir='ltr'><strong>el.</strong></span> 
     </span>
     <span class='ocr_line' id='line_1_39' title="bbox 308 3831 1943 3916; baseline 0.002 -24"><span class='ocrx_word' id='word_1_440' title='bbox 308 3831 416 3910; x_wconf 83' lang='lat' dir='ltr'><strong>obstat,</strong></span> <span class='ocrx_word' id='word_1_441' title='bbox 441 3835 527 3915; x_wconf 90' lang='lat' dir='ltr'><strong>quod</strong></span> <span class='ocrx_word' id='word_1_442' title='bbox 555 3851 617 3895; x_wconf 92' lang='lat' dir='ltr'><strong>non</strong></span> <span class='ocrx_word' id='word_1_443' title='bbox 641 3834 785 3897; x_wconf 88' lang='lat' dir='ltr'><strong>videatur</strong></span> <span class='ocrx_word' id='word_1_444' title='bbox 812 3835 935 3915; x_wconf 87' lang='lat' dir='ltr'><strong>peccari</strong></span> <span class='ocrx_word' id='word_1_445' title='bbox 964 3839 1102 3916; x_wconf 84' lang='lat' dir='ltr'><strong>graviter</strong></span> <span class='ocrx_word' id='word_1_446' title='bbox 1195 3853 1209 3890; x_wconf 85' lang='lat' dir='ltr'><strong>o</strong></span> <span class='ocrx_word' id='word_1_447' title='bbox 1228 3833 1280 3894; x_wconf 87' lang='grc' dir='ltr'><strong>ΙΙΙ.</strong></span> <span class='ocrx_word' id='word_1_448' title='bbox 1291 3835 1375 3894; x_wconf 89' lang='lat' dir='ltr'><strong>Uxor</strong></span> <span class='ocrx_word' id='word_1_449' title='bbox 1389 3834 1492 3910; x_wconf 89' lang='lat' dir='ltr'><strong>potest</strong></span> <span class='ocrx_word' id='word_1_450' title='bbox 1506 3831 1581 3892; x_wconf 88' lang='lat' dir='ltr'><strong>dare</strong></span> <span class='ocrx_word' id='word_1_451' title='bbox 1596 3832 1830 3911; x_wconf 88' lang='lat' dir='ltr'><strong>eleemosynam</strong></span> <span class='ocrx_word' id='word_1_452' title='bbox 1840 3837 1873 3897; x_wconf 87' lang='lat' dir='ltr'><strong>et</strong></span> <span class='ocrx_word' id='word_1_453' title='bbox 1885 3852 1943 3895; x_wconf 90' lang='lat' dir='ltr'><strong>mu·</strong></span> 
     </span>
     <span class='ocr_line' id='line_1_40' title="bbox 309 3920 1943 4007; baseline 0.001 -25"><span class='ocrx_word' id='word_1_454' title='bbox 309 3925 418 3983; x_wconf 90' lang='lat' dir='ltr'><strong>contra</strong></span> <span class='ocrx_word' id='word_1_455' title='bbox 427 3922 581 4003; x_wconf 89' lang='lat' dir='ltr'><strong>justitiam</strong></span> <span class='ocrx_word' id='word_1_456' title='bbox 596 3924 863 4001; x_wconf 85' lang='lat' dir='ltr'><strong>commutetivam,</strong></span> <span class='ocrx_word' id='word_1_457' title='bbox 880 3943 952 3986; x_wconf 90' lang='lat' dir='ltr'><strong>cum</strong></span> <span class='ocrx_word' id='word_1_458' title='bbox 967 3926 1007 3986; x_wconf 90' lang='lat' dir='ltr'><strong>ad</strong></span> <span class='ocrx_word' id='word_1_459' title='bbox 1022 3926 1101 4007; x_wconf 85' lang='lat' dir='ltr'><strong>inju-</strong></span> <span class='ocrx_word' id='word_1_460' title='bbox 1156 3940 1249 3999; x_wconf 88' lang='lat' dir='ltr'><strong>nera,</strong></span> <span class='ocrx_word' id='word_1_461' title='bbox 1269 3920 1716 3982; x_wconf 88' lang='lat' dir='ltr'><strong>secundumconsuetudinem</strong></span> <span class='ocrx_word' id='word_1_462' title='bbox 1730 3923 1868 3985; x_wconf 86' lang='lat' dir='ltr'><strong>aliarum</strong></span> <span class='ocrx_word' id='word_1_463' title='bbox 1884 3941 1943 3984; x_wconf 86' lang='lat' dir='ltr'><strong>mu·</strong></span> 
     </span>
     <span class='ocr_line' id='line_1_41' title="bbox 308 4007 1944 4086; baseline 0.001 -15"><span class='ocrx_word' id='word_1_464' title='bbox 308 4010 388 4071; x_wconf 89' lang='lat' dir='ltr'><strong>riam</strong></span> <span class='ocrx_word' id='word_1_465' title='bbox 403 4014 512 4072; x_wconf 88' lang='lat' dir='ltr'><strong>contra</strong></span> <span class='ocrx_word' id='word_1_466' title='bbox 525 4010 611 4072; x_wconf 88' lang='lat' dir='ltr'><strong>illam</strong></span> <span class='ocrx_word' id='word_1_467' title='bbox 626 4011 802 4073; x_wconf 88' lang='lat' dir='ltr'><strong>debeatuni</strong></span> <span class='ocrx_word' id='word_1_468' title='bbox 812 4011 1018 4076; x_wconf 88' lang='lat' dir='ltr'><strong>determinate</strong></span> <span class='ocrx_word' id='word_1_469' title='bbox 1033 4014 1101 4076; x_wconf 84' lang='lat' dir='ltr'><strong>fieri</strong></span> <span class='ocrx_word' id='word_1_470' title='bbox 1155 4008 1267 4069; x_wconf 90' lang='lat' dir='ltr'><strong>lierum</strong></span> <span class='ocrx_word' id='word_1_471' title='bbox 1282 4008 1370 4071; x_wconf 85' lang='lat' dir='ltr'><strong>istius</strong></span> <span class='ocrx_word' id='word_1_472' title='bbox 1384 4008 1444 4069; x_wconf 91' lang='lat' dir='ltr'><strong>loci</strong></span> <span class='ocrx_word' id='word_1_473' title='bbox 1459 4011 1491 4070; x_wconf 90' lang='lat' dir='ltr'><strong>et</strong></span> <span class='ocrx_word' id='word_1_474' title='bbox 1504 4007 1702 4086; x_wconf 87' lang='lat' dir='ltr'><strong>conditionis,</strong></span> <span class='ocrx_word' id='word_1_475' title='bbox 1719 4009 1846 4072; x_wconf 87' lang='lat' dir='ltr'><strong>etiamsi</strong></span> <span class='ocrx_word' id='word_1_476' title='bbox 1861 4010 1944 4073; x_wconf 88' lang='lat' dir='ltr'><strong>mari·</strong></span> 
     </span>
     <span class='ocr_line' id='line_1_42' title="bbox 308 4095 1944 4182; baseline -0.001 -24"><span class='ocrx_word' id='word_1_477' title='bbox 308 4096 459 4159; x_wconf 88' lang='lat' dir='ltr'><strong>damnum</strong></span> <span class='ocrx_word' id='word_1_478' title='bbox 473 4117 580 4178; x_wconf 87' lang='lat' dir='ltr'><strong>grave,</strong></span> <span class='ocrx_word' id='word_1_479' title='bbox 593 4099 677 4181; x_wconf 92' lang='lat' dir='ltr'><strong>quod</strong></span> <span class='ocrx_word' id='word_1_480' title='bbox 692 4101 743 4161; x_wconf 91' lang='lat' dir='ltr'><strong>hic</strong></span> <span class='ocrx_word' id='word_1_481' title='bbox 757 4105 896 4162; x_wconf 88' lang='lat' dir='ltr'><strong>nonest:</strong></span> <span class='ocrx_word' id='word_1_482' title='bbox 910 4101 990 4162; x_wconf 86' lang='lat' dir='ltr'><strong>Nom</strong></span> <span class='ocrx_word' id='word_1_483' title='bbox 1004 4103 1101 4182; x_wconf 89' lang='lat' dir='ltr'><strong>gratis</strong></span> <span class='ocrx_word' id='word_1_484' title='bbox 1156 4101 1207 4159; x_wconf 93' lang='lat' dir='ltr'><strong>tus</strong></span> <span class='ocrx_word' id='word_1_485' title='bbox 1228 4097 1443 4175; x_wconf 87' lang='lat' dir='ltr'><strong>eleemosynas</strong></span> <span class='ocrx_word' id='word_1_486' title='bbox 1467 4115 1575 4158; x_wconf 87' lang='lat' dir='ltr'><strong>omnes</strong></span> <span class='ocrx_word' id='word_1_487' title='bbox 1596 4095 1640 4156; x_wconf 93' lang='lat' dir='ltr'><strong>illi</strong></span> <span class='ocrx_word' id='word_1_488' title='bbox 1664 4097 1852 4176; x_wconf 80' lang='lat' dir='ltr'><strong>prohibeat3</strong></span> <span class='ocrx_word' id='word_1_489' title='bbox 1878 4098 1944 4180; x_wconf 91' lang='lat' dir='ltr'><strong>quia</strong></span> 
     </span>
     <span class='ocr_line' id='line_1_43' title="bbox 308 4183 1942 4268; baseline 0.007 -22"><span class='ocrx_word' id='word_1_490' title='bbox 308 4185 423 4247; x_wconf 91' lang='lat' dir='ltr'><strong>dicitur</strong></span> <span class='ocrx_word' id='word_1_491' title='bbox 435 4187 476 4248; x_wconf 91' lang='lat' dir='ltr'><strong>ad</strong></span> <span class='ocrx_word' id='word_1_492' title='bbox 489 4187 649 4251; x_wconf 71' lang='lat' dir='ltr'><strong>laesionem</strong></span> <span class='ocrx_word' id='word_1_493' title='bbox 658 4187 787 4268; x_wconf 81' lang='lat' dir='ltr'><strong>justitiae</strong></span> <span class='ocrx_word' id='word_1_494' title='bbox 802 4191 1036 4252; x_wconf 79' lang='lat' dir='ltr'><strong>commutativae</strong></span> <span class='ocrx_word' id='word_1_495' title='bbox 1050 4210 1102 4252; x_wconf 85' lang='lat' dir='ltr'><strong>re·</strong></span> <span class='ocrx_word' id='word_1_496' title='bbox 1156 4183 1647 4263; x_wconf 64' lang='lat' dir='ltr'><strong>0⁰¹18Ussl11d0h⁰⁰l⁰⁸eillibllila</strong></span> <span class='ocrx_word' id='word_1_497' title='bbox 1664 4202 1726 4264; x_wconf 70' lang='lat'>(111⁰</span> <span class='ocrx_word' id='word_1_498' title='bbox 1737 4186 1942 4248; x_wconf 62' lang='lat' dir='ltr'><strong>mfflluseam</strong></span> 
     </span>
     <span class='ocr_line' id='line_1_44' title="bbox 309 4271 1941 4356; baseline 0.001 -22"><span class='ocrx_word' id='word_1_499' title='bbox 309 4273 402 4352; x_wconf 90' lang='lat' dir='ltr'><strong>quiri,</strong></span> <span class='ocrx_word' id='word_1_500' title='bbox 420 4277 455 4335; x_wconf 89' lang='lat' dir='ltr'><strong>ut</strong></span> <span class='ocrx_word' id='word_1_501' title='bbox 469 4274 521 4334; x_wconf 93' lang='lat' dir='ltr'><strong>uni</strong></span> <span class='ocrx_word' id='word_1_502' title='bbox 546 4274 751 4338; x_wconf 90' lang='lat' dir='ltr'><strong>determinate</strong></span> <span class='ocrx_word' id='word_1_503' title='bbox 774 4275 829 4338; x_wconf 86' lang='lat' dir='ltr'><strong>fiat</strong></span> <span class='ocrx_word' id='word_1_504' title='bbox 842 4275 1004 4353; x_wconf 86' lang='lat' dir='ltr'><strong>damnum,</strong></span> <span class='ocrx_word' id='word_1_505' title='bbox 1029 4296 1101 4339; x_wconf 88' lang='lat' dir='ltr'><strong>cum</strong></span> <span class='ocrx_word' id='word_1_506' title='bbox 1155 4272 1281 4352; x_wconf 89' lang='lat' dir='ltr'><strong>privare</strong></span> <span class='ocrx_word' id='word_1_507' title='bbox 1300 4290 1362 4332; x_wconf 93' lang='lat' dir='ltr'><strong>non</strong></span> <span class='ocrx_word' id='word_1_508' title='bbox 1383 4275 1497 4352; x_wconf 89' lang='lat' dir='ltr'><strong>potest.</strong></span> <span class='ocrx_word' id='word_1_509' title='bbox 1519 4271 1595 4334; x_wconf 88' lang='lat' dir='ltr'><strong>Ibid.</strong></span> <span class='ocrx_word' id='word_1_510' title='bbox 1618 4291 1650 4335; x_wconf 80' lang='lat' dir='ltr'><strong>n.</strong></span> <span class='ocrx_word' id='word_1_511' title='bbox 1677 4275 1732 4347; x_wconf 77' lang='lat'><strong>133</strong></span> <span class='ocrx_word' id='word_1_512' title='bbox 1755 4274 1857 4336; x_wconf 88' lang='lat' dir='ltr'><strong>Diana</strong></span> <span class='ocrx_word' id='word_1_513' title='bbox 1868 4295 1901 4356; x_wconf 87' lang='lat' dir='ltr'><strong>p.</strong></span> <span class='ocrx_word' id='word_1_514' title='bbox 1916 4277 1941 4348; x_wconf 92' lang='lat' dir='ltr'><strong>l,</strong></span> 
     </span>
     <span class='ocr_line' id='line_1_45' title="bbox 308 4361 1942 4445; baseline 0.002 -23"><span class='ocrx_word' id='word_1_515' title='bbox 308 4361 406 4441; x_wconf 91' lang='lat' dir='ltr'><strong>possit</strong></span> <span class='ocrx_word' id='word_1_516' title='bbox 419 4361 514 4423; x_wconf 89' lang='lat' dir='ltr'><strong>etiam</strong></span> <span class='ocrx_word' id='word_1_517' title='bbox 528 4363 742 4426; x_wconf 80' lang='lat' dir='ltr'><strong>communitas</strong></span> <span class='ocrx_word' id='word_1_518' title='bbox 751 4363 868 4425; x_wconf 87' lang='lat' dir='ltr'><strong>habere</strong></span> <span class='ocrx_word' id='word_1_519' title='bbox 878 4363 931 4445; x_wconf 85' lang='lat' dir='ltr'><strong>jus</strong></span> <span class='ocrx_word' id='word_1_520' title='bbox 946 4365 1099 4445; x_wconf 86' lang='lat' dir='ltr'><strong>strictum,</strong></span> <span class='ocrx_word' id='word_1_521' title='bbox 1156 4369 1194 4421; x_wconf 81' lang='lat' dir='ltr'><strong>tr·</strong></span> <span class='ocrx_word' id='word_1_522' title='bbox 1217 4362 1247 4437; x_wconf 88' lang='lat'><strong>3,</strong></span> <span class='ocrx_word' id='word_1_523' title='bbox 1268 4378 1323 4421; x_wconf 78' lang='lat' dir='ltr'><strong>res.</strong></span> <span class='ocrx_word' id='word_1_524' title='bbox 1345 4363 1395 4436; x_wconf 76' lang='lat'><strong>23,</strong></span> <span class='ocrx_word' id='word_1_525' title='bbox 1411 4369 1483 4440; x_wconf 80' lang='lat' dir='ltr'><strong>etp.</strong></span> <span class='ocrx_word' id='word_1_526' title='bbox 1499 4363 1530 4437; x_wconf 83' lang='lat'><strong>5,</strong></span> <span class='ocrx_word' id='word_1_527' title='bbox 1547 4368 1585 4420; x_wconf 83' lang='lat' dir='ltr'><strong>tr·</strong></span> <span class='ocrx_word' id='word_1_528' title='bbox 1606 4363 1637 4436; x_wconf 88' lang='lat'><strong>8,</strong></span> <span class='ocrx_word' id='word_1_529' title='bbox 1657 4380 1713 4422; x_wconf 82' lang='lat' dir='ltr'><strong>res.</strong></span> <span class='ocrx_word' id='word_1_530' title='bbox 1734 4363 1786 4438; x_wconf 84' lang='lat'><strong>35,</strong></span> <span class='ocrx_word' id='word_1_531' title='bbox 1804 4363 1858 4424; x_wconf 89' lang='lat' dir='ltr'><strong>ubi</strong></span> <span class='ocrx_word' id='word_1_532' title='bbox 1879 4379 1942 4424; x_wconf 84' lang='lat' dir='ltr'><strong>oum</strong></span> 
     </span>
     <span class='ocr_line' id='line_1_46' title="bbox 308 4446 1941 4532; baseline -0.001 -21"><span class='ocrx_word' id='word_1_533' title='bbox 308 4455 417 4528; x_wconf 89' lang='lat' dir='ltr'><strong>aptum</strong></span> <span class='ocrx_word' id='word_1_534' title='bbox 431 4450 502 4511; x_wconf 72' lang='lat' dir='ltr'><strong>laedi</strong></span> <span class='ocrx_word' id='word_1_535' title='bbox 520 4471 526 4512; x_wconf 95' lang='lat'><strong>:</strong></span> <span class='ocrx_word' id='word_1_536' title='bbox 544 4451 605 4516; x_wconf 89' lang='lat' dir='ltr'><strong>dici</strong></span> <span class='ocrx_word' id='word_1_537' title='bbox 621 4451 747 4532; x_wconf 90' lang='lat' dir='ltr'><strong>quidem</strong></span> <span class='ocrx_word' id='word_1_538' title='bbox 770 4457 876 4531; x_wconf 86' lang='lat' dir='ltr'><strong>posset</strong></span> <span class='ocrx_word' id='word_1_539' title='bbox 895 4455 1020 4531; x_wconf 83' lang='lat' dir='ltr'><strong>peccori</strong></span> <span class='ocrx_word' id='word_1_540' title='bbox 1040 4455 1102 4516; x_wconf 90' lang='lat' dir='ltr'><strong>sal-</strong></span> <span class='ocrx_word' id='word_1_541' title='bbox 1155 4448 1228 4510; x_wconf 90' lang='lat' dir='ltr'><strong>Mol.</strong></span> <span class='ocrx_word' id='word_1_542' title='bbox 1253 4452 1284 4508; x_wconf 89' lang='lat' dir='ltr'><strong>et</strong></span> <span class='ocrx_word' id='word_1_543' title='bbox 1299 4451 1336 4511; x_wconf 85' lang='lat' dir='ltr'><strong>lc</strong></span> <span class='ocrx_word' id='word_1_544' title='bbox 1350 4446 1418 4508; x_wconf 87' lang='lat' dir='ltr'><strong>aliis</strong></span> <span class='ocrx_word' id='word_1_545' title='bbox 1430 4448 1623 4527; x_wconf 84' lang='lat' dir='ltr'><strong>docetpcsse</strong></span> <span class='ocrx_word' id='word_1_546' title='bbox 1639 4465 1709 4508; x_wconf 89' lang='lat' dir='ltr'><strong>eam</strong></span> <span class='ocrx_word' id='word_1_547' title='bbox 1724 4447 1823 4510; x_wconf 87' lang='lat' dir='ltr'><strong>inscio</strong></span> <span class='ocrx_word' id='word_1_548' title='bbox 1839 4449 1941 4510; x_wconf 88' lang='lat' dir='ltr'><strong>marito</strong></span> 
     </span>
     <span class='ocr_line' id='line_1_47' title="bbox 307 4535 1943 4622; baseline -0.002 -21"><span class='ocrx_word' id='word_1_549' title='bbox 307 4542 373 4601; x_wconf 87' lang='lat' dir='ltr'><strong>tem</strong></span> <span class='ocrx_word' id='word_1_550' title='bbox 385 4539 524 4617; x_wconf 86' lang='lat' dir='ltr'><strong>graviter</strong></span> <span class='ocrx_word' id='word_1_551' title='bbox 537 4545 647 4602; x_wconf 92' lang='lat' dir='ltr'><strong>contra</strong></span> <span class='ocrx_word' id='word_1_552' title='bbox 656 4540 811 4620; x_wconf 80' lang='lat' dir='ltr'><strong>justitiam</strong></span> <span class='ocrx_word' id='word_1_553' title='bbox 823 4542 958 4620; x_wconf 87' lang='lat' dir='ltr'><strong>legalem</strong></span> <span class='ocrx_word' id='word_1_554' title='bbox 969 4542 1015 4622; x_wconf 89' lang='lat' dir='ltr'><strong>(ut</strong></span> <span class='ocrx_word' id='word_1_555' title='bbox 1029 4561 1100 4604; x_wconf 88' lang='lat' dir='ltr'><strong>curn</strong></span> <span class='ocrx_word' id='word_1_556' title='bbox 1156 4537 1231 4598; x_wconf 90' lang='lat' dir='ltr'><strong>dare</strong></span> <span class='ocrx_word' id='word_1_557' title='bbox 1246 4535 1429 4616; x_wconf 89' lang='lat' dir='ltr'><strong>vigesimam</strong></span> <span class='ocrx_word' id='word_1_558' title='bbox 1444 4539 1567 4615; x_wconf 85' lang='lat' dir='ltr'><strong>partem</strong></span> <span class='ocrx_word' id='word_1_559' title='bbox 1581 4536 1678 4597; x_wconf 88' lang='lat' dir='ltr'><strong>annui</strong></span> <span class='ocrx_word' id='word_1_560' title='bbox 1700 4555 1825 4612; x_wconf 89' lang='lat' dir='ltr'><strong>census,</strong></span> <span class='ocrx_word' id='word_1_561' title='bbox 1843 4538 1892 4599; x_wconf 87' lang='lat' dir='ltr'><strong>vel</strong></span> <span class='ocrx_word' id='word_1_562' title='bbox 1903 4537 1943 4598; x_wconf 92' lang='lat' dir='ltr'><strong>lu·</strong></span> 
     </span>
     <span class='ocr_line' id='line_1_48' title="bbox 308 4625 1942 4709; baseline -0.002 -19"><span class='ocrx_word' id='word_1_563' title='bbox 308 4626 376 4688; x_wconf 87' lang='lat' dir='ltr'><strong>aliis</strong></span> <span class='ocrx_word' id='word_1_564' title='bbox 391 4627 482 4690; x_wconf 90' lang='lat' dir='ltr'><strong>docet</strong></span> <span class='ocrx_word' id='word_1_565' title='bbox 495 4630 590 4706; x_wconf 90' lang='lat' dir='ltr'><strong>Moya</strong></span> <span class='ocrx_word' id='word_1_566' title='bbox 609 4647 676 4690; x_wconf 85' lang='lat' dir='ltr'><strong>an.</strong></span> <span class='ocrx_word' id='word_1_567' title='bbox 692 4630 734 4708; x_wconf 88' lang='lat'><strong>3),</strong></span> <span class='ocrx_word' id='word_1_568' title='bbox 752 4646 821 4709; x_wconf 82' lang='lat' dir='ltr'><strong>quae</strong></span> <span class='ocrx_word' id='word_1_569' title='bbox 841 4628 959 4708; x_wconf 89' lang='lat' dir='ltr'><strong>obligat</strong></span> <span class='ocrx_word' id='word_1_570' title='bbox 977 4637 1098 4709; x_wconf 88' lang='lat' dir='ltr'><strong>partem</strong></span> <span class='ocrx_word' id='word_1_571' title='bbox 1156 4625 1220 4698; x_wconf 88' lang='lat' dir='ltr'><strong>cri;</strong></span> <span class='ocrx_word' id='word_1_572' title='bbox 1237 4643 1274 4686; x_wconf 92' lang='lat' dir='ltr'><strong>eo</strong></span> <span class='ocrx_word' id='word_1_573' title='bbox 1290 4625 1374 4704; x_wconf 90' lang='lat' dir='ltr'><strong>quod</strong></span> <span class='ocrx_word' id='word_1_574' title='bbox 1389 4625 1448 4685; x_wconf 91' lang='lat' dir='ltr'><strong>hoc</strong></span> <span class='ocrx_word' id='word_1_575' title='bbox 1462 4625 1620 4702; x_wconf 87' lang='lat' dir='ltr'><strong>pertineat</strong></span> <span class='ocrx_word' id='word_1_576' title='bbox 1640 4625 1681 4686; x_wconf 92' lang='lat' dir='ltr'><strong>ad</strong></span> <span class='ocrx_word' id='word_1_577' title='bbox 1698 4625 1876 4688; x_wconf 88' lang='lat' dir='ltr'><strong>decentiam</strong></span> <span class='ocrx_word' id='word_1_578' title='bbox 1889 4629 1942 4687; x_wconf 85' lang='lat' dir='ltr'><strong>sta·</strong></span> 
     </span>
     <span class='ocr_line' id='line_1_49' title="bbox 308 4712 1941 4801; baseline -0.002 -25"><span class='ocrx_word' id='word_1_579' title='bbox 308 4716 349 4778; x_wconf 89' lang='lat' dir='ltr'><strong>ad</strong></span> <span class='ocrx_word' id='word_1_580' title='bbox 373 4719 607 4795; x_wconf 89' lang='lat' dir='ltr'><strong>procurandum</strong></span> <span class='ocrx_word' id='word_1_581' title='bbox 627 4719 746 4779; x_wconf 91' lang='lat' dir='ltr'><strong>bonum</strong></span> <span class='ocrx_word' id='word_1_582' title='bbox 760 4718 873 4794; x_wconf 90' lang='lat' dir='ltr'><strong>totius,</strong></span> <span class='ocrx_word' id='word_1_583' title='bbox 891 4722 1000 4781; x_wconf 90' lang='lat' dir='ltr'><strong>contra</strong></span> <span class='ocrx_word' id='word_1_584' title='bbox 1016 4721 1100 4801; x_wconf 90' lang='lat' dir='ltr'><strong>quod</strong></span> <span class='ocrx_word' id='word_1_585' title='bbox 1154 4717 1205 4774; x_wconf 89' lang='lat' dir='ltr'><strong>tus</strong></span> <span class='ocrx_word' id='word_1_586' title='bbox 1220 4717 1251 4774; x_wconf 89' lang='lat' dir='ltr'><strong>ct</strong></span> <span class='ocrx_word' id='word_1_587' title='bbox 1264 4712 1394 4774; x_wconf 87' lang='lat' dir='ltr'><strong>maritus</strong></span> <span class='ocrx_word' id='word_1_588' title='bbox 1407 4713 1662 4776; x_wconf 88' lang='lat' dir='ltr'><strong>irrationabiliter</strong></span> <span class='ocrx_word' id='word_1_589' title='bbox 1675 4714 1716 4776; x_wconf 90' lang='lat' dir='ltr'><strong>sit</strong></span> <span class='ocrx_word' id='word_1_590' title='bbox 1729 4715 1864 4790; x_wconf 79' lang='lat' dir='ltr'><strong>invitus3</strong></span> <span class='ocrx_word' id='word_1_591' title='bbox 1877 4715 1941 4776; x_wconf 91' lang='lat' dir='ltr'><strong>hino</strong></span> 
     </span>
     <span class='ocr_line' id='line_1_50' title="bbox 308 4801 1941 4885; baseline -0.001 -21"><span class='ocrx_word' id='word_1_592' title='bbox 308 4805 447 4885; x_wconf 85' lang='lat' dir='ltr'><strong>graviter</strong></span> <span class='ocrx_word' id='word_1_593' title='bbox 466 4805 587 4885; x_wconf 86' lang='lat' dir='ltr'><strong>agitur;</strong></span> <span class='ocrx_word' id='word_1_594' title='bbox 604 4807 750 4868; x_wconf 81' lang='lat' dir='ltr'><strong>ucetiam</strong></span> <span class='ocrx_word' id='word_1_595' title='bbox 774 4809 883 4868; x_wconf 88' lang='lat' dir='ltr'><strong>contra</strong></span> <span class='ocrx_word' id='word_1_596' title='bbox 900 4808 1019 4869; x_wconf 90' lang='lat' dir='ltr'><strong>bonum</strong></span> <span class='ocrx_word' id='word_1_597' title='bbox 1033 4808 1101 4869; x_wconf 88' lang='lat' dir='ltr'><strong>uni·</strong></span> <span class='ocrx_word' id='word_1_598' title='bbox 1155 4801 1250 4864; x_wconf 83' lang='lat' dir='ltr'><strong>ctiam</strong></span> <span class='ocrx_word' id='word_1_599' title='bbox 1272 4805 1375 4881; x_wconf 89' lang='lat' dir='ltr'><strong>potest</strong></span> <span class='ocrx_word' id='word_1_600' title='bbox 1393 4820 1466 4862; x_wconf 89' lang='lat' dir='ltr'><strong>cum</strong></span> <span class='ocrx_word' id='word_1_601' title='bbox 1483 4801 1608 4880; x_wconf 70' lang='lat' dir='ltr'><strong>abigail</strong></span> <span class='ocrx_word' id='word_1_602' title='bbox 1622 4803 1802 4866; x_wconf 85' lang='lat' dir='ltr'><strong>moderatas</strong></span> <span class='ocrx_word' id='word_1_603' title='bbox 1818 4805 1941 4865; x_wconf 86' lang='lat' dir='ltr'><strong>eleemo-</strong></span> 
     </span>
     <span class='ocr_line' id='line_1_51' title="bbox 307 4888 1939 4974; baseline 0.001 -21"><span class='ocrx_word' id='word_1_604' title='bbox 307 4894 428 4954; x_wconf 89' lang='lat' dir='ltr'><strong>versalc</strong></span> <span class='ocrx_word' id='word_1_605' title='bbox 451 4893 609 4957; x_wconf 83' lang='lat' dir='ltr'><strong>societatis</strong></span> <span class='ocrx_word' id='word_1_606' title='bbox 629 4894 787 4972; x_wconf 76' lang='lat' dir='ltr'><strong>humana,</strong></span> <span class='ocrx_word' id='word_1_607' title='bbox 803 4895 828 4956; x_wconf 88' lang='lat' dir='ltr'><strong>si</strong></span> <span class='ocrx_word' id='word_1_608' title='bbox 848 4896 966 4974; x_wconf 88' lang='lat' dir='ltr'><strong>passim</strong></span> <span class='ocrx_word' id='word_1_609' title='bbox 990 4899 1101 4958; x_wconf 83' lang='lat' dir='ltr'><strong>fierent</strong></span> <span class='ocrx_word' id='word_1_610' title='bbox 1155 4888 1238 4950; x_wconf 81' lang='lat' dir='ltr'><strong>sinas</strong></span> <span class='ocrx_word' id='word_1_611' title='bbox 1252 4889 1344 4966; x_wconf 85' lang='lat' dir='ltr'><strong>dare,</strong></span> <span class='ocrx_word' id='word_1_612' title='bbox 1360 4894 1395 4951; x_wconf 91' lang='lat' dir='ltr'><strong>ut</strong></span> <span class='ocrx_word' id='word_1_613' title='bbox 1408 4888 1511 4951; x_wconf 88' lang='lat' dir='ltr'><strong>mariti</strong></span> <span class='ocrx_word' id='word_1_614' title='bbox 1527 4890 1767 4951; x_wconf 86' lang='lat' dir='ltr'><strong>conversionem</strong></span> <span class='ocrx_word' id='word_1_615' title='bbox 1786 4891 1939 4972; x_wconf 81' lang='lat' dir='ltr'><strong>impetret,</strong></span> 
     </span>
     <span class='ocr_line' id='line_1_52' title="bbox 308 4977 1939 5060; baseline -0.004 -17"><span class='ocrx_word' id='word_1_616' title='bbox 308 4979 462 5060; x_wconf 86' lang='lat' dir='ltr'><strong>ejusmodi</strong></span> <span class='ocrx_word' id='word_1_617' title='bbox 477 4980 559 5042; x_wconf 82' lang='lat' dir='ltr'><strong>turta</strong></span> <span class='ocrx_word' id='word_1_618' title='bbox 569 4999 678 5060; x_wconf 66' lang='lat' dir='ltr'><strong>parvm</strong></span> <span class='ocrx_word' id='word_1_619' title='bbox 691 4982 745 5043; x_wconf 90' lang='lat' dir='ltr'><strong>sed</strong></span> <span class='ocrx_word' id='word_1_620' title='bbox 760 4982 927 5044; x_wconf 83' lang='lat' dir='ltr'><strong>difficultas</strong></span> <span class='ocrx_word' id='word_1_621' title='bbox 937 4987 983 5046; x_wconf 86' lang='lat' dir='ltr'><strong>est</strong></span> <span class='ocrx_word' id='word_1_622' title='bbox 997 4983 1029 5043; x_wconf 93' lang='lat' dir='ltr'><strong>in</strong></span> <span class='ocrx_word' id='word_1_623' title='bbox 1040 4983 1100 5044; x_wconf 91' lang='lat' dir='ltr'><strong>hac</strong></span> <span class='ocrx_word' id='word_1_624' title='bbox 1154 4979 1205 5040; x_wconf 86' lang='lat' dir='ltr'><strong>vel</strong></span> <span class='ocrx_word' id='word_1_625' title='bbox 1216 4996 1254 5038; x_wconf 90' lang='lat' dir='ltr'><strong>ne</strong></span> <span class='ocrx_word' id='word_1_626' title='bbox 1268 4980 1352 5040; x_wconf 90' lang='lat' dir='ltr'><strong>Deus</strong></span> <span class='ocrx_word' id='word_1_627' title='bbox 1367 4977 1454 5038; x_wconf 90' lang='lat' dir='ltr'><strong>illum</strong></span> <span class='ocrx_word' id='word_1_628' title='bbox 1465 4978 1585 5056; x_wconf 89' lang='lat' dir='ltr'><strong>puniat.</strong></span> <span class='ocrx_word' id='word_1_629' title='bbox 1598 4980 1693 5058; x_wconf 84' lang='lat' dir='ltr'><strong>Vasq.</strong></span> <span class='ocrx_word' id='word_1_630' title='bbox 1706 4981 1824 5042; x_wconf 90' lang='lat' dir='ltr'><strong>Bonac.</strong></span> <span class='ocrx_word' id='word_1_631' title='bbox 1838 4978 1939 5059; x_wconf 86' lang='lat' dir='ltr'><strong>Regin.</strong></span> 
     </span>
     <span class='ocr_line' id='line_1_53' title="bbox 307 5064 1938 5150; baseline -0.002 -20"><span class='ocrx_word' id='word_1_632' title='bbox 307 5067 525 5148; x_wconf 90' lang='lat' dir='ltr'><strong>responsione,</strong></span> <span class='ocrx_word' id='word_1_633' title='bbox 542 5070 627 5150; x_wconf 90' lang='lat' dir='ltr'><strong>quod</strong></span> <span class='ocrx_word' id='word_1_634' title='bbox 648 5088 686 5130; x_wconf 86' lang='lat' dir='ltr'><strong>ex</strong></span> <span class='ocrx_word' id='word_1_635' title='bbox 708 5069 834 5132; x_wconf 82' lang='lat' dir='ltr'><strong>laesione</strong></span> <span class='ocrx_word' id='word_1_636' title='bbox 856 5070 951 5130; x_wconf 90' lang='lat' dir='ltr'><strong>solius</strong></span> <span class='ocrx_word' id='word_1_637' title='bbox 970 5069 1098 5150; x_wconf 78' lang='lat' dir='ltr'><strong>justitiae</strong></span> <span class='ocrx_word' id='word_1_638' title='bbox 1154 5064 1251 5128; x_wconf 86' lang='lat' dir='ltr'><strong>etalii</strong></span> <span class='ocrx_word' id='word_1_639' title='bbox 1275 5066 1385 5127; x_wconf 88' lang='lat' dir='ltr'><strong>decem</strong></span> <span class='ocrx_word' id='word_1_640' title='bbox 1404 5071 1512 5128; x_wconf 87' lang='lat' dir='ltr'><strong>eontra</strong></span> <span class='ocrx_word' id='word_1_641' title='bbox 1531 5068 1611 5128; x_wconf 89' lang='lat' dir='ltr'><strong>Kon.</strong></span> <span class='ocrx_word' id='word_1_642' title='bbox 1628 5070 1688 5128; x_wconf 89' lang='lat' dir='ltr'><strong>etc.</strong></span> <span class='ocrx_word' id='word_1_643' title='bbox 1706 5069 1744 5130; x_wconf 85' lang='lat' dir='ltr'><strong>V.</strong></span> <span class='ocrx_word' id='word_1_644' title='bbox 1761 5069 1852 5130; x_wconf 86' lang='lat' dir='ltr'><strong>Dian.</strong></span> <span class='ocrx_word' id='word_1_645' title='bbox 1865 5086 1898 5150; x_wconf 81' lang='lat' dir='ltr'><strong>p.</strong></span> <span class='ocrx_word' id='word_1_646' title='bbox 1912 5068 1938 5140; x_wconf 73' lang='lat' dir='ltr'><strong>t,</strong></span> 
     </span>
     <span class='ocr_line' id='line_1_54' title="bbox 306 5155 1772 5238; baseline -0.001 -20"><span class='ocrx_word' id='word_1_647' title='bbox 306 5157 416 5236; x_wconf 89' lang='lat' dir='ltr'><strong>legalis</strong></span> <span class='ocrx_word' id='word_1_648' title='bbox 431 5174 493 5218; x_wconf 91' lang='lat' dir='ltr'><strong>non</strong></span> <span class='ocrx_word' id='word_1_649' title='bbox 507 5161 658 5238; x_wconf 89' lang='lat' dir='ltr'><strong>sequatur</strong></span> <span class='ocrx_word' id='word_1_650' title='bbox 671 5157 820 5238; x_wconf 91' lang='lat' dir='ltr'><strong>obligatio</strong></span> <span class='ocrx_word' id='word_1_651' title='bbox 835 5159 1031 5234; x_wconf 86' lang='lat' dir='ltr'><strong>restituendi,</strong></span> <span class='ocrx_word' id='word_1_652' title='bbox 1055 5157 1098 5220; x_wconf 92' lang='lat' dir='ltr'><strong>uti</strong></span> <span class='ocrx_word' id='word_1_653' title='bbox 1154 5161 1193 5216; x_wconf 84' lang='lat' dir='ltr'><strong>tr.</strong></span> <span class='ocrx_word' id='word_1_654' title='bbox 1211 5157 1259 5231; x_wconf 81' lang='lat' dir='ltr'><strong>lo,</strong></span> <span class='ocrx_word' id='word_1_655' title='bbox 1276 5173 1330 5214; x_wconf 82' lang='lat' dir='ltr'><strong>res.</strong></span> <span class='ocrx_word' id='word_1_656' title='bbox 1347 5157 1396 5230; x_wconf 75' lang='lat'><strong>23,</strong></span> <span class='ocrx_word' id='word_1_657' title='bbox 1413 5162 1483 5235; x_wconf 86' lang='lat' dir='ltr'><strong>etp.</strong></span> <span class='ocrx_word' id='word_1_658' title='bbox 1500 5157 1530 5230; x_wconf 83' lang='lat'><strong>5,</strong></span> <span class='ocrx_word' id='word_1_659' title='bbox 1547 5161 1587 5215; x_wconf 82' lang='lat' dir='ltr'><strong>tr.</strong></span> <span class='ocrx_word' id='word_1_660' title='bbox 1604 5155 1633 5231; x_wconf 86' lang='grc'><strong>8,</strong></span> <span class='ocrx_word' id='word_1_661' title='bbox 1650 5171 1705 5216; x_wconf 84' lang='lat' dir='ltr'><strong>res.</strong></span> <span class='ocrx_word' id='word_1_662' title='bbox 1722 5156 1772 5216; x_wconf 72' lang='lat'><strong>³4.</strong></span> 
     </span>
    </p>
   </div>
   <div class='ocr_carea' id='block_1_5' title="bbox 304 5241 1939 5411">
    <p class='ocr_par' dir='ltr' id='par_1_11' title="bbox 304 5241 1939 5411">
     <span class='ocr_line' id='line_1_55' title="bbox 306 5241 1938 5324; baseline -0.001 -18"><span class='ocrx_word' id='word_1_663' title='bbox 306 5263 379 5306; x_wconf 91' lang='lat' dir='ltr'><strong>cum</strong></span> <span class='ocrx_word' id='word_1_664' title='bbox 394 5245 553 5306; x_wconf 90' lang='lat' dir='ltr'><strong>communi</strong></span> <span class='ocrx_word' id='word_1_665' title='bbox 567 5248 769 5324; x_wconf 78' lang='lat' dir='ltr'><strong>tenenthugo</strong></span> <span class='ocrx_word' id='word_1_666' title='bbox 779 5247 810 5307; x_wconf 92' lang='lat' dir='ltr'><strong>d.</strong></span> <span class='ocrx_word' id='word_1_667' title='bbox 829 5249 857 5322; x_wconf 89' lang='lat' dir='ltr'><strong>l,</strong></span> <span class='ocrx_word' id='word_1_668' title='bbox 870 5265 900 5306; x_wconf 86' lang='lat' dir='ltr'><strong>n.</strong></span> <span class='ocrx_word' id='word_1_669' title='bbox 914 5249 964 5322; x_wconf 71' lang='lat'><strong>52,</strong></span> <span class='ocrx_word' id='word_1_670' title='bbox 977 5251 1008 5308; x_wconf 90' lang='lat' dir='ltr'><strong>et</strong></span> <span class='ocrx_word' id='word_1_671' title='bbox 1018 5247 1096 5310; x_wconf 88' lang='lat' dir='ltr'><strong>Plat.</strong></span> <span class='ocrx_word' id='word_1_672' title='bbox 1193 5263 1207 5300; x_wconf 85' lang='lat' dir='ltr'><strong>n</strong></span> <span class='ocrx_word' id='word_1_673' title='bbox 1236 5243 1287 5303; x_wconf 91' lang='lat' dir='ltr'><strong>IV.</strong></span> <span class='ocrx_word' id='word_1_674' title='bbox 1313 5243 1399 5304; x_wconf 87' lang='lat' dir='ltr'><strong>Uxor</strong></span> <span class='ocrx_word' id='word_1_675' title='bbox 1415 5244 1518 5319; x_wconf 89' lang='lat' dir='ltr'><strong>potest</strong></span> <span class='ocrx_word' id='word_1_676' title='bbox 1531 5241 1614 5303; x_wconf 90' lang='lat' dir='ltr'><strong>bona</strong></span> <span class='ocrx_word' id='word_1_677' title='bbox 1629 5242 1819 5322; x_wconf 83' lang='lat' dir='ltr'><strong>expendere,</strong></span> <span class='ocrx_word' id='word_1_678' title='bbox 1835 5241 1938 5306; x_wconf 80' lang='lat' dir='ltr'><strong>marito</strong></span> 
     </span>
     <span class='ocr_line' id='line_1_56' title="bbox 304 5325 1939 5411; baseline 0.004 -25"><span class='ocrx_word' id='word_1_679' title='bbox 304 5345 337 5407; x_wconf 84' lang='lat' dir='ltr'><strong>p.</strong></span> <span class='ocrx_word' id='word_1_680' title='bbox 353 5327 383 5401; x_wconf 92' lang='grc'><strong>3,</strong></span> <span class='ocrx_word' id='word_1_681' title='bbox 399 5344 430 5386; x_wconf 84' lang='lat' dir='ltr'><strong>n.</strong></span> <span class='ocrx_word' id='word_1_682' title='bbox 447 5327 516 5398; x_wconf 80' lang='lat'>718;</span> <span class='ocrx_word' id='word_1_683' title='bbox 532 5325 701 5386; x_wconf 90' lang='lat' dir='ltr'><strong>dicendum</strong></span> <span class='ocrx_word' id='word_1_684' title='bbox 711 5331 817 5387; x_wconf 90' lang='lat' dir='ltr'><strong>autem</strong></span> <span class='ocrx_word' id='word_1_685' title='bbox 832 5330 878 5386; x_wconf 89' lang='lat' dir='ltr'><strong>est</strong></span> <span class='ocrx_word' id='word_1_686' title='bbox 893 5325 1000 5386; x_wconf 91' lang='lat' dir='ltr'><strong>deberi</strong></span> <span class='ocrx_word' id='word_1_687' title='bbox 1010 5327 1100 5388; x_wconf 87' lang='lat' dir='ltr'><strong>resti-</strong></span> <span class='ocrx_word' id='word_1_688' title='bbox 1153 5330 1282 5390; x_wconf 90' lang='lat' dir='ltr'><strong>absente</strong></span> <span class='ocrx_word' id='word_1_689' title='bbox 1301 5330 1350 5389; x_wconf 89' lang='lat' dir='ltr'><strong>vel</strong></span> <span class='ocrx_word' id='word_1_690' title='bbox 1373 5328 1474 5406; x_wconf 83' lang='lat' dir='ltr'><strong>ictuc,</strong></span> <span class='ocrx_word' id='word_1_691' title='bbox 1492 5329 1567 5410; x_wconf 92' lang='lat' dir='ltr'><strong>quia</strong></span> <span class='ocrx_word' id='word_1_692' title='bbox 1581 5331 1655 5391; x_wconf 92' lang='lat' dir='ltr'><strong>tunc</strong></span> <span class='ocrx_word' id='word_1_693' title='bbox 1669 5330 1711 5391; x_wconf 90' lang='lat' dir='ltr'><strong>ad</strong></span> <span class='ocrx_word' id='word_1_694' title='bbox 1725 5330 1812 5393; x_wconf 90' lang='lat' dir='ltr'><strong>illam</strong></span> <span class='ocrx_word' id='word_1_695' title='bbox 1828 5331 1939 5411; x_wconf 77' lang='lat' dir='ltr'><strong>spectat</strong></span> 
     </span>
    </p>
   </div>
   <div class='ocr_carea' id='block_1_6' title="bbox 306 5413 1937 5586">
    <p class='ocr_par' dir='ltr' id='par_1_12' title="bbox 306 5413 1937 5586">
     <span class='ocr_line' id='line_1_57' title="bbox 306 5413 1937 5500; baseline 0.002 -26"><span class='ocrx_word' id='word_1_696' title='bbox 306 5413 470 5490; x_wconf 89' lang='lat' dir='ltr'><strong>tutionem,</strong></span> <span class='ocrx_word' id='word_1_697' title='bbox 486 5413 511 5474; x_wconf 89' lang='lat' dir='ltr'><strong>si</strong></span> <span class='ocrx_word' id='word_1_698' title='bbox 526 5432 546 5474; x_wconf 88' lang='lat' dir='ltr'><strong>a</strong></span> <span class='ocrx_word' id='word_1_699' title='bbox 559 5413 700 5492; x_wconf 91' lang='lat' dir='ltr'><strong>pluribus</strong></span> <span class='ocrx_word' id='word_1_700' title='bbox 719 5431 820 5492; x_wconf 89' lang='lat' dir='ltr'><strong>pauca</strong></span> <span class='ocrx_word' id='word_1_701' title='bbox 839 5414 1032 5493; x_wconf 87' lang='lat' dir='ltr'><strong>auferantur,</strong></span> <span class='ocrx_word' id='word_1_702' title='bbox 1053 5415 1098 5478; x_wconf 90' lang='lat' dir='ltr'><strong>uti</strong></span> <span class='ocrx_word' id='word_1_703' title='bbox 1152 5417 1379 5480; x_wconf 86' lang='lat' dir='ltr'><strong>administratio</strong></span> <span class='ocrx_word' id='word_1_704' title='bbox 1401 5417 1523 5478; x_wconf 90' lang='lat' dir='ltr'><strong>domus.</strong></span> <span class='ocrx_word' id='word_1_705' title='bbox 1549 5421 1627 5480; x_wconf 89' lang='lat' dir='ltr'><strong>ltem</strong></span> <span class='ocrx_word' id='word_1_706' title='bbox 1652 5417 1705 5498; x_wconf 92' lang='lat' dir='ltr'><strong>qui</strong></span> <span class='ocrx_word' id='word_1_707' title='bbox 1733 5419 1867 5500; x_wconf 87' lang='lat' dir='ltr'><strong>acquirit</strong></span> <span class='ocrx_word' id='word_1_708' title='bbox 1887 5434 1937 5480; x_wconf 86' lang='lat' dir='ltr'><strong>sua</strong></span> 
     </span>
     <span class='ocr_line' id='line_1_58' title="bbox 306 5499 1934 5586; baseline -0.001 -19"><span class='ocrx_word' id='word_1_709' title='bbox 306 5499 461 5567; x_wconf 83' lang='lat' dir='ltr'><strong>constabit</strong></span> <span class='ocrx_word' id='word_1_710' title='bbox 475 5520 513 5562; x_wconf 87' lang='lat' dir='ltr'><strong>ex</strong></span> <span class='ocrx_word' id='word_1_711' title='bbox 527 5499 667 5564; x_wconf 88' lang='lat' dir='ltr'><strong>dicendis</strong></span> <span class='ocrx_word' id='word_1_712' title='bbox 675 5521 746 5586; x_wconf 81' lang='lat' dir='ltr'><strong>par.</strong></span> <span class='ocrx_word' id='word_1_713' title='bbox 763 5505 793 5580; x_wconf 69' lang='lat' dir='ltr'><strong>t,</strong></span> <span class='ocrx_word' id='word_1_714' title='bbox 809 5521 839 5564; x_wconf 84' lang='lat' dir='ltr'><strong>n.</strong></span> <span class='ocrx_word' id='word_1_715' title='bbox 855 5505 924 5564; x_wconf 72' lang='lat' dir='ltr'><strong>all.</strong></span> <span class='ocrx_word' id='word_1_716' title='bbox 1154 5505 1323 5582; x_wconf 81' lang='lat' dir='ltr'><strong>iudustria3</strong></span> <span class='ocrx_word' id='word_1_717' title='bbox 1341 5505 1415 5567; x_wconf 91' lang='lat' dir='ltr'><strong>item</strong></span> <span class='ocrx_word' id='word_1_718' title='bbox 1430 5505 1682 5584; x_wconf 85' lang='lat' dir='ltr'><strong>paraphernalia,</strong></span> <span class='ocrx_word' id='word_1_719' title='bbox 1699 5505 1760 5569; x_wconf 92' lang='lat' dir='ltr'><strong>hoc</strong></span> <span class='ocrx_word' id='word_1_720' title='bbox 1775 5511 1833 5586; x_wconf 87' lang='lat' dir='ltr'><strong>est,</strong></span> <span class='ocrx_word' id='word_1_721' title='bbox 1848 5507 1934 5580; x_wconf 87' lang='lat' dir='ltr'><strong>bona,</strong></span> 
     </span>
    </p>
   </div>
   <div class='ocr_carea' id='block_1_7' title="bbox 0 0 2000 6336">
    <p class='ocr_par' dir='ltr' id='par_1_13' title="bbox 0 0 2000 6336">
     <span class='ocr_line' id='line_1_59' title="bbox 0 0 2000 6336; baseline 0 1"><span class='ocrx_word' id='word_1_722' title='bbox 0 0 2000 6336; x_wconf 95' lang='lat' dir='ltr'><strong> </strong></span> 
     </span>
    </p>
   </div>
  </div>
 </body>
</html>
