4056 6344
314 505 373 568 cic
818 537 821 544 ⁴
977 503 1095 568 LIBER
1116 502 1310 576 QUARTUS.

317 695 433 754 utnon
450 689 545 752 hecat
561 691 644 752 ultra
663 693 727 751 tres
745 707 869 752 menses
888 691 1051 756 canonicis
1069 690 1110 752 ab
1165 690 1305 752 Praelatis
1337 687 1535 770 regularibus
1568 707 1575 748 :
1603 685 1739 768 ideoque
1771 703 1829 748 eos
1861 686 1951 748 teneri

317 779 457 844 Ecclesia
471 779 592 840 abesse.
609 778 699 841 Unde
719 781 843 858 haym„
859 798 941 842 num.
958 783 989 848 6,
1006 779 1109 855 docet,
1164 785 1306 859 tempore
1324 778 1432 859 pestis,
1453 771 1548 839 ctiam
1566 795 1639 837 cunr
1657 773 1811 855 periculo,
1833 774 1896 838 suis
1912 793 1952 836 as

318 867 527 932 Canonicetus
549 868 582 928 in
605 867 845 930 cathedralibus
868 867 1015 931 Ecclesiis
1038 868 1111 930 cer·
1165 868 1286 930 sistere.

317 957 443 1034 maniae,
470 975 540 1036 quc
563 974 602 1017 ex
624 955 865 1018 immemorabili
887 955 1111 1019 consuetudine
1210 955 1324 1036 «Resp.
1342 953 1404 1016 ΙΙΙ.
1426 955 1484 1028 Qui
1499 954 1530 1015 in
1546 952 1693 1016 Ecclesiis
1707 951 1950 1026 cathedralibus,

319 1045 484 1127 requirnnt
498 1047 619 1105 tantum
634 1043 838 1106 residentiam
852 1044 947 1106 medii
962 1045 1046 1123 anni,
1061 1043 1112 1104 vel
1166 1045 1215 1106 vel
1235 1044 1413 1124 collegiatis
1432 1043 1575 1104 obtinent
1595 1041 1776 1120 dignitates,
1795 1040 1952 1102 Canonica·

319 1133 414 1196 trium
435 1131 603 1210 meusium,
623 1131 706 1193 inter
725 1132 940 1212 competibilia
959 1131 1113 1194 beneficia
1166 1137 1227 1210 tus,
1241 1131 1439 1208 Proebendas,
1452 1132 1501 1191 vel
1516 1131 1687 1209 portiones,
1704 1129 1730 1191 si
1744 1130 1834 1192 intra
1847 1147 1953 1190 annum

321 1220 542 1283 numerandos.
1169 1223 1249 1284 ultra
1277 1225 1439 1282 3meuses
1468 1220 1583 1297 absint,
1606 1219 1709 1299 primo
1743 1236 1829 1280 anno
1862 1217 1954 1278 media

360 1330 375 1369 r
393 1307 480 1386 Dici,
492 1307 553 1368 πίει·
563 1307 737 1386 jectaearna
751 1307 957 1378 cohonestetur,
970 1309 1046 1390 quia
1060 1309 1113 1390 qui
1170 1314 1258 1390 parte
1271 1309 1440 1384 fructuum,
1457 1308 1596 1370 secundo
1614 1325 1689 1368 vcro
1712 1323 1799 1369 anno
1823 1305 1954 1368 omnibns

320 1415 378 1478 per
391 1395 658 1476 dispensationem
672 1396 764 1476 plura
778 1395 882 1460 officia
896 1397 1040 1476 obtinuit,
1055 1397 1113 1460 nisi
1171 1398 1334 1474 fructibus,
1352 1416 1431 1478 quos
1445 1397 1496 1458 illo
1511 1415 1594 1459 anno
1608 1396 1721 1458 lucrati
1737 1399 1826 1471 sunt,
1843 1395 1954 1475 prisca

318 1487 404 1566 justa
418 1503 514 1548 causa
527 1484 637 1561 subsit,
658 1484 690 1545 in
709 1485 901 1548 conscientia
917 1503 980 1548 nou
995 1486 1055 1548 erit
1067 1488 1114 1547 tu·
1170 1487 1236 1550 dos.
1260 1489 1335 1560 Ouae
1346 1489 1452 1548 tamen
1467 1503 1563 1565 poena
1577 1490 1624 1547 est
1637 1484 1803 1546 sententiae
1818 1481 1952 1557 ferenda,

322 1581 384 1653 tus,
400 1573 456 1636 sed
469 1572 628 1635 tenebitur
638 1573 772 1634 alterum
786 1575 958 1654 resignare,
975 1577 1010 1636 ut
1023 1572 1116 1636 docet
1170 1593 1232 1636 nnn
1246 1574 1330 1650 latae,
1347 1576 1382 1634 ut
1396 1576 1517 1634 constat
1531 1590 1570 1632 ex
1584 1571 1669 1633 Trid.
1686 1589 1751 1633 cess.
1769 1574 1826 1648 24,
1840 1589 1902 1651 rep.
1912 1572 1952 1645 lt,

321 1667 421 1740 Lesa,
440 1662 461 1724 l.
477 1666 507 1732 Ξ,
523 1679 550 1724 c.
566 1665 617 1739 cl,
633 1680 664 1724 n.
681 1664 750 1725 lcl.
1169 1662 1205 1724 de
1217 1661 1349 1742 Resona.

361 1773 376 1810 u
396 1752 493 1813 Porro
499 1748 691 1832 justacausa
705 1748 908 1829 dispensandi
919 1753 979 1816 erit
988 1751 1115 1814 evidens
1215 1772 1229 1807 u
1243 1747 1330 1831 Reep.
1350 1750 1367 1812 l
1372 1748 1404 1810 V.
1426 1751 1544 1810 Causas
1558 1767 1578 1809 a
1592 1747 1764 1810 residentia
1784 1751 1954 1809 excusantes

323 1837 505 1915 necessitas,
533 1841 567 1900 et
592 1836 710 1899 utilitas
738 1837 896 1916 Ecclesiae,
927 1839 1116 1922 quandoque
1171 1858 1258 1901 csse:
1274 1838 1497 1901 l.Doctionc1n
1508 1834 1955 1917 Theologiae,vel.luriscanc·

324 1929 419 1991 etiam
432 1925 662 2008 praerogativae,
678 1929 710 1987 et
723 1926 1012 2006 meritaperscnoe3
1028 1928 1116 1990 verbi
1171 1928 1232 1989 uici
1254 1946 1261 1988 :
1285 1945 1387 2007 neque
1410 1926 1451 1988 ad
1479 1926 1540 1987 hoc
1566 1925 1726 1987 licentiam
1746 1923 1890 1998 Praelab,
1911 1927 1955 1984 ant

324 2016 438 2098 gratia,
464 2014 596 2095 insignis
619 2013 776 2092 nobilitas,
802 2015 950 2094 dignitas,
974 2017 1114 2095 scientia,
1171 2016 1315 2096 Episcopi
1333 2015 1467 2096 requiri3
1480 2015 1597 2096 requiri
1613 2019 1719 2076 autem
1734 2013 1777 2076 ad
1792 2013 1956 2074 ductionem

325 2105 507 2182 auctoritas,
519 2103 630 2181 virtus,
649 2107 708 2165 etc.
727 2103 822 2166 modo
838 2108 997 2184 caveatur,
1014 2125 1053 2167 ne
1064 2107 1118 2168 be·
1171 2105 1347 2167 litterarum
1367 2104 1601 2180 humaniorum,
1619 2107 1650 2165 et
1664 2101 1891 2181 Philosophia,
1907 2099 1954 2162 uisi

325 2193 509 2257 nellcicrum
525 2191 934 2270 coacervatie,factaetiam
949 2194 989 2257 cb
1003 2213 1118 2276 praero·
1174 2192 1364 2254 contrarium
1393 2193 1509 2254 babeat
1537 2191 1742 2254 consuetudo.
1766 2195 1799 2252 2.
1827 2189 1955 2252 Studium

325 2282 464 2363 gativam
481 2280 855 2360 personae,adprivatum
865 2287 1042 2361 tantum,et
1056 2301 1118 2345 non
1173 2280 1363 2360 Theologiae,
1385 2282 1435 2342 vel
1458 2280 1543 2343 luris
1568 2281 1733 2353 canonioi;
1755 2280 1791 2340 id
1814 2279 1895 2340 euim
1910 2295 1955 2358 per

326 2371 367 2433 ad
382 2387 549 2434 commune
567 2369 687 2433 bonum
706 2369 871 2432 referatur.
891 2372 958 2433 lmo
977 2372 1044 2434 sina
1058 2371 1118 2434 dis·
1173 2374 1191 2432 t
1216 2387 1315 2431 annos
1339 2370 1433 2432 etiam
1452 2373 1589 2431 excusat.
1606 2372 1635 2431 3.
1654 2369 1852 2449 Obsequium
1866 2369 1953 2444 Papa,

326 2459 510 2542 pensatione
525 2457 617 2538 plura
629 2455 798 2534 Beneficia,
818 2475 908 2540 seqq.
925 2458 1049 2523 casibus
1063 2459 1120 2521 ha·
1173 2458 1224 2519 vel
1238 2458 1394 2538 Episcopi,
1408 2458 1449 2519 ad
1463 2458 1609 2520 Ecclesiae
1624 2457 1807 2519 utilitatem.
1820 2462 1851 2518 l.
1863 2455 1956 2516 bicen-

327 2547 552 2627 beripcssuut.
1174 2547 1250 2610 tiam
1279 2547 1450 2627 legitimam
1475 2565 1513 2608 cx
1537 2548 1647 2628 quavis
1668 2547 1731 2609 alia
1754 2547 1846 2627 justa
1865 2563 1953 2606 muse.
2016 2569 2018 2588 .

367 2659 381 2695 u
400 2637 423 2698 l.
437 2634 469 2697 Si
481 2636 651 2713 utrumque
665 2631 745 2694 adeo
759 2632 800 2696 sit
813 2635 918 2712 tenue,
930 2637 965 2698 ut
974 2637 1121 2698 neutrum
1175 2640 1204 2698 5.
1230 2639 1401 2700 Honestam
1428 2637 1697 2714 consuetudinem,
1727 2636 1782 2698 ubi
1812 2633 1954 2714 dispositio

328 2723 463 2788 sufficiat
480 2721 521 2785 ad
540 2719 824 2784 sustentationem:
843 2721 938 2784 modo
952 2727 1121 2805 utrumque
1176 2725 1306 2788 concilii
1320 2743 1382 2787 non
1397 2729 1445 2787 est
1457 2728 1595 2805 recepta.
1617 2725 1692 2786 Vide
1705 2727 1787 2787 Bou.
1806 2723 1830 2786 1.
1846 2741 1871 2784 c.

328 2813 369 2877 sit
381 2810 525 2892 simplex,
540 2826 600 2871 nee
613 2807 818 2872 residentiam
833 2809 983 2892 requirat.
1221 2835 1236 2872 a
1253 2815 1340 2896 lleep.
1364 2812 1396 2876 V.
1420 2815 1478 2888 Qui
1497 2815 1617 2896 absque
1637 2814 1724 2895 justa
1748 2831 1849 2874 causa
1870 2813 1952 2886 abest,

368 2923 383 2960 u
401 2900 440 2963 ll.
463 2897 596 2974 Quando
616 2897 770 2961 Perochia
788 2901 836 2964 est
853 2916 977 2963 annexa
992 2899 1121 2965 &noni-
1176 2906 1287 2980 peccat
1299 2902 1484 2980 mortaliter,
1501 2921 1564 2964 uon
1578 2907 1683 2964 tamen
1701 2905 1833 2964 tenetur
1850 2899 1887 2962 ad
1904 2917 1956 2960 res
2017 2891 2018 2944 ἒ

330 2989 426 3067 cetui,
442 2987 535 3072 eique
551 2985 745 3050 accessoria:
761 2989 837 3051 tuuc
854 2987 1121 3070 enimutromque
1177 2990 1354 3053 titutionem
1381 2990 1550 3068 fructuum,
1580 2990 1605 3050 si
1633 2991 1737 3051 allicio
1769 2987 1954 3062 satisfecerit,
2016 3023 2018 3068 4

330 3097 388 3161 per
405 3077 535 3140 modum
558 3075 652 3138 unius
674 3075 862 3158 possidetur,
887 3075 932 3140 ita
953 3083 1071 3154 maren,
1087 3081 1123 3140 ut
1178 3079 1236 3140 nisi
1259 3079 1300 3140 ad
1323 3097 1393 3140 eam
1412 3079 1651 3156 condemnetur,
1668 3079 1718 3140 vel
1737 3077 1799 3139 nisi
1819 3077 1852 3139 id
1868 3077 1956 3157 aliquo

330 3173 476 3232 teneatur
503 3163 663 3228 vicarium
698 3169 886 3245 perpetuum
918 3165 950 3227 in
984 3167 1123 3229 Ecclesia
1174 3166 1245 3248 jure
1260 3166 1300 3228 sit
1313 3184 1507 3246 expressum.

331 3259 425 3322 alere.
1223 3277 1237 3312 u
1249 3256 1334 3336 Besp.
1358 3255 1408 3318 Vl.
1431 3258 1503 3332 Eos,
1521 3255 1574 3334 qni
1589 3273 1628 3316 cx
1644 3255 1790 3335 legitima
1804 3273 1896 3318 cansa
1913 3254 1956 3316 ab·

376 3369 389 3404 u
404 3347 455 3408 lll.
473 3343 603 3417 Quande
618 3343 771 3404 beneficia
784 3343 922 3422 legitime
938 3347 1011 3405 sunt
1022 3343 1119 3405 unita.
1178 3348 1261 3421 sunt,
1285 3363 1347 3407 non
1366 3344 1481 3405 lucrari
1501 3343 1748 3422 distributiones,
1771 3345 1867 3426 juxta
1884 3339 1954 3405 nd.

376 3459 389 3492 a
404 3437 455 3496 lV.
474 3431 605 3505 Quando
626 3431 705 3492 alius
724 3430 867 3510 idoneus,
885 3437 916 3494 et
931 3432 1046 3513 dignus
1060 3451 1123 3493 non
1178 3433 1237 3494 uisi
1260 3437 1367 3495 tamen
1386 3433 1491 3494 absint
1508 3432 1548 3493 ad
1568 3433 1708 3494 curanda
1728 3435 1859 3514 negotia
1871 3432 1956 3494 Erclc·
2016 3477 2017 3488 ,

332 3525 496 3605 reperitur.
1178 3520 1243 3598 sier,
1261 3540 1299 3582 cx
1313 3521 1532 3584 commissione
1545 3521 1692 3601 capituli,
1714 3523 1765 3583 vel
1786 3519 1957 3584 omninoiu-
2016 3529 2017 3540 ¹

377 3635 391 3669 u
405 3614 441 3674 V.
462 3610 592 3684 Quando
614 3627 711 3670 unum
730 3609 918 3671 beneficium
935 3610 1070 3674 habetur
1092 3609 1123 3669 in
1178 3609 1353 3671 voluntarie
1378 3611 1418 3671 ob
1440 3609 1598 3686 morbum,
1624 3610 1854 3689 captivitatem,
1876 3607 1957 3688 injus·
2016 3641 2017 3644 κ

333 3701 468 3777 titulum,
485 3700 618 3761 alterum
632 3698 664 3759 iu
683 3699 908 3760 Commendnm
932 3717 994 3760 uon
1014 3715 1125 3778 perpe·
1178 3701 1244 3760 tam
1281 3697 1652 3776 excommunicationem,
1692 3703 1753 3764 etc.
1794 3701 1833 3762 V.
1871 3701 1955 3771 ἰῶ,

332 3798 430 3867 tuam,
447 3789 501 3850 sed
517 3788 557 3850 ad
572 3789 691 3867 aliquot
704 3805 828 3848 menses
842 3787 942 3848 donec
957 3788 997 3849 dc
1011 3787 1123 3848 idoneo
1179 3804 1210 3848 n.
1233 3786 1300 3847 lcl.
1318 3807 1332 3844 u

332 3879 545 3961 provideatur.
563 3879 610 3938 lta
624 3876 734 3954 Regin.
752 3894 789 3936 ex
808 3876 883 3939 silv.

380 3990 394 4026 a
410 3965 525 4041 (lucres
540 3985 549 4024 :
565 3967 623 4040 Au,
641 3967 672 4024 et
690 3963 848 4044 quomodo
867 3963 977 4026 clerici
996 3967 1126 4025 tenean-

333 4065 386 4122 tur
400 4056 440 4117 ad
456 4052 677 4116 residentiam?

380 4168 394 4203 u
408 4145 491 4225 Resp.
510 4140 536 4206 I.
553 4143 733 4221 Episcopos,
750 4141 918 4220 Paroehcs,
931 4159 1058 4222 eosque,
1073 4139 1126 4222 qui

336 4238 479 4297 curatum
498 4230 685 4291 beneficium
704 4230 832 4308 habeut,
852 4231 925 4314 jure
946 4231 1056 4293 Divino
1080 4235 1128 4292 te·
1224 4223 1331 4299 coest.
1349 4227 1416 4286 lE'l.
1433 4257 1474 4270 -
1492 4222 1572 4300 Quid
1590 4222 1757 4288 addendum
1774 4224 1817 4285 sit
1834 4222 1906 4285 eine
1921 4221 1957 4280 in·
1972 4222 1996 4270 ΙΙ

336 4324 414 4386 neri.
436 4325 499 4384 Nec
521 4320 644 4397 sufficit,
667 4319 691 4380 si
714 4339 772 4399 per
795 4321 872 4382 alios
895 4319 1125 4397 administrent,
1182 4312 1456 4394 competibilitatem
1474 4311 1710 4394 Beneficiorum?
1724 4315 1762 4376 R.
1779 4315 1826 4376 De
1847 4313 1903 4374 hac
1920 4309 1956 4372 di·
2015 4353 2016 4392 3

336 4411 395 4473 uisi
411 4409 513 4490 majus
525 4408 644 4471 honum
662 4412 774 4486 urgeat
790 4429 797 4469 :
816 4409 890 4488 quia
909 4413 1017 4471 contre
1035 4409 1127 4471 ratio·
1184 4407 1271 4465 cetur
1284 4421 1302 4462 a
1317 4422 1346 4464 a.
1363 4403 1432 4466 896.
2015 4407 2016 4481 l

337 4519 410 4562 nem
438 4504 501 4574 est,
530 4501 565 4558 ut
592 4497 643 4557 hic
670 4497 807 4559 cilicium
830 4503 861 4559 et
887 4498 1025 4575 fruetus,
1050 4499 1129 4560 alter
1227 4490 1334 4567 Ouoest.
1361 4494 1428 4553 las.
1455 4523 1496 4535 -
1520 4488 1599 4565 Ouid
1620 4489 1701 4553 οἰνοα
1723 4490 1906 4553 recidendam
1926 4487 1956 4548 eil
1972 4489 2016 4582 *ll

337 4608 417 4651 onus
435 4587 561 4663 haheat,
582 4588 658 4648 Bou.
680 4592 702 4645 t.
725 4590 753 4663 l,
769 4584 800 4647 d.
816 4589 835 4648 5
863 4585 898 4647 de
912 4585 1002 4668 obliq.
1020 4587 1126 4669 benefi,
1181 4591 1328 4664 pretereo
1345 4579 1527 4641 notandum?
1545 4583 1581 4642 R.
1601 4581 1695 4660 Seqq.
1714 4582 1734 4660 fi
1752 4585 1781 4642 l.
1799 4576 1957 4642 Resideutia
2014 4591 2016 4654 p

334 4698 366 4759 p.
388 4681 416 4740 l.
1184 4668 1411 4749 estpraesentia
1428 4686 1571 4748 personae
1589 4668 1621 4728 iu
1637 4669 1705 4729 loco
1724 4667 1867 4729 benetlcii
1884 4662 1955 4726 edei
2014 4655 2016 4792 ¹

383 4787 397 4822 u
410 4765 495 4846 Recp.
512 4762 555 4825 II.
573 4765 619 4825 lta
633 4764 732 4824 teneri
753 4764 793 4825 ad
817 4763 1029 4838 residentiam,
1045 4767 1080 4825 ut
1104 4764 1128 4824 si
1184 4755 1435 4820 deserviendum.
1457 4757 1528 4818 Alia
1549 4760 1597 4818 est
1619 4755 1764 4836 praecisa,
1786 4757 1848 4818 alia
1868 4771 1955 4817 causa-
2015 4795 2016 4832 ,

337 4854 483 4937 Episcopi
506 4853 589 4914 iutra
611 4871 728 4914 anuum
750 4854 831 4914 ultra
852 4857 926 4928 tres,
949 4857 979 4915 ct
997 4853 1129 4915 Perochi
1184 4849 1263 4920 tiva;
1279 4849 1346 4908 tum
1366 4844 1480 4906 dicitur
1499 4844 1641 4924 praecisa,
1657 4844 1683 4906 si
1701 4844 1742 4907 sit
1759 4839 1955 4924 inseparabilis
2015 4859 2016 4880 ³

338 4945 421 5008 ultra
435 4942 514 5005 duos
528 4960 661 5016 menses,
679 4941 797 5022 absque
811 4941 952 5020 legitima
966 4959 1061 5002 censa
1075 4961 1131 5020 per
1185 4955 1204 4998 a
1217 4934 1379 5010 beneflcio,
1397 4933 1539 5013 adeoque
1554 4933 1673 5013 obliget
1691 4933 1750 4994 sub
1769 4952 1864 5013 poena
1880 4929 1955 4994 amis·
2013 4881 2016 5020 J

338 5034 528 5113 Episcopum
562 5029 697 5108 cognita,
733 5034 763 5092 ct
794 5027 980 5108 approbata,
1015 5029 1129 5107 absint,
1185 5041 1280 5086 sionis
1299 5023 1404 5084 trtuh:
1426 5022 1586 5086 causativa
1609 5026 1666 5098 cst,
1683 5020 1708 5082 si
1730 5020 1799 5084 sine
1822 5039 1859 5083 ea
1878 5016 1956 5099 possit
2013 5023 2015 5104 l

339 5120 513 5184 mortaliter
538 5122 685 5197 peccent,
717 5122 748 5179 et
776 5117 895 5179 fructus
924 5137 985 5180 non
1014 5117 1132 5182 furiunt
1185 5111 1311 5175 retineri
1322 5110 1519 5188 heneficium,
1532 5111 1675 5192 adeoque
1688 5109 1871 5191 obligetsub
1879 5119 1954 5185 poena
2014 5141 2015 5196 3

339 5229 422 5273 suos.
446 5209 494 5270 lte
516 5206 655 5269 Trident.
680 5225 743 5268 rese.
769 5209 819 5283 23,
843 5206 878 5268 de
898 5205 1030 5286 ltelcrm.
1054 5207 1133 5289 capi·
1186 5201 1361 5265 amissionis
1376 5201 1514 5262 solorum
1528 5200 1697 5262 fructuum.
2013 5199 2015 5260 ἶ

339 5298 395 5361 tol.
421 5299 450 5360 l.
473 5298 511 5360 V.
534 5296 612 5357 Bon.
638 5294 694 5356 loc.
719 5295 769 5357 cit.
795 5297 888 5356 Notat
910 5297 1016 5355 eutem
1039 5293 1128 5355 Dian.
1225 5291 1286 5370 §2
1304 5292 1339 5352 ln
1353 5289 1513 5352 beneflciis
1528 5289 1643 5351 curatis
1657 5289 1829 5370 requiritur
1840 5283 1952 5348 resideo·
1968 5300 1992 5347 ar
2013 5277 2015 5356 t

336 5409 369 5470 p.
386 5389 547 5464 9‚tom.'l‚
568 5382 652 5446 recol.
672 5385 722 5459 53,
743 5401 781 5444 ec
796 5380 929 5444 Burdon.
952 5379 1133 5460 supradicta
1186 5379 1593 5459 tiapersonalispcrpetua,
1610 5377 1843 5459 deqnavideri
1860 5371 1954 5467 debent
2013 5357 2015 5416 t

342 5475 435 5538 ctiam
463 5471 580 5538 babere
606 5473 710 5536 locum
736 5472 768 5533 in
800 5469 1035 5550 Superioribus,
1065 5469 1130 5532 sive
1190 5467 1284 5545 dictu,
1300 5466 1354 5530 lib.
1371 5471 1401 5545 3,
1417 5487 1448 5547 p.
1465 5471 1493 5545 l,
1510 5486 1531 5529 a
1544 5485 1631 5530 num.
1647 5469 1718 5534 ⁸136.
1735 5469 1775 5531 Et
1791 5467 1824 5528 in
1841 5464 1886 5528 bis
1901 5475 1951 5540 qn·

1484 4018 1683 4080 Annbnnn.
