3994 6344
315 464 375 526 198
896 467 1013 530 LIBER
1033 467 1214 549 TERTIUS,
1237 472 1338 536 PARS
1359 473 1397 538 ΙΙ.

315 649 504 714 licetdando
520 651 628 714 amicis
642 651 773 729 domini,
789 653 814 714 si
837 653 1008 732 prudenter
1030 671 1110 732 pre·
1204 677 1218 716 ιι
1244 658 1282 721 V.
1299 659 1333 720 ln
1353 659 1481 742 reliquis
1495 662 1608 727 debitis
1627 665 1823 728 servandum
1844 671 1890 729 est
1904 669 1947 749 jus

316 743 459 800 sumatur
477 758 544 800 esse
561 740 643 801 illius
657 742 812 817 voluntas,
829 742 873 802 uti
894 760 931 802 ex
947 745 1033 803 Less.
1055 759 1111 802 no-
1164 745 1352 824 particulare
1373 749 1445 829 loci,
1470 751 1496 812 si
1518 753 1581 814 tela
1604 753 1644 816 sit
1666 756 1699 817 et
1720 772 1786 816 non
1809 761 1948 836 repugnet

316 828 363 888 tat
377 827 537 904 Sporern.
556 829 624 903 160,
642 828 692 889 vel
706 829 817 889 saltem
831 828 1033 908 pauperibus,
1057 829 1112 889 aut
1161 831 1226 912 juri
1249 837 1368 899 uaturae
1394 857 1401 900 :
1426 839 1451 900 si
1474 841 1594 902 nullum
1617 843 1666 920 sit,
1696 844 1894 924 sequendum
1911 851 1949 906 est

183 977 184 982 γ
317 913 1112 995 aliispiiscausis,quiapraesumituressevoluutas
1162 921 1215 1002 jus
1238 940 1414 1004 commuue,
1440 929 1614 992 secundum
1641 932 1724 1011 quod
1750 935 1781 994 1.
1808 931 1949 994 Solvenda

318 1001 448 1080 domini,
465 1003 553 1065 utsic
576 1005 687 1065 saltem
702 1006 814 1067 anima
829 1025 893 1068 suae
907 1005 1016 1084 prosit.
1166 1013 1239 1072 sunt
1253 1011 1369 1091 dehita,
1386 1017 1426 1078 ad
1441 1035 1510 1096 quae
1524 1019 1609 1080 bona
1622 1019 1805 1081 debitorum
1819 1039 1949 1099 expresse

250 1116 291 1161 ars
360 1093 407 1154 10.
424 1092 485 1153 Pro
501 1091 1113 1173 deliniendamagnitudinedamni,tam
1166 1099 1293 1162 fuerunt
1317 1103 1464 1184 obligata.
1493 1112 1522 1168 2.
1553 1111 1616 1170 Dos
1639 1109 1746 1170 uacus
1771 1107 1981 1170 crumena

317 1179 492 1258 creditoris
509 1198 604 1259 quam
615 1181 776 1260 debitoris,
789 1183 940 1244 damnum
951 1184 1113 1262 utriusque
1168 1191 1224 1248 est.
1250 1192 1280 1250 3.
1307 1193 1428 1272 Debita,
1454 1196 1579 1277 adquae
1598 1197 1682 1259 bona
1696 1198 1879 1260 debitorum
1891 1201 1952 1259 sunt

319 1283 381 1326 nou
396 1271 444 1328 cst
457 1269 654 1345 pensandum
668 1271 799 1348 precise
809 1271 1012 1334 materialiter
1022 1276 1052 1333 et
1061 1271 1113 1332 ab·
1167 1277 1261 1338 tacite
1275 1278 1497 1357 hypothecata.
1512 1287 1543 1344 1.
1560 1283 1710 1363 Deposita
1722 1283 1852 1363 perdita
1864 1285 1893 1343 iu
1904 1301 1948 1364 po·

318 1353 431 1453 solute,
448 1357 504 1418 sed
517 1356 691 1419 formaliter
705 1363 737 1422 et
751 1360 964 1438 comparative
979 1359 1020 1421 ad
1041 1358 1115 1420 sub-
1168 1366 1280 1427 testate
1303 1366 1490 1432 debitorum.
1507 1374 1536 1434 5.
1553 1373 1665 1435 Debita
1679 1373 1949 1452 privilegiatorum.

316 1445 447 1522 jectum,
464 1450 499 1504 ut
512 1449 596 1506 recte
611 1448 710 1524 Lugo,
727 1449 829 1508 Hsuu.
843 1447 904 1508 llls.
917 1467 947 1510 ιι.
960 1450 1033 1520 203;
1046 1445 1114 1507 fieri
1168 1454 1198 1513 6.
1216 1453 1358 1518 Aliorum
1373 1458 1582 1522 creditorum:
1600 1465 1672 1540 post
1684 1479 1767 1542 quos
1779 1463 1954 1523 omnessuut

320 1530 404 1591 enim
430 1536 533 1611 potest
564 1536 599 1595 ut
625 1534 776 1595 damnum
805 1537 863 1598 100
885 1552 1053 1598 aureorum
1076 1533 1116 1596 sit
1169 1539 1213 1616 hi,
1239 1559 1258 1602 a
1280 1543 1393 1622 quibus
1416 1566 1520 1609 usura
1542 1555 1679 1628 accepta
1700 1551 1779 1611 sunt
1808 1553 1842 1611 et
1866 1547 1953 1610 adhuc

319 1624 463 1701 respectu
474 1619 778 1702 debitorispauperis
792 1623 886 1704 louge
895 1623 1008 1705 majus
1021 1639 1115 1703 quom
1169 1633 1241 1708 post
1250 1629 1679 1700 hosrestituendasuntbona
1689 1639 1826 1700 incerta.
1840 1637 1953 1710 Quando

320 1709 471 1770 damnum
495 1711 573 1773 1000
595 1727 764 1772 aureorum
791 1716 935 1790 respectu
954 1709 1116 1772 creditoris
1171 1723 1276 1780 autem
1303 1722 1392 1783 multi
1414 1725 1505 1787 unius
1528 1727 1657 1788 rationis
1678 1725 1857 1790 creditores
1882 1727 1954 1788 inre-

320 1797 425 1860 divitis
440 1797 656 1875 etvicevcrso,
673 1817 711 1861 eo
726 1798 811 1879 quod
832 1818 913 1860 unus
937 1818 994 1878 per
1013 1799 1117 1878 jactu·
1171 1802 1309 1884 ciuntur,
1338 1812 1488 1890 temporis
1516 1814 1687 1894 antiquitas
1714 1814 1802 1876 inter
1825 1833 1878 1876 ω,
1901 1831 1955 1874 501.

319 1905 391 1950 ram
410 1891 616 1950 centenorum
639 1888 679 1949 sit
701 1888 914 1968 conjiciendus
929 1887 962 1948 in
976 1887 1117 1949 miserio-
1170 1892 1276 1954 vande
1290 1899 1346 1958 est.
1364 1899 1401 1960 V.
1417 1902 1527 1979 Laym.
1545 1901 1567 1962 I.
1582 1905 1612 1978 3,
1629 1911 1652 1964 t.
1669 1905 1699 1980 2,
1715 1921 1743 1964 e.
1763 1905 1816 1979 ll,
1840 1901 1890 1964 ubi
1910 1901 1954 1962 sd-

320 1992 389 2036 rem
402 1978 529 2051 statum,
546 1992 643 2054 quam
656 1975 736 2037 alter
756 1993 814 2054 per
833 1973 991 2053 jacturam
1017 1975 1118 2036 mille·
1172 1979 1233 2058 dit,
1249 1983 1391 2048 eubonis
1405 1987 1567 2066 debitoris,
1583 1989 1608 2051 si
1623 1989 1649 2051 is
1672 1988 1846 2052 defunctus
1866 1990 1911 2064 sit,
1929 1987 1953 2046 iu

321 2081 434 2127 uorum
460 2067 491 2127 et
514 2065 574 2128 hoc
588 2064 620 2125 in
634 2063 780 2127 omnibus
798 2063 950 2127 hacteuus
965 2063 1055 2126 dictis
1070 2065 1118 2126 est
1171 2069 1280 2147 primis
1294 2073 1459 2138 solvendas
1473 2097 1541 2139 esse
1556 2079 1717 2157 impensas
1727 2078 1953 2156 funerisctqua

321 2151 564 2215 Observandum·
1173 2156 1214 2217 ad
1228 2159 1456 2225 confectionem
1469 2165 1646 2243 inventarii,
1662 2166 1865 2245 apertionem
1877 2166 1955 2228 tau-

361 2243 406 2303 De
428 2243 543 2303 damno
567 2245 770 2306 excusantes
794 2242 1002 2321 restitutione,
1027 2242 1119 2321 plura
1172 2245 1282 2323 menti,
1297 2247 1373 2311 item
1386 2252 1524 2315 Medicos
1538 2258 1570 2316 et
1583 2253 1858 2334 Pharmacopclss
1879 2249 1955 2332 porti

238 2395 240 2398 .
321 2329 629 2394 addemnatam.
1174 2338 1259 2398 nent.
1277 2337 1313 2400 V.
1331 2338 1399 2402 Fill.
1416 2348 1456 2403 cr.
1473 2345 1523 2420 32,
1539 2363 1570 2404 ιι.
1588 2345 1656 2405 lte.

1214 2443 1229 2482 ιι
1256 2423 1383 2498 Otreres.
1399 2430 1511 2492 Utrum
1524 2430 1612 2512 prius
1631 2429 1773 2508 exigenti
1797 2447 1862 2492 nou
1882 2426 1956 2490 liccat

1174 2510 1261 2591 prius
1275 2513 1412 2578 solveret

556 2581 812 2644 ARTICULUS
847 2580 886 2642 ῙῙ·
1215 2621 1230 2658 ιι
1256 2602 1349 2682 Resp.
1365 2607 1389 2668 l.
1403 2606 1533 2670 Solvens
1547 2608 1683 2672 scienter
1697 2604 1879 2686 posteriori,
1893 2617 1956 2684 pre-

640 2766 645 2781 ·
761 2764 811 2778 Η
1174 2687 1266 2752 terito
1291 2693 1343 2772 qui
1373 2696 1470 2759 habet
1497 2697 1712 2777 hypothecam
1740 2695 1892 2776 priorem,
1919 2690 1956 2752 uel

499 2769 564 2848 0⁷¹⁰
577 2765 682 2832 Ordine
694 2774 809 2830 10000
821 2765 940 2829 debeat?
1175 2776 1416 2862 privilegiatam,
1441 2789 1563 2864 peccat,
1592 2788 1785 2864 teneturque
1813 2780 1905 2863 priori
1927 2779 1957 2840 dc

439 2873 443 2880 '
1176 2866 1303 2946 damno,
1321 2871 1374 2952 qui
1390 2873 1485 2935 etiam
1502 2877 1607 2952 potest
1618 2891 1813 2952 recuperare
1828 2872 1955 2942 solutum,

253 2991 295 3038 pu
368 2988 384 3026 ιι
404 2967 498 3046 Rcsp.
509 2962 892 3042 Certumest,uecessario
903 2961 1045 3024 ordinem
1056 2979 1122 3024 ser-
1175 2955 1260 3016 hess·
1277 2955 1307 3017 d·
1324 2961 1355 3034 5,
1371 2960 1447 3022 011·
1465 2960 1583 3024 Scimus
1595 2962 1614 3042 ἓ
1627 2961 1670 3024 Et
1691 2960 1719 3022 si
1729 2969 1879 3042 proterea
1897 2953 1955 3020 Cod.

321 3057 401 3136 vari,
417 3055 544 3137 quaudo
560 3053 683 3116 debitor
697 3052 842 3116 omnibus
856 3052 980 3114 solvere
995 3054 1118 3130 potest:
1176 3041 1290 3123 dejure
1302 3044 1392 3110 delit.

322 3143 540 3226 quandovero
555 3146 678 3204 tantum
697 3159 759 3203 non
779 3140 885 3218 habet,
910 3143 966 3202 aut
987 3137 1122 3201 heredi.
1216 3153 1231 3190 ιι
1245 3133 1282 3194 11.
1293 3133 1325 3196 Si
1335 3153 1374 3196 err
1384 3136 1527 3215 pluribus
1538 3137 1750 3201 creditoribus
1760 3135 1958 3218 personalibus

323 3235 383 3298 bus
397 3231 533 3314 reliquit,
550 3232 717 3310 sequentes
731 3229 858 3308 Regula
873 3226 1056 3288 servandas:
1175 3220 1350 3298 aequalibus
1363 3224 1476 3304 aliquis
1490 3225 1596 3305 exigat
1610 3225 1694 3305 (sive
1708 3225 1743 3286 in
1754 3225 1886 3307 judicio,
1906 3222 1957 3285 eisc

364 3345 379 3382 ιι
404 3322 428 3385 Ι.
445 3321 480 3384 Si
493 3319 616 3382 debitor
630 3336 698 3379 rem
712 3317 840 3380 alterius
855 3315 940 3396 opud
955 3333 988 3375 sc
1011 3314 1118 3393 habet,
1176 3307 1287 3387 extra),
1304 3313 1429 3375 tenetur
1443 3313 1471 3376 ei
1486 3313 1645 3392 integrum
1659 3313 1805 3386 solvere3
1822 3312 1893 3392 quia
1903 3309 1957 3372 diti·

324 3427 523 3495 quocumquc
543 3407 635 3471 titulo
655 3406 781 3484 habeat,
804 3405 869 3466 sive
892 3422 930 3465 ex
943 3403 1038 3481 furto,
1056 3403 1121 3464 sive
1175 3397 1283 3475 gentis
1303 3397 1379 3462 fecit
1400 3419 1473 3462 eum
1494 3403 1662 3480 potiorem,
1682 3404 1765 3464 Nau.
1782 3419 1863 3464 men.
1877 3418 1902 3462 e.
1919 3401 1956 3471 ll,

326 3521 365 3564 ex
379 3499 532 3579 deposito,
549 3495 816 3570 siveinventioue,
833 3497 892 3555 etc.
919 3491 1013 3554 debet
1035 3491 1122 3570 prius
1174 3503 1206 3546 ιι.
1223 3487 1278 3562 52,
1295 3488 1382 3566 Sylv.
1399 3491 1478 3554 Bou.
1495 3489 1516 3551 l.
1533 3508 1557 3553 c.
1569 3509 1608 3552 ex
1622 3488 1851 3572 ccupuasff.
1868 3485 1959 3563 (lucin

325 3587 450 3654 restitui
463 3585 590 3648 domino
605 3601 673 3661 suo,
688 3584 739 3645 vel
753 3601 791 3646 eo
806 3581 982 3658 deficiente,
1005 3597 1122 3660 paupe·
1175 3571 1325 3653 fraudem,

326 3679 425 3741 ribus.
451 3673 602 3738 Similiter
629 3673 654 3734 si
681 3689 732 3733 res
756 3673 863 3750 empta
885 3669 926 3732 ad
954 3669 1119 3746 creditum,
1216 3684 1231 3722 ιι
1256 3665 1308 3726 lll.
1325 3664 1956 3736 Debltcrsciensstatumsuumlebeutcm,

328 3765 430 3847 pretio
458 3779 521 3825 nou
545 3761 646 3824 soluto
670 3759 774 3822 adhuc
797 3759 906 3834 exstet,
933 3759 1010 3818 Nar.
1040 3774 1119 3818 mou.
1176 3769 1240 3814 uon
1260 3755 1363 3832 potest
1385 3753 1462 3816 nihil
1484 3755 1603 3833 petenti
1629 3753 1754 3834 integra
1782 3752 1955 3824 musicam,

327 3875 353 3918 c.
371 3853 540 3932 17,ιι.19;
557 3850 645 3928 Sylv.
661 3850 738 3911 Bon.
756 3867 785 3930 q.
802 3852 832 3925 8,
846 3865 878 3928 p,
891 3850 920 3908 2.
936 3848 1002 3907 Hoc
1016 3850 1123 3907 tamen
1176 3841 1232 3902 scd
1255 3841 1350 3904 dehet
1372 3842 1517 3904 omnibus
1540 3843 1762 3922 personalibus
1783 3842 1902 3904 solvere
1913 3852 1958 3917 pro

327 3947 413 4007 hess.
431 3949 453 4002 t.
469 3943 499 4016 2,
516 3957 541 4000 e.
558 3940 607 4015 13,
622 3956 653 3998 ιι.
672 3941 721 4014 11,
737 3936 937 3998 coutraBon.
962 3943 1016 3997 ete.
1041 3933 1123 3995 limi·
1176 3931 1246 3992 rate
1260 3928 1303 4009 (si
1317 3933 1423 3992 taumn
1437 3929 1495 3993 istc
1513 3930 1703 3993 solutionem
1726 3929 1907 4010 accepisset,
1925 3941 1956 3986 as

329 4033 386 4108 tet,
410 4028 469 4090 uisi
492 4025 637 4088 venditor
665 4025 705 4088 ab
729 4027 871 4105 emptore
892 4021 1121 4104 fidejussorem,
1177 4021 1284 4098 posset
1296 4017 1442 4096 retinere,
1459 4018 1716 4080 controvertitur.
1733 4021 1774 4081 V.
1792 4021 1870 4081 Bou.
1884 4019 1953 4078 tes.

329 4119 380 4182 vel
393 4117 508 4196 pignus
522 4110 652 4193 accepit.
1177 4128 1207 4170 ιι.
1224 4109 1277 4179 50;
1294 4106 1390 4168 'lrull
1409 4105 1431 4168 l.
1448 4110 1480 4183 7,
1495 4125 1521 4167 c.
1540 4109 1589 4184 11,
1605 4105 1636 4168 d.
1653 4109 1702 4184 22,
1720 4123 1753 4170 ιι.
1771 4107 1820 4186 8),
1842 4121 1896 4167 uec
1913 4117 1956 4182 pc·

369 4227 385 4266 ιι
409 4206 448 4268 ll.
466 4203 498 4267 Si
513 4201 667 4264 restitutio
681 4198 827 4263 facienda
840 4197 880 4261 sit
893 4199 1015 4261 ratione
1029 4198 1123 4281 injus·
1176 4196 1238 4260 test
1251 4193 1305 4256 uui
1319 4194 1452 4270 solvere,
1470 4193 1594 4256 omissis
1609 4193 1690 4272 aliis,
1716 4192 1780 4258 uisi
1805 4190 1957 4256 secuudum
1979 4219 1981 4242 2

330 4301 372 4360 tce
394 4290 536 4370 actionis,
557 4291 645 4371 prius
667 4289 790 4351 restitui
812 4288 928 4350 debent
950 4291 1046 4366 certa,
1064 4287 1124 4350 hcc
1177 4283 1320 4348 ordinem
1334 4283 1561 4363 supradictum.

331 4387 390 4461 est,
406 4395 540 4463 quorum
555 4378 675 4441 domiin
689 4378 931 4456 cognoscuntur,
958 4393 1054 4456 quam
1076 4375 1125 4438 in·

332 4476 429 4550 certa,
445 4472 561 4534 Bonae.
578 4471 663 4531 Lesa.
680 4465 753 4528 idid.
774 4465 804 4528 d.
830 4469 859 4544 l,
884 4465 958 4546 qula
980 4465 1034 4528 illa
1052 4463 1124 4546 jure

333 4565 453 4626 naturae
467 4558 622 4621 debentur
631 4555 695 4618 suis
705 4553 851 4633 dominis,
862 4553 930 4616 baec
941 4557 1046 4618 autem
1053 4553 1124 4636 jure
1450 4588 1657 4653 ADDEND
1669 4589 1694 4652 Α

332 4650 398 4713 solo
413 4647 546 4728 positivo
561 4643 762 4726 pauperibus.
1699 4634 1707 4652 '

372 4759 388 4796 ιι
413 4737 465 4799 lll.
491 4733 581 4796 Prius
600 4732 745 4796 facienda
767 4734 815 4793 est
836 4729 989 4793 restitutio
1004 4730 1126 4794 debito·

333 4823 495 4888 rumlicite
504 4824 748 4896 contractorum,
758 4835 853 4899 quam
864 4834 1041 4895 usurarum,
1053 4835 1126 4880 cum
1222 4811 1329 4888 otest.
1345 4813 1396 4875 72.
1412 4844 1453 4859 —
1466 4813 1514 4874 An
1527 4831 1573 4874 res
1585 4811 1706 4893 fiesties
1714 4811 1851 4896 propriis
1863 4805 1959 4872 amu
1974 4839 1981 4890 p

334 4913 367 4974 in
381 4911 430 4973 his
443 4909 590 4972 dominus
604 4924 666 4970 non
681 4906 776 4969 fuerit
797 4905 978 4984 simpliciter
998 4905 1123 4968 invitus.
1180 4909 1223 4978 ta,
1234 4900 1322 4982 prius
1335 4899 1451 4962 restitui
1464 4900 1585 4963 debeat?
1599 4903 1636 4964 a.
1654 4901 1828 4964 Affirmant
1834 4891 1959 4979 probabi·

374 5023 389 5060 u
405 4999 458 5062 lV.
470 4997 582 5060 Debita
592 5014 630 5056 ex
638 4994 728 5058 titulo
739 5011 870 5056 oneroso
881 4992 967 5072 prius
977 4991 1127 5054 solvenda
1178 4989 1251 5052 liter
1265 4989 1372 5052 llebel.
1396 4993 1429 5052 et
1449 4991 1550 5052 casu.
1569 4997 1608 5052 tr.
1625 4993 1676 5067 32,
1695 4989 1717 5053 l.
1734 4996 1766 5067 1,
1781 5010 1813 5071 p.
1828 4993 1875 5065 18,
1891 4983 1956 5064 §¹³2

334 5092 428 5164 suut,
455 5103 551 5165 quam
578 5101 649 5165 quse
676 5081 830 5143 debentur
856 5080 1013 5158 gratuito,
1037 5098 1067 5144 v.
1092 5097 1124 5160 g.
1181 5079 1256 5160 quia
1268 5081 1352 5140 totus
1367 5079 1523 5156 cumulus,
1539 5079 1581 5140 ad
1596 5095 1692 5158 quam
1712 5079 1804 5142 veuit
1823 5094 1871 5138 res
1890 5067 1957 5134 lerti-

336 5195 375 5238 ex
396 5173 614 5256 promissione,
640 5170 714 5250 quia
737 5169 806 5230 haec
824 5168 987 5230 includunt
1000 5167 1128 5230 tacitam
1180 5186 1232 5245 vs,
1249 5168 1289 5229 ob
1304 5167 1385 5229 hanc
1399 5167 1526 5231 videtur
1540 5167 1700 5248 obligatus
1710 5167 1838 5230 domino
1847 5162 1897 5226 rci.
1908 5156 1957 5220 ltu
1979 5173 1981 5202 ι

336 5263 559 5337 conditionem,
575 5259 636 5321 nisi
650 5257 725 5338 quid
740 5258 851 5319 obstet.
868 5255 947 5317 llino
959 5255 1129 5318 debitade-
1181 5255 1283 5333 cluat,
1313 5255 1398 5336 quod
1418 5274 1449 5318 v.
1471 5277 1503 5336 g.
1527 5257 1671 5336 pecuniae
1691 5255 1817 5318 furtivae
1831 5247 1955 5315 meisiur·

337 5351 436 5413 functi
449 5349 599 5413 solvenda
612 5351 685 5409 sunt
698 5350 770 5409 ante
785 5345 891 5407 omnia
902 5344 1017 5425 legato,
1034 5345 1128 5410 etlam
1181 5344 1286 5406 mixtae
1299 5346 1462 5407 banscant
1474 5345 1506 5406 in
1521 5344 1699 5408 dominium
1709 5361 1828 5419 meum,
1840 5350 1956 5402 nonme·

339 5439 402 5518 pia,
419 5441 497 5503 Nau.
512 5457 542 5500 n.
559 5439 615 5514 503
632 5437 718 5516 Sylr.
734 5437 812 5500 Bon.
830 5435 850 5498 l.
868 5453 893 5499 c.
1182 5433 1258 5496 nent
1270 5429 1361 5494 facilc
1376 5431 1569 5518 separabiles
1584 5453 1593 5497 ;
1610 5432 1686 5498 hinc
1700 5444 1898 5518 quacumque
1913 5439 1953 5506 pe·
