4032 6340
652 489 775 559 clusa
802 493 984 572 TERTIUS,
1014 493 1116 556 Paos
1144 493 1168 554 1.
1672 493 1708 554 tt

75 679 198 760 gatieuis
206 680 445 760 implementum
457 681 613 742 declinare
624 683 782 761 satagunt,
795 681 861 761 qui·

75 771 184 850 busque
201 769 336 849 proinde
352 776 560 850 opportunae
580 769 675 832 Nobis
690 774 737 832 est
754 789 862 832 occur·

86 857 220 920 rendum.

16 1025 17 1028 Ἴ
107 970 121 1006 u
138 949 240 1020 Ouum
255 949 341 1011 enim
363 951 495 1012 Sacrum
513 949 731 1010 'tridentinum
752 946 862 1010 Conci-

75 1037 151 1112 lium,
169 1055 207 1098 ne
222 1037 411 1098 Animarum
425 1057 501 1099 cura
516 1037 702 1117 negligatur,
721 1055 782 1098 non
798 1055 860 1098 uno

15 1135 18 1192 ι’
75 1124 101 1184 in
119 1123 184 1186 loco
206 1125 372 1204 Episcopis
386 1126 529 1203 mandet,
553 1129 587 1204 ut
604 1125 861 1205 quotiescumque

15 1217 16 1224 ’
76 1229 143 1291 opus
161 1213 271 1291 luerit,
293 1214 423 1275 idoneos
445 1214 586 1276 Vicat-ios
611 1230 682 1274 eum
703 1217 861 1274 certorum

15 1311 16 1368 j
76 1299 220 1362 fructuum
231 1301 862 1381 assignationeadcamdemcuramener-

77 1388 195 1448 cendam
210 1389 333 1468 eligant
349 1407 386 1452 ec
401 1391 561 1471 deputent.
580 1390 623 1452 uti
643 1389 749 1450 videre
769 1394 816 1451 est
830 1389 862 1449 in

15 1485 16 1536 ἰ
75 1495 129 1539 scs.
143 1481 173 1554 6,
188 1495 255 1558 cop.
273 1481 304 1556 2,
320 1497 384 1539 sess.
401 1483 431 1557 7,
443 1497 507 1559 cup.
524 1482 542 1539 5
558 1487 586 1539 et
598 1482 629 1554 7,
645 1497 709 1538 sess.
726 1479 775 1554 al,
792 1493 858 1556 cup.

14 1559 17 1650 ,²
75 1568 172 1640 bees.
196 1569 248 1641 25,
274 1585 339 1706 cup.
357 1569 406 1642 tt,
430 1586 493 1627 non
515 1585 585 1627 raro
601 1571 706 1628 autem
725 1565 859 1642 eveniat,

76 1650 105 1705 ut
119 1645 219 1725 aliqua
241 1647 306 1706 lice
321 1645 386 1707 osia
404 1645 581 1708 Paroehiali
603 1649 753 1722 vacante,
770 1644 862 1706 Vica-

14 1749 15 1804 ]
75 1733 131 1794 rius
142 1733 260 1812 pariter
275 1734 316 1795 ad
340 1733 500 1815 implenda
514 1733 694 1816 hujusmodi
714 1733 861 1794 Ecclesiae

76 1837 169 1897 onera,
186 1841 288 1902 usque
303 1823 344 1882 ad
359 1823 430 1884 novi
447 1823 587 1884 ltectoris
603 1820 804 1896 electionem,
821 1819 861 1880 ab

14 1931 16 1944 ²
75 1908 215 1990 Episcopo
245 1910 393 1989 deputari
421 1911 554 1988 debeat,
585 1909 697 1971 eodem
725 1907 861 1970 Concilio

14 2037 16 2052 ι
76 1997 245 2060 Tridentino
266 1999 300 2059 id
315 1999 446 2080 jubente
460 2018 526 2060 sess.
543 2001 592 2074 ul,
609 2018 676 2080 cup.
694 2000 742 2074 l8,
758 1995 794 2056 de
808 1995 862 2056 ae-

13 2085 16 2138 l
76 2086 183 2168 format.
201 2088 346 2149 nonnulli
366 2107 403 2149 ex
418 2088 599 2170 hujusmodi
618 2084 862 2150 Vicariisnitun-

76 2181 120 2237 lur
131 2177 247 2256 seipsos
258 2195 279 2238 a
294 2177 446 2255 praedicta
465 2176 654 2257 obligatione
664 2173 860 2249 subtrahere,

77 2264 118 2324 vel
135 2283 168 2324 er
188 2281 225 2325 co
250 2264 349 2345 quod,
374 2264 525 2325 habituali
545 2283 622 2325 cura
645 2281 742 2343 penes
766 2261 863 2322 alium

77 2370 123 2413 seu
144 2353 220 2414 alios
244 2352 422 2430 residente,
449 2352 508 2431 ipsi
530 2353 685 2414 actualem
711 2351 864 2410 duntaxat

79 2448 247 2516 exerceant3
266 2443 317 2503 vel
342 2441 428 2522 quod
441 2441 499 2521 ipsi
520 2441 581 2503 sint
595 2441 635 2502 ad
650 2444 761 2502 nutum
777 2454 863 2499 amo·

13 2589 14 2598 ,
79 2529 189 2602 vibiles3
205 2531 255 2590 vel
272 2530 314 2591 ad
329 2531 425 2590 breve
440 2535 564 2609 tempus
580 2527 758 2610 hujusmodi
779 2543 863 2587 curae

79 2617 131 2679 sint
148 2617 264 2680 addicti
283 2637 290 2679 ι
308 2623 343 2678 ut
356 2617 433 2679 nihil
449 2618 499 2679 hic
520 2618 687 2697 loquamur
709 2616 747 2677 de
768 2618 864 2676 Paro-

80 2705 135 2766 clris
149 2704 368 2785 ltegularibus,
386 2705 438 2784 qui
455 2723 474 2766 a
488 2705 638 2783 praedicta
653 2703 863 2783 applicatione

81 2792 167 2854 llissae
182 2811 237 2872 pro
255 2793 379 2870 Populo
395 2809 621 2872 nonnunquam
636 2791 754 2853 alienos
768 2809 801 2851 se
816 2807 863 2850 os·

80 2881 206 2942 tendunt
222 2883 335 2960 ltaque
349 2899 438 2941 mens
457 2883 569 2941 Nostra
584 2883 615 2940 et
629 2878 783 2940 sententia
804 2883 861 2956 est,

80 2967 157 3030 sicuti
171 2967 267 3030 etiam
291 2969 408 3048 pluries
427 2985 447 3028 a
470 2967 672 3047 proelaudatis
687 2969 863 3048 Congrege-

81 3055 202 3118 lionibus
224 3056 405 3138 judicatum
427 3056 485 3118 fuit
504 3075 541 3116 ae
565 3056 748 3134 definitum,
779 3057 863 3138 quod

82 3161 175 3206 omncs
188 3148 220 3207 et
242 3144 371 3224 singuli,
388 3143 441 3224 qui
457 3146 528 3205 actu
549 3143 736 3205 Animarum
755 3161 864 3204 euram

82 3239 222 3310 excreant,
248 3237 282 3295 et
303 3251 367 3294 non
388 3233 489 3293 solum
517 3231 648 3293 Parochi
670 3236 726 3292 aut
748 3230 864 3292 Vicurii

82 3321 255 3399 Seculares,
272 3339 385 3382 verum
408 3319 503 3382 etiam
525 3320 658 3382 Parochi
680 3327 734 3382 aut
748 3319 862 3382 Viearii

82 3411 248 3490 Regulares,
274 3427 338 3472 uno
362 3408 470 3486 verbo,
488 3426 596 3470 omnes
618 3411 649 3470 et
670 3407 802 3486 singuli,
824 3406 863 3466 de

11 3549 13 3576 ,
83 3498 179 3577 quibus
193 3516 292 3578 supra
306 3496 492 3572 dictumest,
505 3499 599 3576 atque
611 3496 662 3557 alii
673 3497 863 3576 quicumque

11 3579 12 3596 ³
82 3587 162 3648 eliam
175 3586 338 3667 specilica,
356 3588 388 3646 et
406 3584 567 3646 individua
581 3583 739 3646 mentione
754 3583 861 3663 digni,

81 3671 468 3755 aqueteueanturMissam
478 3671 693 3734 Paroehialcm
704 3673 863 3753 applicare

81 3781 128 3841 pro
142 3765 270 3844 Populo,
288 3767 323 3825 ut
337 3762 512 3843 praefertur,
524 3761 665 3841 ipsorum
680 3781 764 3824 curae
778 3780 864 3824 ccm-

82 3867 174 3914 musso.

114 3961 127 3998 ι
150 3939 295 4003 Nonnulli
319 3957 394 4001 vcro
418 3940 459 4001 ad
482 3939 663 4002 evitandum
684 3935 863 4020 hujusmodi

83 4027 266 4108 obligationis
294 4028 553 4108 implementum,
579 4030 716 4109 allegare
744 4029 862 4105 solent,

83 4134 223 4197 congruos
238 4117 297 4180 sibi
312 4117 473 4180 Parochiae
489 4135 566 4195 sure,
583 4118 701 4179 reditus
717 4136 778 4179 non
790 4135 865 4196 sup-

83 4209 192 4281 petere,
204 4205 255 4268 alii
271 4205 407 4285 denique
423 4206 463 4267 ad
478 4205 683 4268 inveteratam
697 4213 865 4267 consuetu-

84 4291 175 4354 dinem
193 4293 394 4372 confugiunt,
411 4293 599 4354 sustinentes
613 4293 645 4353 id
661 4310 764 4372 neque
787 4290 861 4369 sibi,

11 4435 13 4460 ,
84 4397 172 4461 neque
186 4381 403 4444 decessoribus
420 4383 495 4459 suis,
511 4383 711 4462 perlongum
726 4385 861 4461 tempus,

918 681 1088 743 hilominus
1103 679 1229 742 omnino
1240 677 1271 740 in
1282 680 1443 758 posterum
1458 678 1497 740 ab
1512 677 1586 757 ipsis
1601 677 1715 739 debeat

916 769 1079 850 applicari.

956 880 970 916 ιι
996 860 1077 918 Dum
1098 863 1206 917 tamen
1231 854 1379 933 diximus,
1406 873 1514 918 omnes
1537 852 1713 915 animarum

916 965 1025 1009 curam
1049 945 1212 1022 habentes,
1238 945 1338 1028 blissae
1363 943 1558 1008 Sacrificium
1573 961 1629 1023 pro
1653 945 1714 1002 Po-

916 1035 990 1114 pulo
1006 1033 1064 1094 sibi
1075 1033 1241 1096 commisso
1252 1033 1409 1112 applicare
1421 1033 1547 1108 debere,
1564 1049 1627 1091 nou
1641 1029 1712 1090 ideo

917 1127 1054 1184 statuere
1078 1121 1244 1198 voluimuS,
1270 1121 1398 1183 eosdem
1421 1126 1476 1182 aut
1492 1119 1642 1200 quotidie,
1659 1121 1714 1180 aut

917 1211 1176 1290 quotiescumque
1199 1208 1437 1286 celebraverint,
1467 1207 1506 1269 ad
1530 1206 1712 1285 pradictum

917 1297 1160 1377 applicationem
1183 1314 1240 1376 pro
1262 1299 1380 1374 Populo
1405 1297 1515 1359 teneri.
1533 1297 1571 1356 lit
1585 1294 1712 1374 quidem

918 1389 1107 1448 Sacrosanta
1120 1383 1206 1446 Trid.
1224 1385 1440 1463 Synodussess.
1460 1387 1509 1460 23,
1526 1404 1551 1445 c.
1570 1387 1617 1459 l-l,
1634 1401 1713 1461 prae·

917 1474 993 1552 cipit
1007 1472 1168 1552 Episcopis
1192 1491 1314 1549 curare,
1341 1477 1374 1536 ut
1397 1473 1583 1535 Sacerdotes
1601 1471 1713 1531 saltem

917 1560 1028 1620 diebus
1048 1559 1218 1620 Dominicis
1238 1564 1268 1622 ot
1283 1562 1381 1621 Fastis
1401 1558 1591 1621 solemnibus
1606 1556 1713 1618 blissa-

917 1665 988 1708 rum
1010 1665 1100 1708 sacra
1120 1647 1251 1721 laciant;
1283 1667 1307 1708 su
1327 1656 1424 1710 autem
1448 1665 1548 1707 curam
1563 1643 1715 1705 latuerint

917 1735 1096 1802 animarum.
1123 1743 1182 1796 tum
1196 1735 1373 1818 frequenter,
1390 1741 1424 1798 ut
1436 1754 1488 1795 ruo
1500 1733 1616 1795 muneri
1628 1732 1712 1792 sutis·

917 1822 1044 1903 sociant,
1069 1825 1171 1884 Missus
1194 1823 1355 1894 celebrent,-
1382 1824 1413 1884 in
1442 1823 1583 1903 pluribus
1606 1827 1713 1883 autem

918 1912 1132 1990 synodalibus
1167 1911 1394 1992 Episcoporum
1435 1910 1713 1974 Constitutionibus

918 2001 1062 2061 novimus
1089 1999 1220 2078 provide
1254 2001 1438 2062 constitutos
1470 2019 1507 2061 ac
1534 2000 1713 2078 designatos

918 2105 986 2148 esse
1010 2088 1088 2164 dies,
1115 2087 1228 2167 quibus
1251 2087 1428 2150 animarum
1445 2091 1589 2150 Pastores
1603 2085 1713 2148 lllissas

919 2176 1078 2237 celebrare
1103 2175 1247 2236 debeant.
1273 2180 1315 2238 At
1335 2193 1409 2236 vero
1432 2178 1494 2237 Nos
1518 2175 1549 2236 id
1569 2191 1666 2235 unum
1680 2173 1713 2234 in

918 2263 1066 2344 praesenti
1088 2263 1283 2342 suscepimus
1304 2264 1547 2342 decernendum,
1571 2261 1713 2344 quando-

919 2351 1066 2414 nimirum
1081 2351 1176 2413 iidem
1191 2371 1247 2431 pro
1263 2354 1379 2432 populo
1394 2354 1552 2415 celebrare
1568 2357 1599 2413 et
1613 2349 1714 2430 appli-

919 2459 990 2504 care
1001 2445 1181 2513 tenetentum
1195 2446 1227 2503 et
1238 2442 1379 2521 quamvis
1390 2445 1585 2520 compertum
1596 2439 1713 2500 lrabea-

918 2547 988 2592 mus
1002 2529 1045 2606 id,
1063 2529 1146 2610 quod
1162 2529 1238 2590 alias
1253 2547 1272 2590 a
1286 2531 1399 2609 Cungr.
1416 2532 1510 2592 Cone.
1528 2545 1712 2607 responsum

918 2617 986 2696 luit,
1003 2619 1178 2679 Parochum
1190 2635 1302 2695 nempe
1313 2617 1482 2698 pinguibus
1493 2617 1643 2679 reditibus
1658 2617 1712 2676 du-

918 2710 1019 2767 tatum
1034 2705 1173 2784 quotidie
1187 2724 1244 2784 pro
1259 2707 1377 2786 Populo
1394 2707 1552 2768 celebrare
1569 2712 1600 2767 et
1614 2705 1713 2785 appli-

919 2813 990 2855 care
1006 2794 1139 2866 debere;
1158 2811 1230 2854 eum
1245 2812 1319 2855 vero
1332 2795 1385 2874 qui
1395 2795 1592 2856 uberioribus
1607 2794 1712 2875 hujus·

919 2881 1004 2942 modi
1025 2882 1177 2944 reditibus
1200 2898 1262 2941 non
1285 2883 1431 2961 gaudeat,
1456 2883 1574 2944 festivis
1591 2887 1712 2945 tautum

919 2969 1030 3031 diebus
1040 2969 1071 3031 id
1081 2969 1184 3048 ipsum
1198 2975 1347 3049 praestare
1362 2971 1479 3045 teneri;
1496 2989 1593 3051 quum
1607 2975 1712 3032 tamen

919 3057 1140 3137 pariterNobis
1150 3063 1323 3138 perspecte
1337 3059 1399 3121 sint
1412 3066 1479 3121 tum
1494 3059 1714 3122 controversiae

920 3166 1014 3225 super
1029 3147 1088 3209 hoc
1098 3148 1165 3227 ipso
1177 3151 1303 3226 exortae,
1315 3147 1463 3210 nimirum
1472 3149 1513 3211 ad
1524 3167 1618 3230 quam
1629 3168 1714 3210 sum-

918 3254 1004 3296 mam
1018 3237 1197 3315 pertingere
1213 3235 1349 3298 debeant
1362 3237 1507 3298 licclesiae
1523 3238 1714 3300 Parochialis

919 3327 1100 3404 proventus,
1113 3327 1147 3386 ut
1156 3323 1288 3402 pingues
1303 3327 1334 3384 et
1348 3324 1461 3385 uberes
1476 3325 1626 3405 appellari
1641 3344 1714 3405 pos·

919 3413 998 3485 sint3
1024 3411 1174 3492 quoniam
1194 3411 1327 3491 pingues
1347 3412 1475 3474 minima
1491 3413 1627 3476 habendi
1642 3418 1715 3475 sunt

919 3501 1048 3576 reditus
1075 3499 1169 3562 etiam
1193 3499 1323 3578 copiosi,
1349 3500 1462 3580 quibus
1483 3506 1589 3564 tamen
1611 3503 1714 3564 multi·

919 3587 1013 3667 plicia
1028 3593 1059 3648 ct
1072 3585 1182 3658 gravia
1196 3586 1257 3648 sint
1267 3605 1364 3649 onera
1377 3589 1520 3663 aduexa;
1537 3594 1604 3653 tum
1619 3589 1715 3652 ctiam

919 3676 1089 3736 multorum
1100 3675 1234 3755 querelae
1245 3675 1397 3736 adversus
1411 3676 1590 3756 hujusmodi
1606 3679 1714 3740 decre·
1761 3678 1768 3694 '

919 3765 997 3838 tum,
1021 3764 1172 3843 tanquam
1195 3764 1265 3842 plus
1289 3782 1379 3843 aequo
1394 3764 1542 3845 rigidum,
1559 3767 1711 3845 excitatae,

920 3849 1017 3912 Nobis
1040 3851 1253 3921 innotescant;
1277 3851 1394 3914 idcireo
1417 3858 1628 3932 opportunum
1643 3873 1713 3916 een-

920 3955 1025 3998 semus
1049 3938 1310 4000 Fraternitatibus
1331 3940 1450 4002 Vestris
1472 3941 1632 4004 declarare
1655 3945 1714 4004 No·

919 4025 967 4088 bis
982 4026 1107 4088 abunde
1117 4026 1311 4088 satisfactum
1322 4027 1400 4104 lore,
1412 4029 1570 4110 vobisque
1582 4030 1713 4109 proinde

919 4112 994 4175 satis
1009 4131 1077 4174 esse
1091 4131 1193 4192 posse,
1211 4113 1286 4174 dum
1297 4113 1329 4190 ii,
1347 4114 1399 4194 qui
1414 4115 1590 4177 animarum
1605 4136 1714 4179 curam

920 4205 1076 4279 exercent,
1102 4201 1298 4264 Sacrificium
1312 4201 1414 4263 lllissre
1429 4221 1486 4282 pro
1501 4205 1619 4284 Populo
1636 4206 1714 4266 cele·

918 4291 1010 4353 brent
1023 4294 1117 4370 atque
1128 4289 1285 4369 applicent
1295 4289 1327 4349 in
1337 4291 1507 4353 Dominicis
1517 4292 1647 4374 aliisque
1658 4311 1714 4372 per

919 4395 1036 4442 annum
1047 4377 1157 4440 diebus
1168 4379 1266 4440 Fastis
1277 4378 1316 4439 de
1327 4386 1483 4458 praecepto
1497 4399 1504 4453 ;
1522 4399 1619 4461 quum
1633 4400 1714 4460 prae-

75 4471 156 4548 'quod
169 4470 415 4532 immemorabile
427 4471 595 4546 affirmant,
608 4489 748 4551 unquam
763 4470 794 4530 in
805 4489 863 4530 usu
918 4467 992 4530 dicti
1007 4466 1172 4543 Dominici,
1184 4466 1463 4547 aliiqueFestidies
1474 4469 1494 4530 ii
1509 4469 1581 4546 sint,
1597 4469 1629 4530 in
1644 4471 1714 4550 qui-

11 4547 13 4568 '
85 4557 176 4621 luisse.
198 4562 261 4622 Nos
284 4563 391 4622 autem
412 4559 452 4620 ad
473 4560 686 4638 praecedentes
705 4558 863 4638 praedictae
918 4556 977 4617 bus
987 4553 1078 4635 juxta
1098 4558 1291 4634 praeceptum
1307 4557 1401 4617 Cone.
1422 4555 1507 4617 Trici.
1524 4576 1588 4619 sess.
1605 4559 1635 4636 5,
1652 4563 1713 4620 ab

86 4646 223 4728 congreg.
235 4647 363 4711 Concilii
378 4649 581 4711 resolutiones
597 4651 736 4710 nostram
750 4666 864 4727 appro·
917 4654 944 4706 et
957 4663 1020 4705 sese.
1038 4647 1087 4720 al,
1104 4663 1129 4706 c.
1146 4647 1176 4720 l,
1201 4643 1333 4724 quilibet
1347 4643 1523 4706 animarum
1538 4664 1620 4708 curas
1635 4666 1713 4726 prae-

85 4733 228 4797 batiouem
250 4741 282 4800 et
304 4737 575 4798 confirmationem
598 4734 809 4809 extendimus;
833 4742 863 4800 et
917 4731 1036 4812 positus
1057 4730 1210 4811 Populum
1235 4730 1292 4792 sibi
1309 4732 1510 4793 commissum
1524 4733 1712 4796 salutaribus

86 4829 224 4900 quatenus
237 4843 316 4904 opus
330 4824 386 4901 sit,
403 4825 587 4887 auctoritate
611 4824 792 4904 Apostolica
806 4825 863 4886 itc-
917 4817 1021 4879 verbis
1044 4834 1173 4895 pesculo
1198 4817 1301 4894 debet,
1328 4818 1471 4880 docendo
1496 4837 1534 4881 ea
1549 4837 1618 4900 qum
1633 4822 1712 4883 scire

86 4928 146 4974 mm
162 4919 267 4976 tenore
282 4915 483 4994 praesentium
499 4914 697 4976 decernimus
713 4917 744 4976 et
758 4914 862 4974 decla·
917 4905 1062 4969 omnibus
1086 4905 1298 4966 necessarium
1320 4907 1422 4969 estad
1437 4908 1591 4981 salutem;
1615 4909 1711 4970 idem·

87 5016 188 5071 munus,
205 5003 287 5084 quod
304 5003 378 5064 licet
391 5003 534 5080 Paroehi,
551 5021 606 5064 scu
624 5003 688 5080 alii,
705 5005 859 5080 utsupra,
918 5014 978 5076 que
993 4995 1055 5055 sint
1069 4994 1146 5071 dies,
1169 4994 1208 5054 de
1228 4995 1341 5073 quibus
1356 4995 1468 5056 eadem
1483 4998 1599 5058 Sancta
1614 4999 1712 5076 Syno-

87 5087 246 5151 euimarum
260 5109 372 5152 curam
387 5089 548 5166 babentes,
565 5089 712 5168 congruis
726 5089 863 5168 praefini—
917 5085 975 5145 dus
990 5082 1109 5158 statuit,
1129 5086 1163 5143 ut
1177 5091 1290 5144 moncel
1303 5083 1466 5166 Episcopus
1480 5085 1627 5166 Populum
1641 5084 1712 5146 dili-

87 5173 119 5236 lls
131 5177 274 5241 reditibus
288 5177 514 5256 destituantur,
532 5183 563 5239 et
577 5179 718 5259 quamvis
733 5179 863 5258 antiqua
915 5178 1027 5252 pereto,
1044 5171 1138 5232 teucri
1153 5191 1383 5254 unamquemque
1397 5172 1622 5234 Puroclziccsuoe
1636 5173 1712 5234 irater

87 5279 133 5324 seu
145 5266 235 5328 eliam
249 5265 488 5327 immemorabili
499 5267 724 5328 consuetudine
735 5265 766 5326 in
781 5264 861 5346 ipso·
916 5281 981 5337 esse,
1006 5260 1263 5322 retransmeant
1273 5261 1343 5343 fieri
1355 5271 1456 5343 potest,
1473 5263 1514 5324 ud
1533 5260 1712 5323 audiendum

88 5357 146 5404 rum
157 5345 348 5407 Dioecesibus
367 5363 421 5406 seu
442 5345 601 5406 Parochiis
625 5345 811 5422 obtinuerit,
828 5350 863 5408 ut
926 5347 1045 5410 Verbum
1060 5347 1135 5417 Boi:
1156 5355 1187 5409 et
1201 5350 1314 5429 quibus
1329 5349 1460 5410 Paroehi
1477 5349 1624 5412 subditos
1638 5367 1711 5411 suos

89 5427 167 5492 illesa
180 5451 234 5512 pro
251 5432 371 5511 Populo
388 5451 445 5494 non
457 5431 675 5511 applicaretur,
689 5433 798 5494 cadem
815 5433 857 5495 ni·
918 5437 1111 5520 iuDoetrina
1133 5436 1308 5498 Christiana
1332 5437 1455 5506 eurulire
1478 5437 1603 5508 debent,
1621 5437 1712 5530 juxta
