4086 6348
309 609 368 671 781
963 603 1079 666 LIBER
1099 601 1296 676 QUARTUS.

310 791 398 874 sequi
414 805 542 872 possum
557 788 745 868 prudentem
759 787 888 849 Ducem.
905 791 934 850 1.
951 790 984 852 Si
997 790 1104 852 ualent
1155 807 1227 853 cum
1249 788 1298 850 his
1311 785 1418 849 Perill.
1435 784 1468 846 in
1485 783 1559 866 1166.
1574 804 1606 868 6.
1622 788 1653 863 1,
1668 805 1700 849 a.
1717 789 1775 862 2⁴3
1792 787 1817 850 61
1829 784 1956 868 judicet

309 883 497 962 argumenta
529 877 604 939 Eliz.
643 877 726 955 Ergo
767 876 849 937 male
883 883 995 940 erectae
1030 882 1103 940 sunt
1155 877 1343 940 sententiam
1357 872 1702 953 tantumprobabilem,
1724 892 1792 936 esse
1809 891 1957 936 commu-

308 965 623 1032 1116166666166166
637 969 792 1027 sectantes
813 966 972 1044 oppositas
987 967 1102 1028 doctri-
1155 966 1293 1045 nionem,
1311 971 1343 1028 et
1356 964 1514 1027 utiliorem
1530 983 1537 1024 :
1555 966 1694 1026 attamen
1707 963 1957 1043 docereimpro-

308 1076 366 1120 naa
380 1061 530 1138 tanquam
545 1053 766 1117 antecedenter
775 1071 867 1129 suas;
884 1054 1103 1135 itemaequen-
1154 1054 1272 1116 habilia
1296 1055 1380 1116 circa
1399 1053 1504 1130 fidem,
1523 1055 1554 1113 et
1567 1070 1671 1115 mores
1686 1057 1734 1115 est
1747 1052 1880 1114 mortale
1905 1049 1956 1112 uti

307 1150 356 1210 166
365 1144 460 1223 hunc,
474 1144 524 1205 vel
534 1143 622 1205 illum
631 1141 828 1221 Magistrum,
841 1161 872 1203 1.
886 1162 917 1222 6.
931 1144 963 1206 S.
980 1146 1102 1223 Augus·
1154 1149 1239 1206 reote
1255 1143 1371 1206 Sanch.
1395 1143 1537 1220 Castrup.
1561 1142 1731 1216 Laurent.;
1758 1141 1833 1222 quia
1852 1156 1957 1220 grave

307 1235 420 1312 tinum,
441 1236 474 1297 S.
490 1233 549 1302 Th,
575 1231 607 1294 S.
634 1232 754 1293 Bonav.
786 1231 926 1293 Scotum.
956 1234 986 1293 3.
1017 1233 1100 1310 Ergo
1155 1227 1956 1294 661666661661161661616166611666666661116.

308 1319 717 1400 66116666611116616166,
732 1319 782 1379 vel
801 1319 951 1381 Scotistas
973 1318 1102 1381 audebit
1154 1322 1274 1383 Ducere
1305 1318 1525 1399 improbabilia
1560 1317 1592 1380 in
1621 1317 1851 1394 Grammatico,
1895 1320 1961 1378 aut

308 1426 341 1472 66
355 1414 440 1489 1616,
455 1409 505 1471 161
516 1407 695 1490 juramento
710 1407 905 1486 adstringere
919 1408 961 1469 ad
984 1407 1102 1470 doctri·
1155 1408 1356 1488 Philosophia
1379 1407 1474 1469 etiam
1495 1425 1592 1488 grave
1607 1425 1676 1468 6666
1699 1410 1811 1486 661661
1827 1401 1957 1468 Sanch.

308 1515 381 1559 nam
397 1497 429 1558 S.
446 1496 585 1574 Thomas,
608 1494 658 1557 vel
673 1493 769 1571 Scoti,
786 1513 859 1555 nam
883 1496 984 1557 neutri
1009 1497 1101 1556 erunt
1155 1500 1253 1561 Castr.
1270 1499 1435 1570 Laurent.;
1453 1495 1528 1576 quia
1538 1494 1654 1558 docens
1664 1513 1702 1556 ex
1712 1494 1813 1558 6111616
1823 1497 1963 1556 tenetur

308 1585 502 1648 sufficienter
515 1585 603 1662 certi,
620 1583 705 1663 quod
719 1582 896 1644 doctrinam
916 1601 1023 1645 veram
1039 1583 1102 1643 sint
1154 1590 1239 1648 recte
1254 1587 1379 1654 ducere,
1398 1589 1430 1646 et
1448 1585 1635 1664 ingenerare
1648 1583 1811 1664 generales
1825 1598 1963 1643 errores

308 1672 425 1754 ubique
446 1673 617 1753 reperturi;
646 1674 677 1733 et
705 1689 783 1752 quas
804 1671 942 1733 rationes
969 1673 1102 1733 afferent
1154 1676 1278 1737 videtur
1298 1693 1411 1755 grave;
1436 1673 1525 1734 Salas
1550 1672 1673 1752 putavit
1695 1691 1763 1734 esse
1786 1672 1868 1748 leve,
1893 1669 1964 1732 661

307 1759 477 1822 Themista
502 1779 560 1842 pro
588 1763 621 1823 S.
650 1760 709 1822 Th.
736 1761 781 1822 616
816 1760 933 1822 6161166
970 1763 1102 1822 afferent
1154 1762 1280 1825 Rhodes
1294 1762 1370 1824 dicit
1393 1762 1453 1822 hoc
1467 1779 1536 1822 esse
1559 1760 1779 1840 improbabile,
1802 1759 1862 1822 nisi
1887 1760 1965 1838 pri-

308 1849 451 1912 Scutistae
466 1868 523 1929 pro
538 1851 643 1914 Scuto.
668 1849 848 1927 Respondet
870 1849 999 1930 quidem
1021 1850 1098 1911 Eliz.
1154 1849 1250 1911 vatim
1264 1850 1402 1912 doceret.
1419 1848 1498 1912 vide
1512 1848 1596 1911 dicta
1611 1849 1633 1912 1.
1650 1851 1680 1918 3,
1692 1867 1725 1931 p.
1745 1853 1836 1912 166.
1854 1850 1938 1911 351.

306 1937 374 2016 55,
391 1942 498 1999 notam
511 1937 632 2000 veracis
647 1937 788 1999 Docturis
808 1955 887 2013 esse,
912 1937 937 1998 61
961 1937 1101 1999 Ecclesia
1193 1939 1301 2017 §aue
1315 1937 1965 2017 1666116116Ρ1166166666116166166611
1992 1949 2039 1995 161

308 2023 347 2086 16
380 2025 433 2086 1116
462 2025 547 2088 11661
573 2046 579 2087 :
608 2046 625 2087 o
651 2023 762 2087 Ductor
794 2025 924 2106 6616616,
956 2023 1102 2086 Ecclesia
1154 2025 1897 2107 1.1,6.156;666116111166616161616661,
1928 2027 1966 2087 et

306 2111 474 2192 1161666,
494 2112 600 2175 diuino
621 2113 696 2195 16616
717 2122 845 2175 ametor.
865 2110 926 2175 Sed
936 2122 1040 2174 contro
1054 2117 1101 2176 661
1154 2114 1261 2194 quales
1276 2132 1344 2176 6666
1361 2134 1368 2175 :
1393 2131 1485 2192 posse
1504 2117 1620 2190 autem,
1646 2132 1705 2192 per
1718 2132 1751 2176 se
1774 2111 1964 2192 loquendo,

306 2201 482 2280 manifeste,
507 2220 580 2263 nam
595 2202 733 2264 Ecclesia
754 2202 786 2264 id
809 2202 885 2263 dicit
907 2202 946 2264 de
970 2202 1100 2283 singulis
1154 2203 1306 2283 quemvis,
1319 2202 1372 2284 qui
1383 2201 1565 2280 consulitur,
1577 2199 1967 2282 respondereseonndum

306 2289 494 2353 Ductoribus
519 2288 677 2369 Ecclesia,
707 2295 738 2353 et
764 2295 869 2352 tamen
905 2294 1025 2353 certum
1053 2295 1101 2352 661
1153 2291 1333 2372 opinionem
1366 2290 1562 2371 prohabilem
1590 2291 1726 2353 6116666
1751 2296 1861 2353 contra
1893 2289 1966 2352 sibi

306 2379 422 2440 multos
437 2379 680 2441 contradictoria
692 2379 819 2457 docere,
830 2399 860 2441 1.
871 2398 902 2459 6.
916 2380 949 2441 S.
963 2379 1095 2459 August.
1152 2378 1406 2458 probabiliorem,
1424 2379 1516 2441 ducet
1529 2380 1620 2441 Suar.
1638 2383 1661 2441 t.
1687 2383 1717 2457 1,
1746 2380 1830 2446 ta3,
1846 2377 1880 2438 1.
1904 2381 1964 2456 12,

306 2471 338 2530 61
373 2470 404 2530 S.
435 2467 685 2546 Hieronymum,
715 2468 790 2529 item
824 2469 857 2531 S.
887 2467 1041 2529 'rhomam
1069 2471 1100 2530 et
1152 2471 1261 2536 66666,
1278 2487 1309 2528 a.
1333 2470 1371 2541 93
1394 2466 1470 2528 item
1495 2466 1575 2528 Saia.
1601 2469 1697 2548 Vasq.
1726 2464 1842 2529 Sanch.
1867 2483 1967 2547 quoe

304 2558 342 2625 S.
358 2558 476 2619 Bonav.
494 2557 538 2618 uti
561 2560 720 2619 ostensum
734 2562 782 2617 661
797 2555 819 2617 l.
835 2559 863 2626 1,
881 2574 913 2618 6.
929 2559 1005 2630 719;
1023 2573 1098 2635 6166
1153 2556 1295 2636 sequitur
1310 2555 1411 2616 Diana
1417 2573 1453 2636 p.
1469 2559 1553 2632 611.
1571 2557 1620 2632 l3,
1637 2555 1675 2619 R.
1686 2558 1735 2632 11,
1751 2559 1782 2618 61
1792 2555 1968 2617 consentit

304 2644 412 2706 licebit
425 2645 519 2722 hunc,
535 2645 586 2706 161
600 2645 689 2705 11166
709 2645 808 2725 sequi,
825 2644 899 2707 licet
918 2648 1038 2706 certum
1060 2645 1099 2705 611
1151 2644 1264 2707 Mende
1290 2642 1320 2704 d.
1348 2644 1396 2721 13,
1420 2647 1531 2720 6101,
1557 2644 1769 2725 suadeturque
1790 2661 1830 2704 ex
1856 2642 1966 2706 dictis

305 2732 491 2795 alterutrum
506 2732 618 2795 docere
633 2732 757 2794 falsum.
784 2731 873 2814 Coos.
896 2750 971 2794 nam
990 2733 1100 2795 116616-
1152 2732 1174 2795 1.
1187 2735 1216 2809 1,
1228 2751 1258 2793 n.
1272 2732 1346 2804 377;
1363 2731 1468 2792 dicere
1483 2731 1679 2810 6616661661
1693 2750 1760 2793 esse
1775 2731 1860 2793 viros
1876 2749 1967 2810 pru-

304 2821 352 2882 sia
366 2839 430 2882 non
444 2820 520 2882 dicit
532 2819 697 2882 istaverba
708 2821 747 2881 16
761 2821 865 2898 Secta,
879 2820 919 2883 de
930 2822 962 2883 S.
979 2823 1095 2882 Anton.
1151 2820 1220 2900 bus,
1237 2824 1268 2884 et
1280 2819 1399 2898 ductos,
1415 2820 1467 2901 qui
1483 2820 1590 2883 dicant
1611 2822 1683 2899 hoc,
1709 2820 1759 2883 vel
1781 2819 1860 2882 illud
1881 2821 1964 2882 fieri

304 2908 345 2969 16
358 2907 457 2989 Gajet.
474 2908 513 2969 16
528 2909 688 2985 Durandu,
713 2908 926 2988 deBachono,
950 2908 989 2970 de
1004 2911 1095 2971 Suar.
1151 2928 1242 2990 posse
1267 2910 1299 2970 in
1323 2910 1377 2972 tali
1398 2927 1484 2972 6666.
1513 2908 1601 2989 Dici,
1629 2929 1687 2991 661
1712 2929 1747 2972 66
1772 2909 1962 2990 loquendo,

304 2995 435 3076 aliisque
450 2995 520 3075 piis,
537 3002 569 3058 61
588 2996 689 3057 doctis
711 2995 785 3056 11116
802 3015 808 3056 :
836 3014 910 3076 ergo
932 2999 1098 3075 peccatum
1152 3016 1226 3059 nam
1239 3015 1323 3078 6666
1338 3017 1376 3058 ex
1389 3003 1480 3079 pacto
1496 2998 1545 3060 161
1560 2999 1801 3062 circumstantiis
1820 3003 1966 3063 tenetur

305 3084 364 3146 erit
377 3103 410 3146 se
425 3084 565 3163 obligare
581 3084 621 3145 61
641 3101 741 3144 6666
755 3101 794 3144 ex
817 3083 865 3145 his
888 3083 1094 3164 sequendum.
1152 3086 1263 3167 aliquis
1290 3105 1347 3166 pro
1372 3087 1501 3149 consilio
1523 3087 1733 3167 interrogatus
1759 3088 1963 3167 depromere

303 3175 334 3233 1.
347 3170 436 3244 Quod
449 3170 560 3232 attinet
574 3170 614 3232 61
629 3170 727 3246 11166,
745 3171 798 3250 qui
813 3171 956 3251 sequitur
969 3171 1096 3248 multos,
1151 3193 1278 3237 sensum
1289 3194 1392 3254 auum,
1407 3179 1438 3238 et
1453 3193 1515 3236 non
1528 3179 1651 3238 tantum
1665 3176 1813 3238 alienum.

304 3259 363 3322 6161
379 3258 481 3320 obstet
495 3257 650 3320 certitudo
665 3257 697 3317 in
711 3259 914 3336 contrarium,
926 3258 1099 3337 prudenter
1190 3264 1245 3342 57.
1263 3266 1376 3324 Navar.
1390 3263 1488 3326 Andr.
1501 3267 1533 3326 et
1542 3263 1594 3325 alii
1605 3267 1717 3342 putant
1725 3264 1964 3330 consiliarium
1991 3291 2041 3346 „a

302 3347 522 3428 presumimus
550 3346 582 3407 id
611 3365 678 3408 esse
706 3347 808 3426 magis
842 3348 980 3410 vicinum
1007 3365 1095 3425 1616,
1151 3369 1275 3430 semper
1289 3351 1505 3431 exquirentem
1519 3353 1690 3415 sententias
1711 3353 1854 3416 16166166
1884 3356 1965 3436 pla·

303 3436 388 3517 quod
407 3435 495 3497 multi
519 3435 677 3514 sapientes
699 3435 758 3497 viri
781 3441 900 3514 tenent,
923 3435 1096 3498 66666166
1150 3438 1222 3516 6116,
1251 3443 1283 3501 61
1309 3439 1481 3502 66666116
1508 3441 1555 3502 661
1580 3441 1776 3521 Principalis,
1813 3461 1964 3522 6666616

303 3523 388 3587 dicta
401 3525 464 3600 1.1,
480 3543 510 3584 6.
527 3526 597 3585 170.
1150 3525 1334 3603 mortaliter,
1352 3527 1426 3609 quia
1440 3528 1567 3607 exponit
1578 3547 1611 3589 se
1621 3529 1762 3608 periculo
1772 3529 1960 3595 inducendi

342 3612 403 3692 §h
429 3614 464 3674 ln
492 3611 552 3687 his,
580 3629 649 3691 qua
677 3612 835 3691 pertinent
862 3614 902 3675 61
929 3613 1035 3691 fidem,
1066 3615 1097 3676 61
1150 3615 1181 3676 16
1197 3633 1346 3692 6116166,
1367 3615 1423 3677 661
1446 3617 1473 3678 si
1495 3623 1581 3680 recta
1602 3617 1775 3680 intentione
1794 3622 1962 3699 procedat

302 3716 418 3778 mores,
434 3703 600 3779 peecatum
619 3703 666 3762 est
679 3706 798 3780 tenere,
818 3701 868 3764 161
889 3702 1002 3764 166616
1029 3701 1098 3780 opi·
1150 3721 1213 3764 non
1227 3703 1299 3765 ideo
1313 3722 1444 3782 peecare
1459 3705 1573 3768 docent
1583 3705 1698 3768 Sanch.
1712 3707 1834 3770 Baldel.
1852 3709 1959 3772 Brea.

303 3788 440 3865 nionem,
458 3805 553 3869 quam
568 3789 637 3867 quis
652 3788 842 3852 sufficienter
867 3789 1004 3852 advertit
1028 3805 1096 3850 6666
1150 3798 1182 3853 61
1203 3791 1267 3869 6111,
1290 3793 1387 3854 utitur
1401 3793 1485 3854 enim
1495 3793 1567 3874 jure
1581 3811 1648 3872 suo,
1665 3794 1729 3857 imo
1752 3799 1784 3857 et
1804 3795 1963 3876 iungitur

302 3877 426 3955 falsam,
457 3876 531 3957 quia
558 3876 619 3938 hoe
648 3881 696 3939 est
731 3879 860 3957 addere,
890 3881 941 3942 vel
968 3881 1095 3942 demere
1149 3879 1252 3942 officio
1274 3880 1420 3941 61616611
1443 3881 1535 3943 1161116
1558 3882 1732 3944 66666116
1745 3883 1870 3944 166161
1886 3886 1958 3950 661.

302 3965 421 4046 aliquid
443 3963 504 4046 legi
528 3961 595 4041 uei,
618 3965 703 4045 quod
726 3967 1031 4046 prohibetur,1teut.
1062 3973 1093 4046 1,
1150 3969 1239 4041 Quod
1275 3968 1301 4030 ai
1335 3968 1508 4050 inquireret
1544 3971 1576 4032 in
1608 3975 1762 4033 ductores
1789 3971 1958 4054 16166166,

301 4053 340 4116 V.
359 4057 389 4116 E.
408 4054 564 4131 Putatque
582 4052 660 4115 Eliz.
685 4072 716 4134 6.
740 4057 770 4131 8,
800 4055 818 4133 5
846 4059 901 4134 10,
929 4056 1095 4118 16666166
1148 4057 1256 4118 161666
1277 4060 1360 4118 61616
1374 4058 1536 4120 sententia
1557 4058 1785 4141 cujuscunque,
1802 4079 1961 4142 quacun-

301 4139 381 4202 falsa
415 4158 548 4221 peccare
585 4145 695 4203 contra
725 4142 890 4224 justitiam,
921 4144 995 4226 quia
1019 4160 1096 4205 1616
1149 4162 1209 4224 que
1234 4143 1356 4205 ratione
1379 4144 1507 4223 nitatur,
1531 4146 1614 4207 mela
1637 4153 1757 4227 ageret,
1786 4148 1831 4210 nu·
1858 4157 1960 4214 recta

303 4229 416 4290 docere
429 4233 564 4307 tenetur,
581 4230 630 4291 rel
651 4248 689 4290 ex
702 4231 848 4292 mercede
866 4233 917 4293 vel
931 4232 1042 4296 saltem
1057 4250 1095 4293 ex
1147 4231 1241 4294 Bardi
1256 4230 1291 4292 de
1306 4229 1407 4296 Conco.
1419 4233 1509 4315 prob.
1524 4234 1555 4297 d.
1571 4237 1601 4313 1,
1617 4254 1643 4299 1.
1661 4239 1710 4314 19,
1724 4256 1757 4302 a.
1768 4237 1954 4322 letBurg.

301 4317 395 4380 tacito
410 4320 515 4396 pacto,
540 4317 630 4381 sicuti
652 4323 761 4381 contra
781 4318 934 4400 justitiam
949 4323 1095 4399 peccaret
1146 4340 1172 4383 c.
1187 4324 1217 4398 3,
1234 4339 1259 4382 6.
1274 4324 1324 4382 51.

302 4410 410 4483 66616,
426 4405 479 4485 661
494 4405 558 4468 6116
577 4407 692 4486 pretio,
709 4407 774 4469 sire
789 4409 897 4488 gratis,
914 4426 965 4470 66
985 4427 1094 4489 accep·
1187 4407 1259 4488 §E
1291 4408 1441 4480 Quadam
1477 4411 1756 4476 concionatoribus
1792 4419 1960 4498 proponit

301 4496 398 4556 tasset
412 4491 662 4555 transferendum
677 4497 709 4556 in
722 4496 853 4575 ltaliam,
871 4501 903 4558 et
911 4498 1094 4562 transferret
1146 4497 1222 4559 Eliz.
1238 4516 1268 4578 q.
1286 4500 1316 4573 6,
1332 4499 1380 4578 §a
1395 4507 1425 4560 et
1435 4502 1465 4561 6.
1481 4501 1521 4562 Et
1534 4504 1563 4562 l.
1578 4501 1692 4581 Arguit
1711 4501 1745 4562 in
1765 4501 1958 4570 1111666166-

301 4579 333 4641 16
350 4579 496 4660 Angliam
513 4601 520 4642 :
537 4582 593 4645 sed
613 4583 685 4646 vide
701 4584 740 4646 de
755 4583 815 4647 hoc
830 4585 951 4648 116161.
968 4588 1000 4664 3,
1013 4606 1045 4668 p.
1062 4591 1091 4665 1,
1146 4586 1198 4648 tiae
1217 4585 1385 4665 defectum,
1413 4587 1453 4650 ob
1476 4607 1571 4669 quem
1590 4589 1744 4669 nesciant,
1769 4593 1823 4673 qui
1846 4595 1896 4659 eit
1919 4602 1958 4662 61

301 4685 415 4730 onum.
431 4671 500 4730 35l.
1146 4675 1272 4757 quando
1286 4675 1390 4756 reipsa
1399 4678 1612 4740 committatur
1620 4679 1708 4742 verbi
1717 4682 1953 4764 gretiausara,

339 4757 401 4838 §a
419 4759 452 4820 Si
466 4759 627 4822 Professor
649 4761 681 4823 in
703 4763 810 4826 schola
826 4763 937 4828 doceat
950 4765 1091 4829 absolute
1146 4764 1289 4843 simonia,
1306 4764 1454 4841 vindicta,
1479 4765 1632 4847 injustitia
1655 4769 1901 4850 commutativa,
1917 4779 1955 4836 61

300 4847 499 4924 senteutiam,
526 4867 621 4928 quam
638 4849 761 4931 judicat
775 4871 842 4915 6666
863 4854 966 4914 61666
980 4854 1092 4933 proba·
1146 4852 1354 4931 distributiva,
1371 4855 1514 4933 avaritia,
1534 4856 1674 4934 ambitio,
1701 4857 1788 4919 lraua
1810 4857 1843 4919 in
1871 4879 1957 4926 con·

299 4935 396 4997 bilem
413 4933 450 5016 (si
460 4935 547 5017 justa
561 4957 657 5000 cauea
671 4958 734 5001 non
755 4946 892 5020 excuset,
909 4941 1009 5023 qualis
1024 4962 1091 5005 6666
1145 4943 1246 5022 116616
1274 4947 1347 5018 eta,
1376 4941 1510 5022 ideoque
1536 4943 1692 5022 explicare
1720 4963 1782 5008 non
1818 4949 1955 5025 possint

300 5023 473 5086 secundum
499 5024 628 5105 011616,
656 5045 695 5089 66
723 5035 888 5093 censeatur
912 5031 1089 5111 singularis,
1144 5028 1272 5108 populu,
1298 5029 1374 5109 quid
1396 5029 1454 5090 sub
1476 5030 1536 5092 illis
1557 5033 1735 5094 nominibus
1762 5033 1878 5104 lateat.
1910 5055 1954 5100 aa

299 5113 349 5173 vel
377 5131 396 5173 a
423 5113 590 5192 Superiora
613 5115 873 5198 reprehendatur)
900 5120 991 5182 Suar.
1017 5120 1092 5182 dicit
1144 5117 1322 5195 damnetur,
1351 5122 1383 5180 et
1413 5118 1458 5181 sio
1493 5119 1525 5180 in
1562 5120 1606 5182 eia
1642 5121 1710 5184 vitii
1746 5121 1948 5204 rdinquant.

300 5217 367 5262 6666
382 5202 526 5279 mortale,
543 5204 657 5266 Sanch.
679 5206 813 5284 veniale,
831 5208 929 5287 Salas,
947 5211 1088 5289 Castrop.
1144 5209 1173 5268 2.
1188 5207 1607 5288 Carpitmodumprobandi,
1625 5210 1945 5290 oprobantscilieet·

299 5287 401 5350 Rhod.
428 5291 576 5353 laurent.
600 5291 819 5356 universaliter
842 5295 951 5357 dicunt
971 5297 1108 5358 nullum¹
1144 5295 1245 5376 inquit
1263 5317 1278 5353 6
1289 5295 1362 5356 alibi
1378 5315 1414 5356 ex
1430 5296 1550 5375 alienis,
1567 5297 1641 5361 alibi
1656 5317 1694 5359 ex
1708 5299 1861 5379 propriis.
1888 5303 1948 5366 661

298 5393 366 5439 6666
380 5383 555 5456 66666166,
572 5379 646 5460 qnia
664 5385 776 5461 putant
797 5383 938 5445 excusari
962 5389 1092 5465 propter
1149 5404 1164 5442 6
1177 5384 1243 5445 6166
1258 5401 1362 5462 66666,
1380 5389 1411 5446 61
1423 5391 1538 5465 praeter
1555 5403 1706 5449 sensum:
1729 5387 1806 5450 alibi
1826 5407 1949 5469 parom

298 5464 523 5544 obhgatiunem
547 5465 680 5530 nimium
712 5489 842 5550 gravem
878 5472 1088 5541 examinandi,
1143 5494 1158 5530 u
1174 5472 1344 5552 6611616166
1370 5477 1508 5553 1616661,
1538 5476 1670 5538 Sanctus
1692 5475 1806 5540 Patres
1827 5485 1944 5557 prate

298 5552 352 5620 ubi
367 5554 571 5640 probabilitas
596 5557 636 5620 sit
649 5557 762 5642 major,
780 5563 834 5624 aut
854 5559 980 5624 minor:
1006 5564 1092 5625 tenet
1142 5565 1279 5640 prount,
1306 5561 1391 5625 diota
1412 5563 1590 5642 01616166,
1614 5568 1647 5626 61
1671 5563 1813 5630 maximo
1836 5560 1946 5648 116111,
