4120 6348
313 491 371 554 tat
972 487 1088 550 LlBEll
1108 486 1303 558 QUARTUS.

315 678 424 738 menta
443 673 622 736 ministrent
644 674 675 734 et
702 671 849 733 Divinum
875 672 993 734 cultum
1022 671 1109 733 exhi·
1164 671 1248 734 tione
1263 671 1360 734 asuis
1371 669 1590 751 Superioribus
1600 690 1668 734 esse
1679 671 1869 752 dirigendas,
1881 687 1962 751 prae·

315 765 422 842 beant,
450 764 500 824 vel
521 781 619 823 novas
641 759 827 834 parochias,
854 779 991 839 novasq;
1016 762 1111 820 Paro·
1166 765 1310 840 terquam
1331 760 1362 820 in
1382 779 1467 838 casu,
1492 779 1553 840 quo
1572 760 1778 822 Dioecesanus
1793 779 1812 820 a
1827 753 1960 821 Oioecesi

318 853 436 916 chiales
448 850 603 912 Ecclesiae
616 868 635 910 a
650 847 807 911 veteribus
823 848 984 909 distinctas
998 847 1111 908 consti·
1167 849 1302 926 abesset,
1320 849 1369 910 vel
1384 849 1601 911 Ordinationes
1617 867 1678 910 non
1690 855 1775 910 esset
1785 849 1959 920 habiturus

316 947 419 1018 tuere,
442 941 520 1019 iisq;
543 957 640 1000 novos
663 938 822 999 Parecbos
843 938 1016 1015 praeficere,
1035 936 1113 997 assi·
1169 957 1231 1018 quo
1248 939 1342 1000 etiam
1357 957 1430 1000 casu
1446 939 1477 998 in
1491 939 1602 1000 litteris
1615 939 1807 1000 Dimissoriis
1817 938 1856 998 ad
1866 939 1962 998 alium

321 1033 419 1110 gnata
440 1048 478 1088 ex
497 1024 672 1087 redditibus
686 1025 726 1086 ad
745 1029 882 1086 veterem
898 1023 1115 1086 Parochialem
1169 1027 1358 1106 Episcopum
1386 1027 1558 1105 dirigendis
1585 1045 1735 1104 expressa
1757 1027 1826 1086 fieri
1851 1026 1964 1086 debeat

317 1117 491 1184 Ecclesiam
506 1115 788 1196 quomodocunque
799 1114 1027 1194 pertinentibus
1040 1131 1115 1174 con·
1169 1115 1297 1192 mentio,
1323 1116 1372 1176 vel
1394 1115 1432 1175 de
1454 1115 1606 1193 praedicta
1623 1115 1769 1192 Episcopi
1793 1109 1961 1176 Dioreesani

315 1205 454 1276 ,venienti
478 1203 620 1284 portione
641 1202 682 1263 ad
702 1203 820 1263 victum
842 1219 963 1278 eornm,
988 1201 1041 1281 qui
1064 1201 1115 1262 vel
1170 1204 1321 1280 absentia,
1339 1205 1388 1264 vel
1403 1203 1442 1263 da
1456 1203 1508 1265 illa
1520 1203 1582 1264 alia
1593 1221 1699 1279 causa,
1711 1201 1964 1282 videlicet,quod

317 1299 471 1376 tanquam
494 1289 697 1370 coadjutores
720 1290 753 1350 in
776 1289 867 1350 dictis
883 1288 951 1350 aliis
966 1289 1116 1349 Ecclesiis

315 1381 460 1462 deputati
476 1380 525 1441 vel
540 1385 691 1461 tanquam
705 1378 842 1440 distincti
858 1383 889 1438 et
904 1377 1115 1456 independen-

320 1475 367 1536 tes
388 1468 519 1532 Paroehi
549 1485 658 1529 curam
684 1467 871 1529 Animarum
899 1465 1114 1533 exercuerint3

321 1560 408 1620 nulla
421 1557 463 1618 ad
482 1555 647 1636 praemissa
669 1553 830 1633 impendia
842 1555 1032 1632 suffragante
1062 1571 1118 1632 ap-

321 1645 508 1726 pellatione,
524 1647 579 1704 aut
592 1641 788 1703 inhibitione.

362 1758 377 1794 u
394 1736 475 1796 Xlll.
490 1734 568 1795 Cum
584 1732 624 1792 ad
639 1731 858 1811 praescriptum
873 1749 998 1811 quoque
1013 1729 1115 1806 Trid.,

181 1861 200 1895 ν.
324 1822 443 1902 Synodi
458 1820 620 1901 Episcopis
635 1818 661 1880 is
675 1818 775 1880 honor
790 1820 975 1881 tribuendus
989 1818 1039 1893 sit,
1065 1818 1120 1897 qui

324 1929 434 1974 eorum
457 1907 600 1988 dignitati
624 1906 780 1984 convenit,
802 1926 898 1988 eosq;
924 1907 955 1967 in
970 1907 1071 1969 Choro
1088 1909 1119 1966 et

323 2000 355 2061 in
370 1997 521 2076 Capitale,
537 1997 570 2056 in
584 1994 839 2057 Processiooibus
861 2001 892 2057 et
907 1996 976 2056 aliis
991 1994 1118 2055 actibus

325 2086 458 2169 publicis
473 2086 591 2165 primus
606 2085 693 2146 locus
708 2103 775 2146 esse
789 2085 905 2147 debeat
919 2083 1120 2163 etpraecipua

326 2177 467 2239 omnium
485 2192 591 2236 rerum
610 2172 806 2253 agendarum
825 2173 1013 2245 auctoritas;
1030 2190 1120 2232 man-

327 2266 439 2326 damus
455 2262 487 2322 id
508 2260 664 2341 religiose,
683 2279 721 2322 ao
740 2266 892 2341 perpetuo
911 2261 1073 2322 observari
1089 2259 1119 2319 in

327 2351 472 2416 omuibus
487 2349 609 2411 actibus
623 2349 703 2410 adeo
712 2349 805 2429 justae
821 2349 1001 2429 hujusmodi
1024 2365 1121 2426 praee-

327 2438 487 2500 minentiae
503 2441 534 2498 et
548 2437 726 2498 auctoritati
742 2437 971 2514 consentaneis,
989 2453 1051 2496 non
1066 2435 1122 2496 ob·

328 2527 483 2590 stantibus
497 2524 668 2605 privilegiis
682 2524 776 2585 etiam
792 2544 828 2586 ex
844 2525 1026 2586 fundatione
1037 2542 1122 2585 oom-

328 2614 516 2697 potentibus,
539 2612 819 2674 consuetudinibus
840 2614 936 2675 etiam
958 2613 1123 2674 immemo-

329 2702 494 2778 rabilibus,
520 2701 704 2777 sententiis,
727 2699 917 2781 juramentis
940 2705 971 2763 et
994 2719 1124 2762 concor-

330 2793 418 2868 diis,
456 2809 527 2870 quae
568 2807 642 2850 suos
674 2792 798 2851 tantum
841 2788 982 2867 obligent
1016 2794 1124 2850 aucto-

332 2898 393 2942 res.

321 3021 327 3030 .
371 2991 385 3026 u
405 2967 486 3029 XIV.
504 2968 672 3044 Praeterea,
696 2970 731 3028 ut
748 2965 930 3028 Claustralis
944 2983 1047 3046 quoq3
1065 2966 1125 3027 dis-

332 3055 455 3136 etplinae
474 3053 565 3132 vigor
583 3053 718 3115 illibatus
736 3058 935 3132 permaneat,
957 3053 1126 3116 Pontideiae

334 3150 451 3207 nostrae
467 3141 687 3206 sollicitudinis
695 3147 800 3223 partes
815 3142 910 3204 etiam
924 3141 1069 3204 duximus
1082 3142 1126 3202 in·

333 3231 555 3312 terponendas.
585 3233 663 3294 Cum
688 3232 794 3311 itaque
823 3231 1017 3311 experientia
1041 3249 1127 3292 com-

335 3325 459 3405 pertum
476 3319 571 3382 fuerit
592 3323 746 3399 quantum
764 3319 943 3382 detrimenti
959 3319 1002 3380 illi
1015 3320 1128 3380 attera-

335 3416 398 3486 tur,
415 3428 454 3469 ex
467 3427 530 3490 quo
545 3408 650 3487 plures
665 3408 705 3469 ad
721 3408 903 3486 religiosum
917 3408 1060 3469 habitum
1074 3407 1128 3468 ad·

336 3499 516 3574 mittantur,
532 3514 627 3578 quam
647 3495 730 3558 vires
753 3496 934 3558 reddituum
949 3496 1126 3574 patiantur;

337 3585 500 3662 moderno,
521 3603 559 3646 ac
579 3601 637 3662 pro
658 3586 799 3662 tempore
814 3583 957 3645 existenti
972 3585 1082 3646 Nostro
1098 3586 1130 3643 et

336 3673 523 3753 Apostolicae
546 3671 636 3734 Sedis
657 3671 688 3730 in
708 3671 820 3732 iisdem
834 3670 1054 3750 Hispaniarum
1069 3671 1129 3730 lte-

337 3761 408 3840 gnis
435 3759 549 3822 Nuntio
577 3776 635 3837 per
660 3763 831 3838 praesentes
854 3757 1076 3820 committimus
1099 3760 1130 3818 et

337 3848 537 3924 mandamus,
554 3851 589 3910 ut
603 3851 691 3908 curet
704 3852 734 3907 et
748 3844 944 3927 vigilantiam
966 3845 1126 3920 adhibeat,

341 3956 380 3998 ne
416 3942 526 3999 eontra
562 3934 781 4014 praescriptum
808 3933 972 3996 memorati
1001 3933 1130 3995 Concilii

339 4023 439 4100 'l’rid.,
463 4025 495 4085 in
517 4023 718 4100 Monasteria,
744 4026 922 4085 Conventus
948 4026 980 4084 et
1002 4024 1128 4098 Demos,

338 4119 405 4178 tum
418 4113 575 4187 Virorum,
593 4130 688 4193 quam
702 4112 879 4188 Mulierum,
897 4111 962 4172 sive
976 4112 1065 4171 Bona
1075 4109 1131 4169 im·

1170 1293 1389 1356 Ordinationes
1411 1311 1471 1353 non
1494 1290 1534 1352 sit
1554 1291 1737 1353 habiturus:
1763 1291 1901 1370 exceptis
1919 1295 1964 1352 ta-

1170 1401 1242 1442 men
1257 1382 1361 1460 quoad
1372 1380 1521 1459 predicta
1536 1380 1745 1459 Regularibus
1759 1381 1836 1456 illis,
1854 1380 1965 1459 quibus

1170 1489 1229 1550 per
1251 1470 1386 1548 speciale
1407 1468 1608 1548 privilegium
1631 1487 1650 1529 a
1680 1468 1762 1531 Sede
1787 1468 1965 1547 Apostolica

1171 1563 1243 1639 post
1263 1557 1436 1620 Concilium
1456 1557 1543 1618 Trid.
1569 1556 1663 1618 fuerit
1679 1575 1878 1634 concessum,
1901 1561 1965 1616 uta

1173 1646 1313 1728 quolibet
1326 1645 1484 1708 Catholico
1504 1644 1649 1706 Antistite
1665 1645 1795 1706 ordines
1810 1645 1964 1724 suscipere

1172 1736 1301 1816 possint,
1319 1752 1485 1813 superque
1497 1733 1621 1794 lndulto
1636 1733 1714 1793 nibil
1724 1751 1785 1811 per
1796 1738 1964 1812 presentes

1174 1829 1322 1887 innovare
1346 1822 1546 1884 intendimus.
1571 1821 1722 1883 Noverint
1745 1827 1855 1882 autem
1880 1821 1966 1900 Epis-

1175 1913 1244 1991 copi
1264 1931 1297 1973 se
1318 1911 1433 1972 debere
1448 1930 1504 1989 per
1518 1909 1715 1988 semetipsos,
1731 1911 1857 1971 secluso
1873 1928 1964 1989 agro-

1174 1999 1300 2062 tationis
1321 2017 1406 2072 casu,
1431 1997 1563 2060 Ordines
1586 1996 1729 2056 conferre
1756 2001 1788 2057 et
1810 2014 1967 2058 sacrorum

1175 2089 1327 2151 Ordinum
1342 2085 1540 2147 collationem
1555 2084 1677 2146 statutis
1699 2104 1718 2144 a
1734 2085 1811 2166 jure
1826 2083 1965 2162 tempori-

1174 2177 1245 2252 bus,
1266 2193 1303 2236 ao
1323 2174 1354 2234 in
1374 2173 1553 2234 Cathedrali
1569 2171 1720 2248 Ecclesia,
1736 2172 1860 2234 vocatis
1875 2181 1905 2234 et
1918 2171 1967 2231 ad·

1175 2263 1330 2326 stantibus
1349 2261 1525 2337 (lenonicia,
1546 2260 1669 2338 publice
1690 2260 1874 2322 habendam
1891 2277 1965 2334 esse,

1179 2351 1226 2412 vel
1239 2351 1264 2412 si
1277 2351 1309 2410 in
1325 2350 1385 2410 alio
1398 2348 1547 2410 Dioeoesis
1569 2348 1650 2424 loco,
1673 2365 1803 2426 semper
1821 2346 1966 2408 tamenin

1177 2437 1318 2500 Ecclesia
1331 2441 1482 2516 quantum
1496 2435 1564 2496 ficri
1577 2434 1693 2512 poterit
1704 2434 1844 2512 digniori
1855 2441 1966 2513 elprae

1179 2531 1268 2587 sente
1280 2526 1368 2586 Clero
1382 2523 1523 2604 ejusdem
1536 2522 1606 2582 loci.
1625 2524 1669 2581 Ne
1685 2539 1761 2581 vero
1774 2522 1966 2596 incertitudo,

1178 2634 1218 2675 an
1234 2614 1293 2692 ipsi
1309 2611 1522 2675 ordinationes
1537 2609 1599 2670 sint
1613 2609 1754 2670 habituri
1771 2610 1864 2670 nimis
1878 2628 1967 2689 grase

1178 2705 1289 2764 atterat
1304 2697 1537 2762 incommodum
1553 2697 1779 2776 promovendis
1793 2699 1881 2759 varia
1892 2699 1969 2760 Dioe·

1178 2792 1258 2852 cesis
1276 2791 1347 2852 loca
1370 2787 1638 2858 inhabitantibus;
1662 2805 1720 2865 per
1740 2805 1885 2848 mensem
1902 2793 1967 2848 autc

1179 2878 1308 2959 singulis
1323 2877 1442 2938 vicibus
1456 2873 1580 2955 publico
1591 2873 1700 2935 Edicto
1713 2873 1754 2934 ab
1765 2874 1877 2934 iisdem
1888 2874 1968 2953 Epis-

1179 2967 1266 3048 copis
1281 2966 1497 3040 denuncietur,
1514 2981 1546 3023 se
1562 2962 1785 3024 Ordinationes
1801 2981 1870 3024 essa
1885 2963 1969 3024 babi-

1181 3062 1278 3133 turoS,
1295 3055 1373 3116 adeo
1389 3057 1424 3114 ut
1438 3051 1560 3132 quoties
1575 3051 1779 3112 denunciatio
1795 3050 1968 3132 hujusmodi

1181 3148 1264 3208 lacta
1285 3162 1346 3205 non
1366 3142 1470 3219 luerit,
1490 3141 1564 3201 inde
1583 3142 1659 3201 satis
1678 3140 1859 3218 intelligant
1875 3142 1969 3218 Regu·

1181 3235 1279 3308 lares,
1302 3231 1491 3309 Episcopum
1512 3229 1734 3290 Dioecesauum
1755 3228 1969 3289 Ordinationes

1182 3341 1220 3382 ea
1242 3320 1311 3381 vioe
1335 3319 1463 3379 minime
1485 3336 1553 3378 esse
1574 3317 1771 3392 habiturum,
1794 3317 1918 3396 sibique
1932 3315 1970 3376 id·

1182 3410 1265 3472 cireo
1286 3406 1406 3469 licitum
1425 3406 1566 3468 futurum
1588 3405 1721 3467 Ordines
1743 3405 1786 3465 ab
1806 3405 1867 3466 alio
1890 3403 1970 3484 Epis·

1183 3517 1262 3576 copo
1284 3496 1441 3574 suscipere
1463 3513 1535 3557 cum
1556 3493 1679 3555 Litteris
1701 3493 1895 3555 Dimissoriis
1909 3511 1971 3554 suo

1184 3605 1254 3647 rnm
1269 3584 1473 3665 Superiorem
1492 3582 1533 3643 ad
1555 3600 1628 3642 eum
1648 3581 1789 3658 directis,
1807 3587 1932 3644 serrata
1945 3580 1969 3639 in

1183 3675 1220 3736 iis
1235 3675 1337 3736 forma
1350 3674 1493 3752 superius
1507 3690 1665 3750 expressa.

1224 3789 1238 3823 a
1258 3766 1338 3828 XVI.
1357 3762 1502 3841 Episcopi
1523 3761 1555 3820 in
1569 3760 1717 3821 omnibus
1730 3760 1901 3822 Mulierum
1915 3762 1970 3822 llo

1185 3851 1328 3914 nasteriis
1342 3851 1400 3912 sibi
1414 3849 1561 3930 subjectis
1575 3849 1754 3926 Ordinaria,
1770 3849 1803 3908 in
1820 3849 1890 3910 aliis
1905 3865 1970 3910 veru

1185 3939 1337 4017 exemptis
1364 3937 1548 4000 auctoritate
1564 3937 1655 4000 Sedis
1669 3937 1861 4015 Apostolicae
1872 3938 1970 3998 incon·

1185 4048 1274 4090 cussa
1289 4027 1449 4088 observari
1465 4029 1586 4102 curent,
1603 4043 1674 4105 (lure
1691 4025 1776 4085 circa
1791 4025 1898 4087 Sancti
1914 4041 1971 4083 mo

1185 4117 1315 4178 nialiurn
1337 4115 1525 4193 clausuram,
1548 4115 1726 4193 vetitumq:
1753 4113 1786 4174 in
1811 4113 1970 4175 dictatio

339 4202 468 4264 mobilia
488 4201 679 4280 possideant,
696 4201 762 4262 sive
778 4217 839 4261 non
855 4199 1047 4280 possideant,
1063 4217 1132 4258 ma·
1186 4204 1322 4267 nasteria
1336 4202 1523 4283 ingressum,
1539 4207 1605 4264 tam
1621 4203 1652 4262 in
1665 4201 1808 4263 Decretis
1823 4201 1909 4264 Trid.
1923 4203 1971 4278 Sy·

336 4291 389 4372 jor
402 4306 551 4350 numerus
565 4287 745 4368 recipiatur,
763 4305 858 4368 quam
874 4286 928 4366 qui
942 4287 991 4347 vel
1006 4303 1044 4347 ex
1059 4304 1132 4365 pro·
1186 4292 1272 4369 nodi,
1289 4309 1382 4371 quam
1399 4290 1430 4350 in
1445 4289 1671 4352 Constitutione
1690 4289 1805 4350 similis
1819 4287 1970 4351 memorie

339 4385 484 4447 venbbus
508 4384 642 4462 propriis
673 4384 813 4464 ipsorum
845 4383 1129 4457 Monasteriorum,
1187 4379 1328 4460 Gregorii
1356 4381 1449 4457 Papae
1478 4379 1571 4452 Xlll,
1602 4377 1696 4438 etiam
1731 4375 1970 4440 praedecessoris

341 4475 568 4548 Conventuum,
585 4474 837 4547 autllomorum,
854 4470 905 4530 vel
924 4469 1132 4531 exconsnetis
1187 4468 1290 4531 Nostri
1319 4467 1404 4529 edita
1431 4466 1478 4527 ld.
1509 4468 1580 4528 lan.
1610 4485 1676 4541 an,
1705 4465 1868 4528 millesimi
1892 4467 1971 4546 quin·

340 4557 565 4637 Eleemosynis,
582 4558 689 4620 aliisve
704 4559 944 4639 quibuscunque
972 4557 1135 4620 obventio·
1187 4555 1352 4636 gentesimi
1374 4554 1596 4634 septuagesimi
1620 4553 1721 4634 quinti
1744 4555 1884 4633 provide
1899 4555 1972 4616 ordi·
2038 4561 2039 4564 ’

342 4648 445 4725 nibus,
466 4647 498 4707 in
517 4665 683 4708 commune
705 4653 810 4709 tamen
826 4646 1034 4724 conferendis,
1051 4664 1134 4708 ccm-
1188 4651 1263 4707 nata
1277 4649 1359 4706 sunt.

341 4735 435 4798 mode
449 4734 547 4814 possit
559 4734 738 4796 sustentari.
1228 4756 1242 4792 u
1258 4734 1350 4795 XVll.
1361 4731 1596 4810 Perpendentes
1606 4730 1700 4792 etiam
1711 4731 1883 4793 Chistianae
1893 4731 1970 4808 Reip.

348 4869 356 4882 .
382 4845 396 4881 u
414 4823 480 4885 XV.
505 4821 632 4894 Ouoties
654 4839 729 4884 vero
751 4822 922 4901 Regulares
943 4821 982 4882 ad
1003 4821 1134 4883 Ordines
1189 4818 1344 4898 inprimis
1363 4821 1522 4899 expedire,
1539 4819 1810 4896 utministerium,
1829 4825 1973 4900 acpotes·
2038 4855 2039 4898 t

343 4915 435 4974 erunt
447 4907 664 4989 promovendi,
680 4915 821 4970 servetur
832 4909 958 4971 omnino
969 4911 1135 4971 Decretum
1188 4913 1236 4970 tas
1249 4909 1384 4970 clavium
1395 4909 1427 4969 in
1437 4909 1644 4984 remittendis,
1659 4908 1900 4989 retinendisqua
1911 4925 1972 4988 pec·
2038 4903 2039 4950 l

326 5001 530 5079 ¹Congregat.
553 4997 764 5060 Cardinalium
783 4997 910 5059 Concilii
930 4996 1015 5059 Trid.
1036 5000 1135 5059 Inter·
1189 4996 1268 5059 catis
1285 5003 1369 5058 recte
1390 5002 1592 5070 exerceatur3
1614 4997 1815 5058 declaramus
1830 4998 1972 5060 Sacerdo
2038 5051 2039 5078 ἒ

342 5090 469 5167 prelum
487 5103 507 5145 a
527 5084 587 5163 piae
603 5083 764 5146 memoriae
778 5085 936 5146 Clemente
951 5087 1038 5163 Papa
1053 5085 1132 5148 Vlll.
1188 5093 1248 5160 tes,
1264 5090 1329 5146 tam
1344 5087 1528 5163 Saeculares,
1545 5103 1641 5165 quam
1655 5086 1842 5164 Regulares,
1866 5086 1918 5166 qui
1940 5084 1971 5144 ab
2038 5125 2039 5166 ,

344 5172 577 5236 Praedeoessore
599 5174 692 5235 etiarn
715 5175 828 5234 Nostro
849 5174 1068 5235 confirmatum
1083 5173 1134 5234 die
1189 5173 1351 5252 Episcopis
1367 5173 1558 5237 obtinuerint
1571 5173 1732 5235 licentiam
1745 5175 1897 5236 audiendi
1907 5177 1971 5237 Cou-
2038 5223 2039 5234 ι

346 5266 394 5339 lt,
419 5262 522 5324 Martii
546 5265 633 5340 1596,
660 5281 721 5342 quo
740 5262 879 5324 sancitur
894 5281 955 5324 nou
970 5262 1010 5322 ad
1026 5263 1133 5338 alium,
1190 5262 1340 5323 sessiones
1360 5261 1536 5339 limitatam,
1559 5263 1609 5322 vel
1630 5262 1735 5340 quoad
1759 5281 1861 5340 genus
1876 5266 1971 5324 Perso

346 5367 440 5430 quam
468 5350 508 5410 ad
536 5351 724 5430 Episcopum
752 5351 970 5412 Dioecesanum
1003 5351 1135 5412 litteras
1192 5347 1971 5430 narum,ve1qn0a‹ltempus,nonpossepeni-

346 5437 543 5508 Dimissorias
569 5457 626 5530 pro
641 5439 823 5508 eorumdem
838 5439 990 5502 Ordinem
1006 5455 1136 5518 suscep·
1191 5439 1295 5506 tentiae
1311 5441 1549 5506 Sacramentum
1563 5439 1785 5502 administrare
1800 5446 1888 5502 extra
1907 5445 1970 5502 ren-
