3994 6344
303 529 361 592 tel

306 716 424 789 turum,
450 729 506 772 seu
530 729 592 792 quo
619 711 743 792 quisse
767 712 886 791 obligat
908 711 949 774 ad
977 711 1096 792 aliquid

305 797 529 878 praestandum.
547 798 818 860 Confirmaturium
832 799 955 876 dicitur,
966 801 996 860 ri
1007 800 1096 879 cujus

305 889 433 965 pactum
459 886 596 966 aliquod,
613 887 662 946 vel
677 891 854 948 contractus
868 888 983 967 alioqui
997 889 1097 948 nullus

308 973 396 1052 quasi
412 972 564 1035 advitam
580 975 665 1036 venit
679 976 926 1056 utaequiritvim
937 975 1096 1062 obligandi

309 1059 490 1142 exjustitia,
508 1079 603 1142 quam
618 1063 736 1142 alioqui
753 1081 815 1123 uon
832 1063 992 1124 habuisset
1006 1063 1048 1125 itu
1065 1067 1100 1124 ut

307 1151 338 1209 ui
353 1150 485 1229 appositi
498 1151 668 1230 juramenti
683 1151 798 1213 habeat
815 1151 908 1212 etiam
924 1150 953 1211 in
971 1151 1098 1212 100000-

308 1241 398 1298 terne
414 1257 522 1298 omnes
538 1241 667 1300 allectus
683 1240 735 1300 tali
751 1241 927 1301 contractui
943 1239 1096 1318 proprios

242 1341 284 1386 nc
348 1324 459 1402 5981
480 1324 696 1404 juramentum
721 1327 814 1386 cadat
841 1345 936 1405 super
959 1329 1099 1387 contrae·
1124 1349 1127 1356 ·

312 1415 376 1473 tum
392 1411 521 1487 licitum,
539 1413 678 1472 validum
694 1418 725 1475 ct
739 1414 777 1474 de
792 1433 825 1474 se
840 1413 998 1488 restitum,
1019 1432 1049 1473 v.
1066 1431 1097 1490 g.

311 1499 335 1560 01
354 1499 421 1578 quis
432 1500 518 1580 juret
532 1519 564 1560 sc
580 1505 777 1562 servaturum
792 1503 992 1582 emptionem,
1006 1519 1100 1580 quam

188 1609 191 1614 ¹
311 1585 476 1662 fecithoc
498 1587 713 1666 juramentum
737 1593 784 1650 est
806 1589 1043 1668 promissorium
1070 1592 1102 1649 et

312 1674 441 1754 obligat,
466 1675 510 1735 uti
535 1693 592 1754 per
615 1694 648 1738 sc
672 1681 773 1754 patet;
800 1681 939 1737 attamen
968 1679 1103 1737 nonest

312 1760 418 1822 stricte
448 1762 726 1839 confirmatorium,
757 1782 828 1824 eum
856 1763 898 1823 illi
929 1763 1100 1825 contractui

313 1867 375 1909 nen
391 1851 501 1910 allcrat
516 1850 578 1909 rim
594 1849 753 1929 obligandi
769 1849 950 1930 exjustitia,
967 1869 1024 1910 nec
1039 1849 1102 1908 rim

314 1935 354 1996 ad
374 1937 501 1996 allectus
525 1935 642 2012 civiles,
674 1937 741 1996 hrec
770 1937 853 1997 enim
881 1936 1103 1996 antecedenter

315 2023 442 2096 habuit;
467 2027 570 2102 potest
587 2027 691 2084 tamen
717 2024 776 2086 hoc
800 2041 893 2085 sensu
915 2023 1102 2084 (110100010-

314 2111 494 2187 malorium,
524 2111 608 2192 quod
636 2111 732 2172 addat
758 2113 855 2173 robur
882 2111 1020 2192 aliquod,
1048 2127 1103 2170 seu

886 527 1208 605 0000000000,
1238 525 1339 588 reas
1362 525 1400 586 n.

1151 710 1322 790 obligandi,
1338 714 1373 771 ut
1387 709 1505 770 dictum
1522 711 1568 770 est
1582 728 1613 788 p.
1633 709 1662 786 1,
1679 727 1710 771 0.
1726 711 1784 769 315
1809 713 1842 771 et
1867 711 1943 772 ratic

1151 804 1208 875 est,
1225 799 1299 878 quia
1314 797 1522 858 accessorium
1542 801 1645 874 potest
1669 797 1802 858 reddere
1825 816 1940 858 noram

1152 883 1385 964 obligationem,
1402 903 1471 962 quae
1487 901 1549 944 nan
1562 883 1702 957 tollatur,
1719 883 1792 945 lieet
1806 884 1946 946 irritetur

1153 975 1330 1034 contractus
1348 991 1354 1031 :
1371 971 1503 1032 irritatio
1519 968 1602 1031 enim
1615 971 1843 1048 potestcedere
1854 989 1947 1050 super
1992 1049 1993 1052 Ἴ

1152 1060 1254 1120 selum
1268 1061 1463 1120 contractum
1478 1063 1510 1119 et
1529 1075 1591 1118 000
1617 1077 1712 1137 super
1730 1059 1946 1138 juramentum

1154 1147 1237 1228 qued
1265 1145 1473 1207 accessorium
1501 1149 1579 1220 crat,
1609 1146 1652 1206 uti
1681 1151 1768 1206 recte
1796 1146 1948 1206 9100040

1153 1255 1183 1296 0.
1200 1239 1268 1310 997,
1288 1253 1316 1293 r.
1333 1251 1364 1311 g.
1380 1233 1405 1292 si
1422 1236 1600 1292 contractus
1621 1233 1661 1295 sit
1687 1232 1794 1293 irritus
1818 1239 1948 1311 prepter

1153 1321 1217 1382 vim
1233 1320 1346 1401 injuste
1361 1319 1492 1394 illatam,
1509 1319 1568 1378 huc
1583 1318 1654 1379 ideo
1669 1325 1727 1396 est,
1753 1320 1828 1399 quia
1852 1320 1947 1380 inter

1154 1409 1239 1470 venit
1253 1407 1413 1486 turpitudo
1429 1405 1590 1467 inferentis
1604 1406 1679 1482 vim,
1698 1408 1800 1486 qualis
1820 1409 1946 1486 turpida

1155 1515 1216 1557 000
1233 1501 1289 1573 004,
1307 1495 1333 1555 01
1343 1495 1558 1576 juramentum
1573 1499 1684 1572 sponte
1704 1493 1884 1574 adjiciatur.
1902 1494 1948 1556 Si·

1155 1585 1270 1646 militer
1284 1583 1377 1644 docet
1391 1583 1452 1643 llls.
1471 1589 1492 1642 4.
1512 1586 1539 1657 4,
1556 1581 1585 1641 d.
1602 1586 1633 1658 4,
1650 1601 1681 1643 n.
1698 1583 1769 1658 233,
1783 1581 1947 1661 juramen·

1155 1678 1221 1736 tum
1236 1671 1324 1752 sequi
1340 1677 1484 1732 naturam
1499 1673 1587 1731 artus
1601 1673 1725 1730 tantum
1746 1669 1776 1729 in
1802 1669 1854 1745 110,
1881 1685 1947 1748 qua

1156 1763 1299 1838 spectant
1313 1759 1353 1819 ad
1368 1761 1513 1820 naturam
1527 1761 1627 1834 actus,
1644 1776 1707 1818 000
1721 1775 1797 1819 vero
1822 1759 1856 1818 in
1880 1755 1946 1832 illia,

1157 1851 1322 1928 quaesunt
1349 1851 1453 1919 extra3
1481 1845 1525 1906 sic
1548 1847 1573 1906 si
1595 1846 1713 1925 juraris
1728 1853 1758 1908 te
1772 1847 1948 1908 soluturum
1991 1835 1993 1872 ³

1157 1933 1297 1996 debitum
1315 1953 1351 1994 ex
1362 1937 1534 2008 contractu,
1547 1933 1621 1992 licet
1636 1931 1946 2012 absentejurameutc

1157 2041 1220 2084 non
1236 2021 1385 2083 tenereris
1399 2021 1531 2096 solvere,
1548 2021 1573 2080 si
1590 2039 1653 2081 000
1671 2020 1878 2100 exigeretur:
1898 2039 1949 2098 op·

1157 2110 1293 2190 positam
1308 2115 1411 2170 tamen
1437 2111 1495 2184 est,
1518 2109 1543 2169 si
1562 2108 1681 2188 juraris
1705 2110 1780 2188 quia
1804 2107 1946 2169 addidisti

308 2195 537 2276 'obligationem
566 2215 681 2258 noram
708 2215 746 2257 err
778 2197 892 2260 virtute
927 2197 1100 2276 religionis;
1154 2200 1367 2280 juramentum
1378 2197 1602 2276 adurgendam
1614 2197 1802 2258 solutionem
1816 2201 1947 2276 exparte

316 2285 377 2345 tale
391 2291 497 2345 tamen
511 2285 609 2346 robur
620 2303 683 2346 000
698 2285 796 2362 addit,
813 2287 888 2367 quin
903 2289 1031 2346 maneat
1048 2301 1105 2362 po-

316 2375 412 2432 testas
426 2376 621 2432 contractum
636 2372 806 2432 reducendi
825 2373 865 2433 ad
880 2370 1102 2452 equalitatem,

316 2459 341 2519 si
367 2459 446 2520 forte
471 2457 617 2520 notabilis
641 2459 836 2539 inaequalitas
864 2459 1067 2521 intervenerit
1095 2477 1102 2518 :

317 2547 390 2608 hine
411 2547 525 2608 docent
547 2550 631 2609 Lesa.
660 2549 692 2608 in
714 2549 800 2608 Arare.
833 2545 866 2609 V.
887 2549 1103 2612 duramentum,

320 2633 387 2696 Cas.
408 2637 428 2694 4
453 2637 485 2696 04
507 2634 626 2713 Burgh.
652 2641 726 2696 cent.
750 2637 779 2710 3,
806 2633 873 2696 Cas.
896 2639 946 2711 82,
969 2634 1021 2714 qui
1037 2639 1108 2712 post

319 2725 513 2782 contractum
528 2722 623 2781 etiam
633 2721 773 2801 juratum
789 2722 924 2784 advertit
942 2741 975 2782 se
996 2722 1108 2799 decep-

320 2813 387 2870 tum
410 2827 478 2870 esse
501 2810 582 2887 plus,
615 2827 710 2890 quam
736 2809 878 2886 dimidie,
911 2828 982 2869 euni
1007 2809 1107 2888 jurari

320 2915 412 2976 posse
437 2900 468 2959 et
496 2897 610 2984 debere
626 2893 818 2958 'reducendo
846 2901 1041 2959 contractum
1068 2894 1108 2954 ed

321 2984 542 3063 aequalitatem,
569 2985 642 3064 quia
666 2985 724 3045 fuit
748 3004 835 3046 error
862 2985 893 3045 in
919 2983 1105 3059 substantia,

322 3091 425 3152 neque
441 3073 599 3134 consensit
612 3073 644 3132 in
658 3073 752 3135 talem
767 3077 924 3135 eventum.

252 3191 296 3235 ’,ῃ
362 3162 422 3239 §3
438 3163 455 3223 J
460 3165 668 3236 uramentum,
685 3160 808 3222 etiamsi
824 3162 916 3222 cadat
929 3181 1025 3241 super
1039 3179 1111 3223 con-

322 3252 456 3311 tractum
471 3248 563 3326 plane
574 3247 706 3324 irritum,
717 3266 851 3328 eumque
862 3266 924 3309 000
935 3251 1108 3326 confirmet,

322 3341 428 3398 tamen
443 3334 561 3412 obligat
571 3335 602 3394 in
617 3335 818 3412 conscientia,
834 3336 859 3395 si
875 3337 991 3398 servari
1014 3337 1111 3415 possit

323 3424 390 3484 sine
404 3429 544 3500 peccato,
563 3423 644 3483 Suar
657 3422 767 3503 dejar.
785 3423 805 3484 l.
826 3429 854 3498 9,
870 3443 895 3484 c.
911 3429 964 3498 ⁶23;
992 3426 1107 3488 Sanclr.

323 3509 345 3572 l.
363 3513 391 3584 3,
404 3527 428 3570 c.
445 3513 475 3585 9,
494 3527 525 3571 n.
543 3512 595 3580 l9;
612 3511 684 3570 Mel.
701 3510 731 3571 d.
750 3513 823 3584 149;
837 3513 952 3573 Benac.
969 3513 1004 3573 de
1016 3521 1109 3574 contr.

325 3596 354 3658 d.
373 3599 402 3674 3,
418 3617 448 3678 q.
467 3600 537 3676 l,p.
557 3599 585 3672 l,
601 3615 631 3657 a.
648 3601 684 3670 Ἲς
702 3600 786 3659 Less.
805 3599 824 3658 l.
844 3602 872 3674 3,
897 3618 922 3660 c.
940 3603 988 3676 17,
1009 3619 1038 3661 n.
1055 3603 1110 3672 4ος

326 3689 406 3747 000.
423 3683 452 3744 d.
470 3688 518 3758 ll,
534 3701 565 3742 a.
582 3687 630 3744 55.
649 3685 688 3745 Et
710 3685 844 3746 habetur
866 3705 1011 3765 expresse
1038 3688 1110 3768 Cap.

327 3772 476 3848 Quamvis,
493 3771 537 3832 De
548 3772 641 3851 pactis
655 3773 688 3831 r'n
701 3776 730 3848 6,
749 3773 824 3834 item
838 3774 910 3854 Cap.
922 3779 951 3852 6,
964 3775 1115 3836 Debitorer

326 3863 399 3941 Cep.
426 3862 474 3936 l8,
502 3858 616 3932 000040
636 3857 711 3939 Cap.
732 3863 782 3921 98.
808 3862 881 3921 Cum
896 3863 1054 3942 eontinpat.
1071 3862 1115 3922 De

324 3947 525 4030 jar·ejar.‚ubi
539 3963 664 4024 semper
676 3948 818 4008 redditur
831 3949 921 4025 ratio,
939 3950 1013 4029 quia
1035 3950 1114 4030 ejus-

327 4035 412 4098 modi
424 4033 675 4114 juramentanon
690 4041 825 4114 vergunt
840 4037 870 4096 in
886 4041 1010 4098 aeternae
1034 4039 1114 4098 salu·

329 4125 368 4186 tis
384 4122 593 4199 dispendium.
609 4121 696 4182 Idem
711 4122 846 4184 habetur
859 4123 880 4184 l.
900 4128 927 4201 l,
944 4133 971 4184 et
983 4125 1113 4186 authent.

330 4211 402 4274 Cod.
420 4209 457 4270 Si
470 4208 603 4269 aduersus
617 4207 821 4270 uenditionem.
836 4211 924 4272 ilatio
936 4216 1040 4272 eutem
1056 4216 1112 4288 est,

329 4299 404 4380 quia
426 4297 469 4358 sic
492 4296 629 4376 postulat
650 4299 827 4359 reverentia
849 4299 956 4360 debita
969 4303 1045 4377 Dee,
1062 4300 1116 4378 qui

329 4391 460 4449 vocatur
474 4383 505 4444 in
520 4387 641 4460 testem,
658 4385 799 4446 acvrluti
810 4385 1026 4465 fidejussorem
1037 4387 1116 4467 ejus-

328 4474 415 4538 modi
431 4476 608 4534 coutractus
623 4471 779 4532 servandi.
797 4471 836 4532 Si
847 4471 937 4550 dices,
956 4475 1039 4554 quod
1064 4491 1117 4536 ac-

242 4633 245 4638 ,
330 4561 500 4624 cessarium
515 4560 603 4639 sequi
627 4560 741 4620 debeat
763 4561 934 4640 principale
957 4568 989 4624 et
1011 4581 1117 4624 conse-

331 4653 464 4730 quenter
477 4648 503 4709 si
518 4653 696 4708 contractus
719 4647 759 4709 sit
781 4647 897 4724 irrituS,
921 4650 1015 4709 etiam
1032 4651 1118 4730 jura-

329 4741 472 4801 mentum
486 4737 529 4797 illi
545 4735 701 4815 adjectum
716 4737 782 4796 lore
799 4737 935 4810 irritum;
960 4741 996 4800 R.
1025 4741 1115 4800 Suar.

1158 2293 1222 2360 tua,
1239 2285 1311 2346 licet
1325 2285 1461 2346 creditor
1476 2303 1536 2346 non
1553 2289 1674 2364 urgeat.
1692 2287 1739 2347 lta
1753 2285 1818 2347 ille.

1199 2375 1259 2452 §d
1286 2373 1317 2435 Si
1342 2372 1404 2434 tale
1424 2372 1640 2454 juramentum
1662 2374 1703 2434 sit
1726 2374 1767 2450 vi,
1790 2379 1880 2436 met-u
1901 2375 1948 2433 cut
1977 2403 1993 2454 q

1160 2461 1231 2522 dolo
1256 2463 1429 2535 extortum,
1456 2459 1531 2521 Silv.
1557 2459 1674 2538 aliique
1696 2463 1732 2536 8,
1758 2479 1833 2522 cum
1857 2461 1948 2522 Diana

1158 2569 1189 2631 p.
1200 2553 1229 2626 4,
1241 2559 1263 2609 t.
1277 2551 1314 2620 4;
1331 2547 1428 2608 Iterat.
1444 2551 1483 2612 28
1497 2555 1562 2627 etp.
1580 2549 1610 2624 8,
1623 2555 1644 2609 t.
1660 2553 1691 2624 ’1,
1705 2547 1769 2610 Res.
1781 2553 1834 2626 57,
1851 2549 1949 2610 dicunt

1162 2652 1223 2696 nen
1247 2633 1399 2713 obligare,
1418 2635 1492 2714 quia
1509 2634 1595 2713 leges
1614 2636 1779 2696 Canonicae
1797 2655 1896 2714 supra
1912 2633 1950 2694 ci·
1992 2687 1993 2692 ,

1161 2727 1234 2786 tatae
1249 2723 1370 2784 addunt
1385 2723 1466 2784 hanc
1486 2724 1714 2802 exceptionem,
1737 2723 1794 2784 nisi
1809 2725 1856 2802 vi,
1872 2727 1949 2784 metu
1992 2747 1993 2790 ς

1163 2818 1218 2875 aut
1233 2813 1303 2874 dolo
1328 2811 1368 2874 sit
1386 2811 1522 2885 iactum3
1540 2831 1635 2891 quam
1650 2814 1841 2875 sententiam
1863 2815 1946 2874 Sene

1162 2919 1226 2982 cap.
1244 2902 1272 2976 l,
1289 2919 1369 2959 num.
1382 2899 1401 2960 8
1416 2907 1444 2959 et
1457 2917 1521 2978 cop.
1540 2902 1588 2976 ll,
1604 2919 1634 2960 a.
1653 2903 1701 2962 19.
1720 2901 1804 2961 Lesa.
1823 2920 1889 2980 cup.
1904 2901 1946 2972 49,
1992 2933 1993 2938 1

1163 3007 1193 3048 n.
1212 2991 1266 3064 19,
1287 2989 1429 3064 Castrop.
1456 2986 1488 3047 d.
1510 2991 1540 3062 8,
1556 3005 1590 3066 p.
1608 2991 1638 3054 7,
1658 2988 1677 3066 ᾖ
1696 2989 1726 3063 3,
1742 3008 1774 3048 a.
1797 2993 1829 3064 3,
1853 2989 1950 3048 dicunt

1165 3093 1232 3136 csse
1264 3073 1479 3154 probabilem,
1518 3074 1574 3134 sed
1606 3075 1803 3152 probabilius
1837 3075 1949 3136 videtur

1166 3163 1268 3224 adhuc
1283 3161 1433 3240 obligare,
1450 3159 1525 3240 quia
1537 3179 1563 3222 e.
1581 3165 1610 3223 8.
1628 3161 1668 3223 Si
1679 3181 1758 3224 aera.
1770 3163 1947 3246 Dejrrrq'cr.

1166 3251 1254 3314 Alex.
1270 3250 1311 3311 lll
1325 3249 1536 3328 interrogatus
1555 3250 1594 3310 de
1610 3249 1794 3330 juramento
1814 3271 1871 3330 per
1887 3267 1948 3328 gra-

1166 3336 1328 3399 vissimum
1355 3340 1474 3398 metum
1502 3341 1641 3414 extorta,
1667 3338 1773 3399 adbuc
1795 3339 1871 3400 dicit
1891 3353 1948 3396 essa

1166 3423 1355 3485 serrandum
1373 3442 1379 3484 :
1397 3423 1470 3483 hinc
1485 3441 1543 3500 per
1556 3423 1772 3501 exceptionem
1789 3425 1884 3499 illam,
1900 3420 1949 3482 nisi
1991 3459 1993 3494 3

1166 3511 1283 3572 fuctum
1298 3510 1338 3570 sit
1352 3511 1393 3586 vi,
1409 3514 1496 3571 metu
1511 3515 1567 3570 aut
1580 3510 1668 3586 dola,
1690 3511 1819 3572 videtur
1841 3515 1949 3573 tantun

1166 3597 1345 3677 significari,
1363 3598 1446 3677 quod
1467 3597 1498 3656 in
1522 3597 1572 3658 his
1596 3599 1720 3660 casibus
1741 3617 1806 3659 non
1830 3601 1870 3660 sit
1888 3615 1948 3658 con·

1167 3691 1253 3748 stans
1272 3685 1431 3764 obligatio,
1456 3703 1493 3747 ec
1519 3686 1604 3766 quod
1627 3686 1666 3746 sit
1685 3685 1772 3765 justa
1792 3703 1886 3748 causa
1906 3701 1948 3762 pe

1168 3772 1252 3836 tendi
1273 3773 1507 3849 relaxationem,
1529 3777 1585 3834 aut
1607 3773 1770 3852 repetendi
1790 3767 1946 3850 adaquat

1168 3880 1226 3941 per
1245 3864 1498 3921 momentaneam
1526 3861 1715 3922 solutionem
1737 3862 1834 3924 scierit
1854 3861 1947 3921 datum

1169 3949 1392 4029 catadupa,
1413 3948 1448 4009 de
1464 3949 1596 4032 jarejcr.
1618 3949 1734 4011 dicitur
1758 3967 1828 4011 esse
1847 3947 1948 4026 abligu-
1992 3981 1993 3984 =

1168 4039 1286 4101 tionem
1306 4037 1446 4098 solvendi
1471 4053 1593 4112 usuras,
1610 4037 1636 4096 01
1660 4037 1730 4118 quis
1750 4036 1902 4118 juraverit
1920 4051 1946 4092 sc
1992 4063 1993 4096 1

1170 4127 1355 4202 soluturum,
1364 4125 1449 4205 qued
1463 4126 1580 4188 Dicast.
1590 4125 1751 4206 dejurare.
1763 4125 1794 4186 d.
1805 4129 1835 4194 3,
1847 4145 1875 4187 n.
1887 4125 1943 4196 916,
1992 4195 1993 4200 ¹

1170 4216 1269 4276 citans
1284 4214 1434 4293 plurimes
1455 4214 1532 4274 alios
1551 4214 1627 4276 dicit
1645 4233 1713 4275 esse
1738 4213 1943 4284 certissimum,
1991 4211 1993 4214 ’

1170 4301 1201 4363 10
1217 4303 1289 4382 jure
1305 4307 1408 4363 temen
1428 4301 1584 4363 canonice
1609 4301 1737 4363 additur
1758 4319 1852 4381 passe
1873 4315 1947 4376 repe·
1991 4355 1993 4360 .

1171 4393 1248 4465 tere,
1270 4389 1503 4468 quamprimum
1521 4389 1650 4450 solverit
1669 4393 1700 4450 et
1721 4390 1895 4451 usurarium
1910 4391 1946 4445 te
1992 4409 1993 4428 r

1171 4477 1238 4539 neri
1253 4477 1432 4549 restituere;
1453 4480 1548 4556 atque
1570 4477 1654 4537 idem
1673 4481 1731 4553 est,
1752 4479 1779 4538 si
1798 4473 1903 4557 jurasti
1923 4475 1945 4531 la

1172 4563 1290 4644 aliquid
1322 4565 1470 4625 daturum
1501 4565 1631 4641 latroni,
1667 4568 1703 4625 ut
1734 4567 1832 4626 eliam
1853 4561 1946 4625 decent
1992 4611 1993 4618 ,

1172 4656 1257 4714 Lesa.
1274 4669 1303 4712 a.
1330 4653 1379 4727 61,
1396 4651 1468 4712 14101.
1490 4649 1519 4710 d.
1546 4654 1615 4726 149,
1632 4653 1711 4730 Lug.
1728 4649 1756 4711 d
1777 4653 1827 4730 23,
1847 4671 1874 4712 n.
1889 4648 1943 4708 aa

1173 4743 1253 4801 Onn.
1269 4758 1299 4798 n.
1316 4741 1366 4798 44.

330 4845 356 4889 e.
372 4830 402 4902 9,
418 4843 449 4886 a.
466 4827 496 4901 6,
513 4841 575 4884 000
586 4823 687 4904 jurari
702 4829 907 4901 contractum,
924 4826 979 4886 sed
994 4827 1119 4888 solutio·
1212 4828 1230 4904 ἓ
1244 4829 1272 4887 5.
1289 4827 1508 4888 duramentum
1527 4825 1643 4890 cadens
1661 4843 1759 4904 supra
1773 4825 1945 4888 contractum
1970 4843 1993 4914 ,p

332 4931 415 4989 nem,
430 4931 485 4972 seu
502 4911 710 4988 expletionem
736 4916 913 4973 contractus
939 4918 970 4974 et
992 4915 1119 4992 quidem
1174 4919 1283 4977 centra
1296 4913 1396 4974 bonos
1414 4929 1529 4988 mores,
1547 4911 1598 4992 qui
1618 4929 1733 4991 nempe
1752 4914 1820 4974 sine
1838 4909 1943 4991 petetm
1991 4919 1993 4982 ξ

331 4999 556 5080 principaliter,
572 4998 705 5076 ideoque
716 4999 931 5077 juramentum
955 5001 986 5061 in
1011 5001 1119 5061 ordine
1175 5001 1333 5064 observari
1354 5019 1415 5062 000
1435 5005 1539 5078 potest
1556 5019 1618 5060 000
1634 5001 1765 5080 obligat,
1781 5001 1855 5081 quia
1872 5003 1944 5055 n0ffl⁰
1991 4995 1993 5066 ἶ

332 5089 372 5150 ad
383 5087 593 5148 inducendam
608 5087 829 5165 obligationem
853 5089 1012 5167 religionis
1037 5089 1121 5149 circa
1175 5087 1944 5168 00400404000004010010113001,0001000064·
1991 5105 1993 5168 l

332 5176 491 5256 abjectum
518 5177 696 5235 contractus
725 5193 786 5235 nen
808 5193 875 5235 essa
899 5175 1118 5251 accessorium,
1174 5185 1242 5237 tum
1271 5180 1318 5238 est
1351 5176 1511 5236 vinculum
1547 5175 1742 5254 iniquitatis;
1782 5175 1853 5234 hine
1882 5169 1941 5242 1144·
1992 5175 1993 5182 ’

333 5264 387 5324 sed
403 5263 584 5342 principale.
603 5262 765 5338 Saddato,
783 5263 977 5342 quodetiam
997 5262 1122 5341 juretur
1172 5261 1252 5344 juris
1280 5265 1310 5340 8,
1340 5263 1372 5322 10
1398 5265 1429 5337 6,
1459 5260 1535 5324 dicit
1560 5281 1567 5323 :
1591 5262 1661 5324 Non
1687 5271 1731 5323 est
1760 5253 1943 5342 antipatrem
1991 5305 1993 5342 3

333 5355 522 5426 contractus,
538 5369 647 5411 veram
662 5365 724 5409 000
739 5354 795 5424 004,
814 5351 897 5429 quod
912 5351 1121 5412 accessorium
1176 5360 1277 5412 eontra
1311 5350 1396 5411 tonos
1426 5369 1519 5412 mores
1552 5351 1724 5432 praestitam
1759 5351 1941 5433 jecenam·
1991 5343 1993 5400 ἶ

334 5455 459 5518 semper
484 5443 634 5518 sequatur
660 5436 831 5526 principale
859 5437 1031 5500 secundam
1060 5437 1122 5508 vim
1176 5440 1266 5510 Unde
1294 5455 1356 5502 000
1379 5437 1497 5520 obligat
1515 5437 1732 5522 juramentum
1758 5439 1870 5505 aarum
1887 5443 1943 5496 ⁰⁰³·
1991 5459 1993 5530 j
