4086 6348
311 571 368 634 724

314 753 602 820 nariosvideWad.
619 772 649 814 a.
666 753 704 814 lt
718 750 749 812 et
763 749 851 812 Delb.
868 767 933 812 ress.
949 750 978 809 l.
996 745 1106 820 Quoad

313 847 466 928 pretiosas
481 843 639 925 reliquias,
654 862 684 904 u.
701 861 732 922 g.
747 839 870 920 spinam
885 856 1008 901 coronae
1022 835 1107 899 Chri·

313 936 364 1013 sti,
380 938 470 1017 putat
482 934 631 1001 Delbene,
649 931 709 993 dec.
728 934 756 1008 l,
773 950 804 991 o.
820 932 870 1005 52,
884 923 939 989 ‘bic
953 946 1015 988 non
1035 943 1108 1005 pro·

314 1023 416 1086 hiberi
427 1041 541 1090 ,earum
554 1020 774 1082 alienationem
787 1038 794 1091 ;
816 1018 890 1097 quia
904 1033 1006 1078 sermo
1021 1012 1109 1073 vide-

313 1118 366 1176 tur
377 1115 578 1174 essetantum
589 1109 732 1170 derebus
745 1107 844 1186 pretio
856 1104 1106 1175 aestimabilibus;

313 1203 370 1265 sed
385 1200 572 1264 contradicit
586 1201 726 1278 Castrcp.
745 1207 767 1259 t.
783 1199 831 1274 m,
846 1215 878 1278 p.
894 1199 943 1273 l5,
960 1196 1019 1274 gl,
1033 1213 1063 1253 a.
1078 1194 1108 1267 8,

314 1310 387 1353 cum
411 1290 496 1353 Ricc.
522 1288 596 1370 quia
618 1293 692 1350 sunt
712 1305 809 1367 supra
831 1304 924 1348 omne
948 1282 1109 1364 pretium:

314 1396 389 1460 ergo
406 1377 526 1442 censeri
546 1377 663 1440 debent
683 1375 812 1438 mobilia
833 1375 903 1455 plus
924 1390 1018 1455 quam
1034 1388 1112 1452 prat-

313 1469 394 1533 tiosa
410 1469 432 1532 ¹.

345 1677 356 1720 l
375 1664 413 1716 Ne
426 1664 476 1729 ipsi
494 1661 594 1730 quidem
617 1660 796 1727 beneficiorum
816 1661 916 1725 fractus
932 1657 1041 1708 alienari
1054 1669 1112 1706 oos-

314 1739 382 1798 roat,
391 1735 436 1786 arrd
443 1737 570 1801 pretenta
579 1734 684 1785 cedendi
697 1732 866 1793 commodam,
876 1745 921 1781 reu
930 1729 1062 1780 utilitatem
1072 1741 1113 1776 co-

315 1807 430 1858 rumdem
438 1805 670 1872 percipiendorum.
681 1807 772 1856 amm
782 1803 828 1854 boc
837 1803 868 1855 dc
875 1817 904 1853 re
912 1800 1051 1866 singularia
1067 1801 1114 1849 Br-

316 1876 410 1928 aedr'cb'
425 1877 490 1928 er
501 1876 663 1938 eameram,
679 1889 755 1940 qaam
769 1873 807 1924 lu'c
821 1873 917 1922 reddo:

466 2055 713 2119 BENEDICTUS
732 2053 958 2117 EPISCOPUS.

532 2179 646 2226 saevus
661 2177 822 2226 saavoaun
837 2177 900 2222 nar.

437 2279 486 2342 Ad
517 2289 690 2363 perpetuum
728 2281 773 2342 rei
809 2276 993 2340 memoriam.

364 2429 580 2493 uUniversalis
601 2429 749 2491 Ecclesia
770 2447 857 2506 cura,
876 2446 972 2510 quam
993 2427 1117 2490 inscru-

323 2518 426 2582 tabilis
439 2519 557 2580 Divina
573 2518 754 2598 Sapientia,
776 2522 870 2597 atque
885 2515 1034 2579 bonitatis
1048 2515 1119 2577 alti-

325 2607 400 2670 tudo
411 2606 579 2668 humilitati
591 2611 705 2667 nostra
716 2606 910 2668 committere
920 2604 1050 2684 dignata
1059 2609 1116 2681 est,

324 2697 406 2758 inter
432 2698 561 2756 caeteras
589 2694 812 2757 sollicitudines
840 2693 936 2774 exigit
965 2693 1058 2755 etiam
1082 2711 1119 2754 ae

320 2785 468 2865 postulat,
488 2789 522 2846 ut
541 2783 707 2863 diligenter
726 2783 935 2862 invigilemus,
953 2801 992 2842 ne
1007 2781 1118 2843 Clerici

319 2870 544 2934 Ecclesiasticis
558 2869 737 2947 Beneficiis,
758 2888 828 2950 quae
847 2889 863 2930 e
878 2869 1000 2932 liberali
1016 2871 1121 2931 Eccle-

321 2959 375 3022 siae
383 2976 479 3019 manu
489 2962 691 3036 acceperunt,
704 2958 881 3034 abutentes,
894 2974 1010 3018 eorum
1019 2956 1122 3017 reddi·

319 3052 371 3110 tus
384 3065 447 3108 non
461 3046 528 3107 sine
542 3047 676 3108 aliorum
688 3047 827 3108 fidelium
843 3046 1000 3108 scandalo
1017 3045 1122 3107 incon-

320 3136 403 3198 sulta
423 3135 642 3215 prodigalitate
666 3134 866 3214 disperdant,
894 3133 950 3196 sed
970 3138 1123 3215 tanquam

320 3225 395 3289 boni
405 3224 634 3304 dispensatores
647 3223 692 3286 ita
705 3223 944 3301 administrent,
961 3227 996 3285 ut
1010 3228 1041 3284 et
1050 3223 1122 3284 vitae

322 3331 386 3377 suae
405 3312 581 3374 necessaria
599 3311 793 3392 provideant
814 3315 845 3374 et
866 3330 1042 3394 pauperum
1055 3311 1123 3372 ino-

321 3403 381 3483 piae
396 3407 427 3464 et
438 3402 650 3463 Ecclesiarum
664 3401 909 3463 necessitatibus
923 3403 1120 3462 succurrant.

362 3513 376 3550 o
396 3491 538 3552 Relatum
561 3493 608 3551 est
628 3489 669 3549 ad
692 3507 787 3550 aures
814 3493 948 3566 nostras,
967 3489 1123 3569 quosdam

322 3579 457 3643 Clerieos
479 3576 703 3647 Ecclesiastieis
725 3577 893 3638 beneficiis
917 3596 990 3638 cum
1014 3596 1120 3654 onere,

323 3669 374 3730 vel
387 3667 454 3729 siae
468 3685 563 3728 onere
577 3665 754 3728 residentia
770 3667 914 3745 provisos
928 3666 1074 3746 turpibus
1089 3671 1124 3728 ut

324 3755 495 3835 plurimum
510 3772 548 3814 ex
561 3753 665 3814 causis
680 3752 842 3833 impulsos,
860 3773 980 3816 annuos
996 3771 1124 3816 eorum·

326 3844 399 3905 dem
413 3842 641 3904 Beneficiorum
656 3841 807 3918 redditus,
833 3859 912 3921 quos
926 3841 1026 3903 donee
1039 3842 1124 3903 vive-

325 3936 405 4008 rent,
421 3930 587 4010 percipere
610 3933 749 4009 possent,
775 3929 866 3991 unico
891 3935 963 3992 actu
987 3931 1123 3992 alienare

325 4021 385 4094 sub
400 4019 525 4082 nomine
546 4018 679 4080 cedendi
705 4018 917 4096 commodum,
940 4037 996 4080 seu
1011 4019 1125 4081 utilita-

327 4115 393 4175 tem
406 4107 600 4189 percipiendi
619 4107 740 4170 lructus
756 4109 942 4169 eorumdem
955 4108 1125 4170 Beneficio·

962 549 1078 622 LlBER
1099 547 1298 633 QUARTUS.

1160 741 1377 806 Ecclesiastico
1392 737 1501 804 Cadini
1515 737 1649 801 inuritur
1668 737 1700 801 ot
1713 753 1812 817 grave
1827 728 1953 816 reliquis

1161 833 1309 894 fidelibus
1332 831 1518 892 scandalum
1540 831 1721 908 generatur,
1755 824 1832 888 dum
1853 825 1956 886 vident

1163 920 1400 984 Ecclesiasticas
1419 916 1579 998 pecuniae,
1606 931 1678 995 quae
1702 915 1777 976 sunt
1798 917 1869 975 vcta
1882 911 1957 973 iide-

1162 1011 1251 1088 lium,
1275 1010 1359 1072 bona
1383 1025 1570 1089 pauperum,
1596 1001 1823 1084 patrimonium
1836 1000 1954 1078 Christi,

1164 1099 1196 1160 in
1220 1115 1335 1178 pravos
1352 1115 1427 1158 usus
1441 1095 1568 1172 insumi,
1593 1093 1643 1154 vel
1658 1091 1836 1172 improvida
1854 1089 1926 1170 prol
1942 1122 1958 1135 -

1165 1188 1252 1252 sione
1264 1187 1421 1266 dissipari,
1434 1204 1504 1266 quae
1514 1184 1555 1246 ab
1565 1181 1958 1260 Ecclesiasticis,tanquam

1165 1275 1272 1357 probis
1287 1273 1570 1354 dispensatoribus,
1585 1271 1617 1332 in
1631 1271 1774 1333 solamen
1787 1285 1959 1349 pauperum

1167 1369 1198 1429 et
1211 1363 1425 1427 Ecclesiarum
1440 1360 1701 1425 restaurationem
1714 1355 1856 1437 impendi
1871 1353 1959 1417 debe·

1166 1456 1248 1516 rent.
1278 1454 1437 1513 Praeterea
1465 1467 1547 1529 saepe
1578 1446 1761 1529 hujusmodi
1791 1444 1898 1506 Clerici
1921 1441 1960 1504 ad

1167 1559 1323 1629 summam
1336 1539 1523 1619 rediguntur
1544 1539 1716 1616 egestatem
1740 1538 1773 1595 et
1795 1537 1831 1595 ut
1850 1551 1883 1594 se
1896 1551 1962 1594 sus·

1167 1635 1291 1692 tentare
1304 1627 1436 1708 possint,
1448 1627 1498 1688 vel
1514 1625 1662 1686 indecore
1676 1641 1741 1684 non
1755 1621 1824 1683 sine
1838 1619 1962 1682 infamia

1169 1711 1962 1797 Clericalisgradusmendicant,velindignisquaes·

1168 1808 1252 1871 tibus
1273 1811 1305 1869 et
1326 1806 1460 1886 negotiis
1474 1823 1604 1886 operam
1617 1803 1779 1883 praebent3
1794 1799 1963 1864 Ecclesiam

1169 1890 1963 1971 autemetEeclesiasticasresquodammodoaver-

1170 1991 1289 2064 eantur,
1315 1985 1405 2068 quasi
1427 1983 1529 2046 fraudi
1553 1981 1711 2056 mercede,
1736 1980 1787 2042 vel
1807 1976 1963 2057 stipendiis

1171 2073 1246 2152 suis,
1272 2091 1342 2154 quae
1367 2072 1482 2133 nullius
1505 2071 1609 2150 culpa,
1634 2066 1691 2130 sed
1714 2066 1819 2130 solum
1838 2064 1912 2127 vitio
1935 2067 1964 2124 et

1170 2160 1298 2242 flagitiis
1326 2159 1391 2222 suis
1426 2159 1611 2221 amiserunt.
1645 2155 1720 2218 Ideo
1751 2152 1966 2218 Ecclesiastico

1170 2244 1964 2329 munera,velnunquam,velnegligenterobeunt,

1173 2339 1319 2402 Divinam
1336 2338 1556 2418 psalmodiam,
1582 2337 1608 2398 si
1631 2335 1672 2396 ad
1698 2353 1769 2396 eam
1791 2333 1823 2394 in
1838 2331 1966 2413 publicis

1172 2428 1320 2493 Ecclesiis
1330 2427 1452 2490 ratione
1465 2444 1594 2490 suorum
1605 2422 1835 2487 Beneficiorum
1845 2425 1967 2485 tenean-

1171 2522 1234 2596 tur,
1247 2517 1428 2597 frequenter
1441 2515 1598 2591 omittunt,
1614 2513 1663 2575 vel
1676 2512 1847 2575 oscitanter
1855 2509 1968 2592 persol-

1172 2609 1262 2680 vunt,
1277 2603 1523 2680 Ecclesiasticus,
1551 2605 1650 2664 coetus
1674 2618 1738 2662 non
1756 2599 1965 2681 frequentant,

1175 2694 1353 2756 animarum
1376 2692 1509 2754 salutem
1531 2708 1594 2753 non
1608 2690 1731 2766 curant,
1755 2687 1868 2750 Divina
1887 2683 1967 2748 iasti-

1175 2783 1276 2860 diunt,
1291 2781 1432 2843 humana
1443 2783 1613 2841 sectantur.

1215 2893 1229 2930 a
1249 2871 1396 2933 volentes
1410 2870 1506 2949 igitur
1519 2868 1602 2931 hanc
1615 2867 1795 2947 improbam
1809 2868 1967 2929 consueta·

1177 2960 1284 3024 dinem
1298 2963 1329 3022 et
1343 2976 1406 3020 non
1426 2958 1589 3020 ferendam
1611 2956 1812 3036 pravitatem,
1828 2971 1892 3036 qua
1911 2971 1969 3014 non

1177 3047 1379 3109 mediocriter
1398 3045 1556 3109 Clericalis
1579 3045 1700 3108 ordinis
1722 3045 1809 3106 fama
1822 3042 1969 3104 minuitur

1177 3141 1208 3200 et
1223 3137 1324 3198 honor
1340 3137 1552 3212 conculcatur,
1575 3133 1723 3197 Ecclesia
1744 3137 1853 3195 autem
1867 3129 1968 3193 debito

1177 3225 1316 3303 servitio,
1333 3243 1488 3305 pauperes
1499 3222 1694 3303 ,opportunis
1714 3219 1864 3283 subsidiis
1879 3223 1913 3280 et
1925 3235 1970 3280 sa·

1177 3334 1238 3378 erae
1253 3315 1337 3376 ades
1355 3312 1540 3375 necessariis
1563 3309 1815 3392 reparationibus
1836 3311 1869 3370 et
1881 3323 1971 3369 orna-

1176 3403 1292 3464 mentis
1306 3401 1502 3473 lraudantur,
1519 3399 1644 3479 penitus
1659 3398 1786 3461 abolere
1801 3401 1889 3458 motu
1907 3411 1970 3476 pro

1176 3493 1244 3573 prio
1259 3510 1296 3554 ac
1311 3493 1398 3552 certe
1412 3488 1543 3551 scientia
1562 3491 1594 3550 et
1608 3493 1732 3549 matura
1746 3485 1971 3548 deliberatione

1177 3581 1302 3658 nostris,
1327 3579 1431 3659 deque
1446 3576 1634 3657 apostolicae
1657 3575 1822 3659 potestatis
1842 3571 1971 3652 plenitu-

1178 3670 1251 3732 dine
1274 3667 1420 3730 omnibus
1446 3665 1573 3728 Clericis
1598 3682 1787 3747 quacunque
1808 3661 1970 3741 dignitate,

1177 3756 1427 3840 praeeminentia,
1447 3755 1567 3816 honore
1589 3757 1620 3816 et
1633 3752 1798 3832 privilegio
1821 3747 1973 3828 insignitis

1177 3844 1393 3907 interdicimus
1406 3849 1438 3906 ct
1447 3841 1663 3924 probibemus,
1676 3859 1716 3902 ne
1725 3840 1758 3901 in
1770 3840 1799 3900 in
1814 3845 1973 3919 posterum

1178 3933 1316 3997 audeant
1338 3933 1396 3994 sub
1419 3931 1546 3993 nomine
1571 3928 1730 3992 alienandi
1755 3927 1926 3990 utilitatem
1946 3929 1973 3985 et

1178 4021 1380 4084 commodum
1390 4019 1584 4101 percipiendi
1595 4018 1726 4096 fruetus,
1736 4017 1787 4080 vel
1796 4015 1858 4079 alio
1867 4013 1974 4098 quovis

1179 4110 1281 4187 titulo,
1304 4113 1458 4189 praetextu
1473 4113 1505 4170 et
1522 4109 1626 4170 colore
1640 4107 1790 4182 vendere,
1815 4123 1853 4166 ac
1867 4103 1973 4166 cisoa

328 4215 417 4275 rum,
443 4213 521 4278 quos
544 4195 645 4272 alteri,
672 4196 777 4277 quoad
800 4195 945 4272 vixerint,
971 4196 1124 4273 vendunt,
1180 4198 1256 4260 bere
1270 4194 1822 4275 suorumrespectiveBeneficiorum
1835 4191 1975 4255 redditus

326 4288 455 4364 recepta
468 4282 604 4362 pecunia
616 4281 658 4343 ad
673 4300 745 4342 eam
759 4300 915 4344 summam
928 4287 959 4344 et
972 4282 1126 4362 quantita·
1181 4291 1213 4348 et
1225 4289 1409 4366 proventus,
1423 4285 1472 4345 vel
1487 4284 1646 4360 advitam,
1658 4282 1707 4344 vel
1719 4281 1752 4344 in
1761 4282 1893 4361 longum
1902 4284 1974 4342 tem

328 4379 404 4450 tem,
421 4389 518 4472 quam
537 4371 607 4450 ipsi,
633 4370 742 4432 habita
765 4370 886 4432 ratione
903 4389 1013 4432 eorum
1027 4370 1127 4432 aetatis
1182 4393 1253 4456 pus,
1270 4379 1397 4454 recepta
1410 4375 1451 4436 ab
1461 4375 1610 4453 Emptore
1621 4391 1676 4452 per
1688 4389 1796 4449 unam,
1808 4371 1861 4432 vel
1875 4371 1974 4450 plures

328 4467 360 4526 et
373 4479 514 4540 corporis
535 4458 738 4538 valetudinis
762 4459 896 4520 durante
911 4459 985 4534 vita,
1003 4459 1127 4520 verimi·
1182 4463 1351 4525 solutiones
1365 4463 1570 4543 pecuniarum
1590 4461 1784 4542 quantitate,
1807 4478 1905 4541 quam
1922 4455 1974 4536 ipsi

328 4549 425 4612 siliter
448 4547 597 4627 consequi
629 4547 831 4626 potuissent·
847 4549 925 4610 Cum
948 4551 1054 4609 autem
1077 4547 1127 4609 isti
1181 4551 1363 4614 Beneficieti
1391 4569 1448 4630 per
1477 4549 1619 4631 ejusdem
1647 4549 1811 4629 temporis,
1835 4548 1974 4612 volvite

328 4637 496 4719 improvidi
507 4636 618 4698 Clerici
634 4636 730 4698 instat
744 4636 829 4698 illius
844 4636 968 4716 prodigi
983 4635 1126 4697 filiifami-
1182 4639 1317 4719 spatium
1331 4638 1535 4718 probabiliter
1554 4637 1702 4719 consequi
1719 4637 1907 4716 potuissent,
1923 4631 1975 4696 sub

328 4729 397 4804 lies,
414 4726 452 4788 tle
475 4743 536 4805 quo
561 4725 591 4784 in
614 4725 787 4803 Evangelio
814 4725 1039 4803 scriptumest,
1056 4741 1128 4785 eum
1182 4745 1278 4806 poena
1301 4724 1631 4786 excommunicationis
1656 4729 1687 4786 et
1709 4723 1863 4786 nullitatis
1878 4729 1970 4797 actus,

329 4814 535 4878 substantiam
549 4831 639 4874 suam
659 4831 679 4873 a
701 4816 794 4874 Patre
825 4813 1007 4892 recepisset,
1030 4818 1128 4876 totam
1183 4814 1972 4885 seucontractusetomniumindecousecutorum,
2036 4833 2037 4876 l

329 4901 435 4965 statim
468 4900 699 4980 consumpsisse
732 4901 895 4962 luxuriose
929 4902 1064 4964 vivendo
1099 4905 1130 4963 et
1183 4904 1313 4984 aliisque
1328 4905 1429 4985 poenis
1445 4904 1579 4982 inilietis,
1601 4903 1792 4983 prescriptis
1814 4907 1846 4964 et
1860 4899 1975 4964 statutis

330 4989 455 5068 deinde,
467 4989 548 5051 lacta
559 4988 643 5049 lame
654 4988 773 5066 valida,
787 4995 932 5051 eoactum
943 5009 1011 5051 esse
1022 4989 1128 5050 vivere
1184 4999 1293 5055 contra
1308 4994 1481 5055 alienantes
1500 4994 1584 5055 bona
1599 4991 1761 5068 Ecclesiae,
1780 5010 1861 5072 quas
1876 5005 1976 5052 rursus

330 5077 369 5140 de
381 5077 500 5158 siliquis
518 5076 752 5139 immundorum
773 5077 982 5153 animalium3
1007 5077 1060 5157 pia
1073 5080 1129 5139 Ec·
1184 5082 1235 5142 hio
1258 5087 1367 5145 contra
1383 5082 1511 5144 eosdem
1534 5081 1670 5144 Clericos
1693 5079 1739 5140 sic
1760 5079 1975 5141 contrahentes

329 5167 432 5232 clesiae
447 5165 587 5228 subsidia
600 5170 632 5229 et
654 5165 898 5228 Ecclesiasticus
913 5170 1083 5244 proventus
1096 5164 1129 5225 in
1185 5187 1349 5248 renovare,
1374 5171 1555 5246 decernere,
1577 5187 1614 5230 ac
1628 5170 1766 5228 statuere
1790 5167 1975 5228 intendimus

330 5274 403 5319 suas
412 5253 581 5335 explendas
590 5254 777 5334 cupiditates
788 5253 934 5333 improbo
946 5252 1130 5334 hujusmodi
1188 5262 1220 5319 et
1229 5258 1382 5320 volumus.
1399 5260 1438 5319 Et
1448 5257 1575 5336 insuper
1585 5255 1626 5316 ad
1636 5254 1818 5316 uberiorem
1827 5253 1974 5316 cautelam

331 5350 492 5412 contractu
506 5343 718 5423 profundant3
745 5343 848 5404 multa
872 5342 947 5403 hinc
967 5349 998 5403 et
1021 5342 1133 5422 gravia
1186 5351 1217 5408 et
1233 5351 1386 5426 quatenus
1411 5365 1491 5426 opus
1505 5345 1555 5422 sit,
1580 5361 1689 5406 omnes
1703 5343 1887 5424 hujusmodi
1909 5359 1974 5403 oon-

330 5435 426 5512 mala,
437 5439 472 5496 ut
485 5431 754 5513 experientiaipsa
768 5435 973 5512 compertum
988 5435 1046 5508 cst,
1062 5448 1131 5492 eve·
1185 5439 1314 5511 tractus,
1331 5453 1409 5515 quos
1422 5434 1453 5495 in
1463 5431 1679 5494 futurumfieri
1692 5431 1871 5511 eontigerit,
1883 5435 1971 5505 mou,

332 5523 400 5590 aire
419 5523 531 5586 solent.
558 5525 636 5584 Nam
659 5521 798 5601 primum
825 5539 888 5582 non
911 5519 980 5583 leve
996 5519 1132 5582 dedecus
1188 5523 1329 5600 scientia,
1341 5520 1565 5585 deliberatione
1580 5525 1611 5582 et
1620 5522 1775 5600 potesate
1789 5519 1884 5582 simili
1895 5519 1971 5584 dam
