3992 6336
290 503 348 564 120
859 506 977 570 LIBER
997 505 1177 583 TERTIUS,
1201 505 1303 569 Pras
1324 506 1363 569 11.

291 690 350 753 soit
371 689 481 770 Titius,
506 691 563 753 sed
585 690 732 755 subducit
745 693 790 758 ito
811 697 1022 774 comparatus,
1048 697 1085 757 ut
1139 693 1215 755 dem
1228 694 1371 756 favorem
1399 692 1570 770 dimittere,
1587 691 1720 754 otiante
1740 689 1931 753 dictumest

292 780 436 859 quamvis
451 779 546 842 sciret
564 781 674 843 Gaium
697 801 760 843 non
776 783 963 859 consentire,
980 783 1084 844 adhuc
1179 781 1290 845 Instat.
1309 780 1654 861 looitotenefiriumnon
1667 776 1934 847 datur.utihabe-

292 865 492 944 subduceret,
504 867 536 928 in
551 867 611 929 hoc
627 886 700 929 casu
715 869 813 931 Titius
828 870 903 932 iacit
917 870 991 932 Gaio
1006 869 1085 950 inju-
1139 875 1191 935 tur
1213 873 1285 952 Κεφ.
1302 875 1352 948 96,
1368 869 1404 950 ff.
1421 870 1456 931 de
1476 869 1581 932 diuers.
1601 868 1703 951 Repo.
1727 865 1825 928 duris.
1841 869 1878 928 R.
1904 867 1933 928 Si

293 954 466 1034 riam,qnia
477 956 709 1018 hicoonsensus
720 957 934 1019 concomitans
946 957 1011 1019 Caii
1022 975 1084 1019 non
1139 959 1333 1023 beneficium
1347 960 1404 1020 fiat
1418 958 1548 1038 praecise
1563 957 1595 1018 in
1616 957 1758 1018 favorem
1772 953 1869 1030 illius,
1885 953 1934 1033 qui

294 1047 342 1106 est
364 1044 534 1106 efficaciter
561 1045 704 1106 effective
728 1045 866 1107 oessivus
885 1045 986 1125 juris,
1012 1064 1087 1106 nam
1142 1052 1191 1111 est
1214 1047 1344 1124 invitus,
1360 1049 1512 1123 transeat,
1529 1045 1555 1105 si
1578 1043 1609 1105 in
1631 1045 1773 1105 favorem
1788 1041 1932 1117 aliorum,

295 1150 361 1194 non
375 1133 454 1209 vult,
471 1137 506 1194 ut
524 1131 623 1195 Titius
646 1132 763 1195 habeat
786 1153 917 1194 aureum
937 1134 970 1194 in
993 1153 1087 1196 sensu
1142 1137 1257 1217 quibus
1271 1135 1364 1196 simul
1379 1134 1518 1215 prodest,
1536 1152 1567 1194 n.
1586 1150 1647 1194 ass.
1664 1131 1710 1193 sie
1729 1135 1838 1192 autem
1852 1129 1892 1191 sit
1905 1127 1933 1188 in

297 1221 471 1300 composito
492 1221 660 1298 volitionis,
677 1222 752 1301 quia
771 1222 870 1284 Titius
889 1223 974 1299 dicit,
992 1221 1087 1284 etiam
1142 1225 1245 1287 allatis
1260 1223 1396 1286 casibus.

299 1309 376 1372 Gaio
391 1327 454 1370 non
469 1308 682 1370 consentiente
701 1329 707 1370 :
724 1309 795 1370 volo
811 1309 928 1370 habere
943 1327 1086 1387 aureum,
1184 1313 1280 1396 Otjie.
1304 1317 1333 1375 2.
1357 1310 1476 1393 injurie
1488 1309 1582 1371 debet
1595 1307 1726 1389 physice
1740 1305 1843 1368 invito
1860 1303 1933 1382 fieri,
1958 1284 1979 1328 ¹⁸

295 1398 352 1459 sed
373 1401 496 1460 tantum
515 1399 593 1474 vult,
612 1402 647 1460 ut
665 1398 782 1460 habeut
799 1417 838 1460 ex
856 1417 1010 1460 consensu
1031 1417 1087 1461 suo
1143 1403 1293 1483 importat
1316 1401 1399 1464 enim
1429 1401 1585 1462 actionem
1609 1401 1721 1460 contm
1743 1397 1936 1458 voluntalem

296 1486 409 1549 saltem
423 1486 518 1547 tacito
537 1506 543 1548 :
562 1504 637 1566 ergo
651 1487 797 1549 voluntas
812 1485 876 1549 Gaii
896 1504 960 1549 non
975 1492 1022 1548 est
1038 1487 1088 1549 hic
1142 1492 1282 1572 injuriati
1301 1512 1307 1554 :
1329 1508 1404 1570 ergo
1420 1489 1444 1551 si
1470 1487 1539 1568 quis
1554 1486 1741 1564 consentiat,
1758 1503 1823 1548 non
1843 1485 1898 1545 flet
1911 1481 1936 1543 ei

298 1579 330 1636 et
343 1593 427 1636 nunc
441 1575 612 1636 efficaciter
631 1575 772 1636 effective
787 1575 908 1636 cessiva
919 1575 1010 1656 juris.
1027 1575 1090 1636 Nec
1143 1579 1269 1658 injuria.
1294 1580 1331 1641 R.
1357 1577 1477 1660 injuria
1500 1575 1693 1637 strictissime
1716 1577 1846 1653 sumpta
1866 1570 1937 1631 etin

297 1661 390 1723 obstat
403 1661 488 1742 quod
502 1661 534 1721 in
548 1663 624 1724 Jure
645 1662 769 1725 dicatur
790 1681 862 1723 eum
881 1681 944 1724 non
959 1681 1027 1724 esse
1043 1663 1090 1724 fu·
1144 1686 1237 1730 sensu
1251 1666 1348 1746 vulgi,
1365 1669 1458 1745 prout
1472 1663 1628 1725 ordinarie
1638 1664 1684 1740 tit,
1701 1659 1936 1742 importatum,

298 1769 378 1828 rem,
405 1750 458 1830 qui
482 1748 600 1830 aliquid
625 1751 728 1813 aufert
752 1750 857 1813 animo
879 1750 1015 1829 furandi,
1032 1769 1091 1830 pu·
1144 1775 1172 1818 c.
1191 1759 1315 1834 sumpta
1340 1773 1402 1815 non
1431 1752 1636 1829 strictissime,
1654 1755 1794 1814 attamen
1816 1749 1938 1829 propiis

298 1842 370 1902 tans
383 1839 547 1900 dominnm
562 1858 629 1902 esse
643 1841 788 1917 invitum,
805 1859 877 1901 cnm
892 1843 999 1902 tamen
1012 1840 1092 1902 invi·
1146 1848 1178 1907 et
1192 1844 1283 1905 sicuti
1307 1842 1374 1904 lieri
1390 1844 1503 1922 potest,
1522 1860 1552 1902 n.
1570 1844 1718 1920 patetque
1744 1857 1782 1898 ex
1796 1857 1866 1919 cup.
1880 1855 1939 1897 eon-

299 1932 349 1992 tus
364 1946 427 1990 non
441 1928 490 2004 sit,
506 1948 575 1991 nom
589 1930 660 1992 telis
675 1948 737 1992 non
761 1933 809 1992 est
824 1930 875 1990 fur
889 1931 921 1990 in
944 1932 1013 1992 foro
1037 1949 1093 1991 ex·
1145 1933 1247 2014 trapis,
1262 1932 1361 1994 relato
1376 1952 1407 1994 n.
1423 1935 1454 1993 6.
1472 1933 1579 2009 Neque
1594 1927 1710 2008 injuria
1724 1927 1876 1988 delinitur
1888 1943 1940 2005 per

300 2021 390 2080 terno
406 2021 438 2079 et
447 2017 594 2097 juridice,
611 2021 659 2081 est
675 2023 782 2082 temen
796 2018 848 2080 fur
861 2037 918 2098 pro
934 2018 1001 2080 foro
1019 2037 1092 2081 con·
1146 2024 1217 2099 hoc,
1245 2022 1333 2102 quod
1355 2022 1410 2082 ssot
1431 2020 1530 2081 altero
1554 2017 1672 2094 inrito,
1698 2016 1754 2077 sed
1779 2015 1869 2096 quod
1890 2016 1939 2075 liat

301 2105 439 2168 scientiae
459 2109 491 2168 et
509 2105 685 2186 theologice
702 2125 709 2166 :
728 2105 813 2186 quod
832 2106 933 2185 magis
953 2107 1048 2184 valet,
1066 2106 1091 2167 si
1147 2115 1257 2174 contm
1266 2111 1319 2190 jus
1335 2109 1478 2184 alterius,
1495 2106 1581 2187 quod
1601 2108 1705 2185 potest
1723 2104 1784 2185 ipsi
1800 2121 1937 2178 manere,

302 2193 395 2258 Ceius
416 2192 562 2254 dominns
576 2197 672 2274 optet,
695 2197 731 2255 ut
752 2194 851 2256 Titius
874 2195 1009 2256 famulus
1033 2194 1092 2257 sibi
1148 2199 1292 2283 quumvis
1308 2199 1384 2261 velit
1397 2197 1559 2272 abdicare,
1576 2194 1620 2256 uti
1642 2194 1739 2256 etiem
1753 2197 1830 2256 ante
1845 2197 1941 2255 osten-

303 2282 1091 2363 subducetaureum,utsicdeprehensuspuniatnr;
1150 2308 1221 2352 sum
1245 2292 1313 2364 θεῖς
1340 2288 1423 2349 unde
1452 2285 1537 2366 quod
1569 2283 1664 2347 Arist.
1690 2281 1768 2345 dicit
1797 2281 1940 2363 injuriam

302 2371 408 2450 reipsa
423 2370 516 2447 enim,
534 2371 678 2450 quemvis
692 2369 784 2432 Gaius
802 2370 878 2432 velit
892 2389 1024 2433 aureum
1039 2390 1095 2433 ve·
1148 2379 1216 2440 fieri
1248 2381 1363 2458 praetcr
1394 2376 1588 2438 voluntatem
1609 2371 1776 2452 injuriati,
1807 2369 1942 2452 loquitur

304 2459 372 2520 nire
387 2458 428 2520 ad
444 2459 572 2537 Titium,
589 2463 695 2520 tamen
711 2477 774 2520 non
792 2460 860 2522 vult
871 2459 923 2540 jus
937 2461 977 2521 od
991 2460 1095 2540 ipsum
1150 2466 1189 2528 de
1203 2465 1318 2547 injuria
1345 2462 1539 2527 strictissime
1561 2467 1592 2522 et
1605 2463 1699 2538 prout
1713 2459 1876 2521 ordinarie
1896 2458 1936 2518 sit

304 2548 425 2611 venire.
443 2548 663 2610 Ratioborum
686 2548 816 2611 ulterior
829 2553 887 2627 est,
904 2549 979 2629 quia
997 2549 1096 2613 Titius
1191 2565 1263 2626 pm,
1288 2568 1317 2628 ι,
1341 2561 1493 2627 Subdirus
1515 2578 1578 2622 non
1602 2559 1705 2639 potest
1738 2575 1808 2618 esse
1840 2555 1939 2617 inobe

306 2656 371 2700 non
392 2641 495 2718 potest
517 2637 636 2718 absque
660 2638 775 2719 injuria
798 2639 940 2718 accipere
965 2657 1096 2701 aureum
1151 2651 1252 2728 diens,
1278 2651 1304 2712 si
1338 2649 1488 2730 Superior
1512 2647 1616 2726 reipsa
1646 2644 1846 2718 eonsentiet3
1872 2660 1940 2722 ergo

306 2727 418 2788 nisiex
437 2731 631 2806 presumpta
645 2727 756 2790 saltem
770 2727 835 2790 caii
860 2727 997 2806 licentia,
1014 2728 1097 2790 uano
1151 2758 1209 2802 nec
1224 2738 1337 2820 aliquis
1351 2739 1496 2822 injustus,
1513 2733 1539 2796 si
1554 2731 1730 2795 consentiat
1745 2731 1836 2793 alter.
1854 2733 1939 2808 eesp.

306 2819 413 2878 autem
427 2832 489 2877 non
511 2815 616 2892 nanee,
632 2813 692 2876 nisi
716 2819 881 2895 acceptet:
900 2835 975 2896 ereo
999 2816 1024 2878 si
1041 2835 1098 2878 au·
1152 2831 1190 2890 N.
1207 2833 1310 2890 antec.
1328 2845 1402 2888 nam
1426 2826 1451 2888 si
1475 2823 1650 2904 spiscopus
1665 2819 1868 2900 prohibuerit
1889 2818 1942 2880 noe

306 2923 397 2967 reum
416 2902 551 2982 occipiat
571 2903 617 2965 ita
630 2903 880 2983 independenter
893 2921 913 2966 a
935 2904 1097 2967 voluntate
1152 2916 1204 2979 die
1217 2916 1360 2978 laborem
1375 2919 1407 2977 eq
1420 2916 1507 2994 papa
1530 2909 1754 2973 antecedenter
1768 2909 1872 2971 irritet
1886 2927 1942 2969 om-

307 2993 383 3073 caii,
401 2993 475 3054 licet
492 2991 560 3054 haec
573 2992 718 3054 voluntas
732 2991 797 3054 Gaii
818 2991 940 3069 existat,
959 3010 1021 3053 non
1041 2994 1098 3057 tol·
1153 3023 1225 3066 nem
1246 3005 1471 3066 relaxationem
1493 3016 1589 3081 quam
1603 3000 1710 3078 posset
1724 2997 1802 3058 dare
1816 2996 1942 3075 Episco.

306 3082 383 3144 lilur
397 3080 477 3144 rillio
492 3080 626 3162 injuriae·
1153 3110 1223 3173 pus,
1239 3093 1313 3155 licet
1326 3092 1498 3171 Episcopus
1513 3086 1698 3162 consentiat,
1712 3089 1746 3147 ut
1761 3085 1824 3147 hoc
1839 3085 1889 3146 die
1904 3085 1943 3145 la-

253 3181 280 3226 ¹²
347 3172 366 3250 ἓ
385 3174 414 3234 8·
438 3170 585 3232 T0rl⁰rss⁸
605 3171 747 3234 fecerunt
765 3171 912 3252 injuriam
926 3170 1048 3236 ChriSlO
1069 3176 1101 3235 el
1153 3181 1258 3258 bores,
1282 3180 1345 3242 eris
1363 3178 1407 3240 illi
1428 3174 1624 3250 inobediens,
1641 3173 1716 3254 quia
1738 3190 1817 3252 ages
1841 3175 1942 3234 contra

308 3257 510 3338 Martyribus,
524 3258 666 3337 quamvis
679 3259 820 3322 Christus
834 3263 865 3322 ct
879 3261 1033 3340 Martyres
1047 3280 1100 3323 vo·
1153 3268 1327 3348 legitimam
1341 3269 1409 3345 ejus
1422 3263 1667 3346 prohibitionem
1687 3261 1785 3322 semel
1801 3261 1941 3342 positam

307 3347 426 3410 luerint
448 3347 524 3425 pati,
541 3365 615 3407 nam
637 3347 794 3426 inprimis
815 3349 964 3410 nolebant
986 3350 1099 3412 cedere
1154 3376 1214 3420 nee
1227 3356 1331 3418 valide
1346 3357 1538 3416 revocatam.

306 3436 370 3519 juri
394 3435 435 3497 ad
458 3436 657 3515 negationem
681 3439 920 3514 tormentorum,
938 3456 995 3500 nec
1018 3438 1101 3500 vole·
1195 3447 1267 3508 [nst.
1283 3448 1312 3506 ι.
1335 3439 1691 3524 lnjnriadebethabere
1706 3437 1864 3500 rationem
1880 3455 1945 3516 pas·

309 3527 388 3588 bant
418 3523 598 3604 dcobligere
627 3525 696 3587 illos
719 3543 739 3586 a
761 3543 823 3586 non
848 3525 1017 3588 inferendis
1040 3531 1101 3590 tor·
1156 3533 1251 3596 sionis
1274 3535 1418 3612 respectu
1442 3527 1581 3610 injuriati
1600 3545 1607 3588 :
1623 3545 1699 3606 ergo
1724 3526 1822 3588 debet
1843 3525 1943 3587 venire

310 3613 436 3690 mentis,
453 3630 525 3674 cum
538 3611 603 3693 pati
618 3613 774 3674 voluerint
788 3613 936 3693 injuriam
950 3633 969 3675 a
982 3616 1103 3678 malitia
1157 3622 1197 3684 ab
1212 3619 1397 3696 extrinseco,
1414 3618 1460 3678 ita
1473 3620 1508 3676 ut
1526 3613 1694 3694 injuriatus
1707 3613 1749 3674 sit
1768 3613 1886 3675 invitus
1900 3631 1907 3673 :
1922 3611 1943 3672 si

311 3701 447 3779 illorum,
470 3718 565 3782 quam
588 3700 812 3780 permittebant
834 3719 841 3762 :
867 3701 980 3763 deinde
995 3719 1102 3784 quam·
1158 3711 1241 3771 enim
1255 3708 1340 3785 velit,
1357 3705 1463 3767 veniet
1477 3703 1517 3765 ab
1532 3703 1713 3778 intrinseco,
1731 3719 1806 3762 nam
1822 3700 1889 3780 ipse
1902 3717 1944 3760 ao

311 3789 360 3852 vis
381 3789 630 3866 consensissent,
646 3788 678 3849 hi
699 3793 805 3851 tamen
820 3807 989 3852 consensus
1015 3797 1104 3855 oront
1158 3799 1220 3861 live
1236 3798 1402 3859 concurret
1424 3793 1465 3854 ad
1488 3790 1535 3852 sui
1557 3789 1716 3871 injuriam.
1733 3790 1829 3868 Resp.
1856 3788 1945 3850 Debet

310 3881 435 3942 tantum
459 3879 715 3954 concomitantes,
733 3877 808 3958 quia
830 3877 873 3939 illi
898 3879 1046 3942 volebant
1059 3881 1104 3944 in·
1158 3888 1276 3950 habero
1300 3884 1455 3946 rationem
1478 3879 1646 3960 passionis,
1662 3878 1723 3939 hoc
1744 3897 1853 3955 sensu,
1870 3875 1944 3957 quod

313 3968 396 4029 ferre
417 3969 594 4044 tormenta,
621 3967 765 4047 quemvis
788 3967 821 4029 hi
845 3985 908 4028 non
929 3969 1105 4032 consensis·
1156 3974 1209 4057 jus
1231 3971 1370 4052 injuriati
1397 3969 1493 4030 debet
1506 3965 1571 4046 pati
1594 3965 1756 4026 laesionem
1771 3964 1944 4026 immediate

313 4059 384 4119 sent
409 4072 416 4116 :
442 4073 518 4135 ergo
541 4055 685 4135 quamvis
709 4056 740 4116 hi
764 4056 1014 4135 consensissent,
1042 4077 1105 4120 non
1159 4064 1200 4125 ab
1215 4062 1320 4140 aliquo
1334 4059 1407 4136 alio,
1424 4077 1452 4120 c.
1470 4057 1523 4118 illo
1539 4073 1643 4131 sensu,
1661 4053 1746 4134 quod
1761 4053 1885 4134 potiens
1898 4053 1945 4114 la

313 4145 385 4205 ideo
399 4143 443 4204 illi
457 4141 673 4205 liberabantur
687 4144 727 4206 ab
747 4143 872 4225 injuria,
890 4145 935 4205 nti
954 4149 1027 4207 ante
1042 4147 1106 4209 dic·
1159 4151 1280 4213 sionem
1294 4148 1342 4210 sui
1363 4146 1444 4228 juris
1464 4163 1527 4205 non
1541 4143 1641 4224 possit
1654 4142 1749 4204 etiam
1765 4141 1867 4204 active
1881 4159 1944 4204 con-

314 4237 382 4296 tum
404 4235 461 4294 cst.
487 4230 594 4296 videri
613 4235 716 4311 potest
738 4235 817 4311 Lug.
835 4231 871 4294 de
890 4234 1011 4295 lirrorn.
1026 4234 1057 4298 d.
1073 4239 1104 4314 3,
1161 4256 1288 4301 currere
1302 4237 1344 4297 ad
1365 4235 1463 4312 illam,
1488 4233 1600 4294 saltem
1623 4229 1771 4306 mediate,
1789 4248 1821 4292 n.
1850 4233 1942 4292 antec.

314 4331 381 4384 rect.
398 4325 429 4398 6,
445 4320 513 4382 fuse
528 4324 560 4382 et
573 4320 663 4382 docte
678 4320 826 4382 differens
841 4321 880 4383 de
900 4321 960 4383 boc
975 4328 1103 4402 puncto.
1162 4331 1193 4389 et
1206 4343 1334 4406 conseq.
1352 4341 1426 4384 nam
1450 4321 1510 4382 hoc
1534 4337 1609 4381 essu
1633 4322 1681 4380 est
1703 4318 1843 4380 mediate
1858 4334 1945 4398 agens

262 4405 289 4452 ¹³
355 4411 416 4490 ἐι).
442 4408 598 4490 objicitur.
623 4411 651 4471 ι.
674 4409 858 4489 Acceptatio
882 4410 960 4489 legis
974 4410 1107 4474 faventis
1161 4415 1194 4478 in
1215 4417 1369 4493 quantum
1391 4407 1616 4472 consentiendo
1631 4404 1766 4467 alterum
1784 4407 1892 4467 movet
1911 4403 1944 4464 ad

318 4589 421 4668 legem
434 4584 493 4647 sibi
517 4585 651 4665 amplius
675 4587 792 4664 severe,
811 4604 873 4648 non
897 4587 1045 4651 retinebit
1055 4587 1109 4669 jus
1163 4611 1225 4654 non
1248 4587 1463 4651 immediatea
1484 4585 1588 4664 seipso
1605 4582 1691 4664 (quie
1713 4601 1807 4645 nemo
1822 4579 1944 4660 sibiipsi

318 4676 360 4738 ad
383 4673 584 4754 negationem
598 4675 809 4753 percussionis
827 4695 833 4736 :
851 4695 926 4755 ergo
942 4695 1043 4756 neque
1066 4677 1109 4740 illi
1163 4679 1238 4742 facit
1251 4677 1399 4759 injuriam
1423 4675 1548 4736 deiectu
1562 4671 1738 4748 alteritatis,
1751 4689 1824 4733 cum
1836 4667 1944 4753 justitia

317 4767 372 4827 flet
393 4763 519 4844 injuria,
538 4762 667 4825 elidem
691 4768 739 4826 est
762 4765 801 4825 de
816 4765 982 4841 adulterio,
1000 4764 1110 4828 devo·
1164 4770 1197 4828 et
1209 4763 1362 4846 injustitia
1383 4759 1561 4823 necessario
1576 4759 1639 4820 sint
1656 4757 1858 4836 adulterum,
1875 4758 1943 4818 teste

318 4854 403 4914 lente
418 4850 530 4928 occidi,
547 4855 607 4913 eto.
625 4854 718 4932 Resp.
736 4853 769 4914 Si
785 4854 862 4915 nolit
875 4853 978 4932 legem
993 4853 1051 4915 sibi
1066 4854 1081 4915 f
1099 4888 1111 4900 -
1165 4857 1197 4918 S.
1213 4853 1272 4916 Tb.
1288 4857 1317 4928 ι,
1330 4855 1359 4927 2,
1375 4869 1405 4932 q.
1415 4853 1465 4926 59,
1483 4856 1541 4909 ort.
1552 4851 1581 4916 3,
1598 4845 1647 4910 ad.
1666 4846 1709 4926 9,)
1721 4847 1827 4908 sedab
1842 4845 1941 4918 altero,

318 4959 392 5004 vere
414 4939 563 5002 notitione
586 4942 747 5004 moraliter
768 4942 874 5004 valida
906 4946 937 5004 et
966 4943 1109 5005 effective
1165 4941 1307 5026 quemad
1322 4939 1499 5001 faciendam
1509 4936 1843 5018 injuriammovet.fux
1852 4933 1941 5006 dictis,

319 5030 442 5094 cossiva
465 5027 547 5090 illius
570 5029 697 5108 favoris,
715 5049 803 5092 conc.
821 5030 845 5092 si
870 5031 948 5092 nolit
962 5031 1111 5094 notitione
1204 5033 1223 5110 5
1244 5033 1291 5092 ιθ.
1315 5028 1496 5090 lnfemntur
1508 5024 1687 5106 sequentia:
1705 5026 1734 5084 ι.
1753 5021 1943 5085 Consentiam
1963 5031 1982 5078 o

320 5117 482 5182 moraliter
502 5116 588 5178 nulla
609 5120 640 5180 ct
663 5119 866 5181 inefficaciter
888 5117 1009 5180 cessiva
1030 5119 1111 5180 illius
1166 5119 1313 5202 injuriam
1334 5117 1382 5179 sui
1409 5135 1472 5179 non
1499 5118 1614 5195 potest,
1639 5113 1753 5174 saltem
1777 5109 1940 5182 ordinarie,

320 5205 447 5282 favoris,
464 5224 495 5266 n.
512 5222 598 5269 cons.
614 5209 686 5274 Jam
700 5226 774 5269 vero
790 5207 851 5269 hoc
864 5207 932 5288 ipso
948 5208 1032 5288 quod
1047 5211 1113 5270 sta·
1166 5213 1273 5289 petere
1293 5205 1538 5267 satisfactionem
1561 5220 1618 5282 pro
1643 5201 1708 5278 illa,
1727 5203 1803 5282 quia
1825 5215 1943 5262 consen-

321 5300 389 5359 tum
412 5293 589 5356 clericalem
614 5296 804 5376 acceptarit,
829 5295 1005 5375 acceptavit
1027 5296 1112 5358 huno
1166 5296 1272 5359 tiendo
1287 5296 1432 5354 censetur
1446 5309 1516 5352 eam
1530 5289 1701 5360 remittere;
1720 5287 1774 5368 qui
1789 5292 1890 5349 autem
1903 5301 1942 5343 ra

322 5385 464 5446 favorem
483 5387 514 5445 et
528 5385 688 5465 supposito
705 5385 790 5465 quod
809 5385 896 5447 vivat
910 5385 1113 5446 conformiter
1166 5383 1271 5458 mittit,
1297 5399 1359 5441 non
1382 5379 1478 5440 habet
1501 5377 1669 5452 actionem,
1686 5378 1721 5437 L.
1747 5379 1800 5454 rt,
1826 5371 1892 5437 cod.
1914 5368 1943 5429 de

325 5473 418 5540 statui
443 5473 579 5536 clericali
602 5477 785 5556 acceptato,
815 5491 878 5535 non
899 5476 1002 5553 potest
1025 5491 1113 5536 eum-
1166 5471 1267 5556 partie
1299 5473 1328 5533 ι.
1364 5465 1560 5530 Probabilius
1589 5463 1718 5528 videtur
1749 5482 1822 5528 cum
1851 5464 1938 5526 bauo.
