3998 6344
586 579 637 641 DE
659 573 886 644 abaciacum
909 571 1119 642 ECGLESIAE.
1615 575 1671 642 tol

39 759 228 842 continetur),
244 761 277 824 in
292 763 361 826 illos
374 763 480 844 plures
494 763 693 829 difficultates
709 765 825 828 indica·
880 767 968 843 runt,
994 763 1096 844 exigui
1122 762 1249 846 quidem
1277 751 1425 844 ponderis
1446 781 1484 826 ac
1504 751 1669 845 crementi,

38 853 148 927 vimus,
164 851 207 912 ob
222 869 301 931 quas
320 852 449 914 minime
464 854 630 916 solvendos
649 854 765 935 Jejunii
779 855 821 915 le·
879 853 1144 933 quemadmodum
1156 855 1218 915 Nos
1229 854 1395 933 opinamur
1405 871 1477 915 cum
1488 853 1547 914 illae
1562 855 1611 917 vel
1626 855 1672 933 lp·

37 940 118 1021 gibus
132 940 325 1020 putabamus
340 941 411 1003 illos
426 941 491 1022 qui,
509 942 549 1004 ob
562 941 735 1021 legitimam
749 962 823 1005 eeu·
876 942 940 1002 sius
955 941 1046 1019 Legis
1075 940 1181 1002 verbis
1201 942 1250 1001 vel
1266 959 1359 1002 sensu
1378 943 1502 1020 penitus
1522 947 1673 1003 corruant

37 1032 139 1090 mmet
152 1027 296 1107 legitima
308 1029 398 1108 prius
418 1030 603 1092 auctoritate
618 1032 818 1111 interposita,
876 1047 913 1090 ac
941 1029 1161 1090 dissolvantur.
1196 1033 1343 1091 Attamen
1377 1032 1472 1091 Sacro
1508 1024 1669 1091 Tribunali

37 1116 282 1196 Quadragesimae
294 1118 517 1180 abstinentiam
527 1137 589 1180 non
604 1120 819 1199 observarent,
876 1120 996 1179 Nostrre
1017 1116 1261 1178 Poeuitentiariae
1277 1135 1383 1177 rerum
1401 1117 1580 1196 hujusmodi
1596 1133 1672 1178 eon·

36 1203 169 1282 minime,
186 1203 334 1284 iuquam,
351 1207 552 1268 solvendosa
571 1206 712 1288 Jejunio,
730 1208 822 1270 itaut
875 1203 939 1265 scio
959 1223 996 1266 ac
1011 1203 1200 1283 peritissimo
1211 1205 1339 1266 easdem
1354 1204 1542 1286 quaestiones
1556 1218 1671 1283 expene

36 1291 131 1354 liceret
151 1292 230 1370 ipsis
251 1294 390 1373 quolibet
413 1294 464 1356 die
492 1313 634 1358 mensam
661 1297 709 1358 bis
733 1297 821 1359 insti·
875 1293 995 1354 dandas
1018 1291 1249 1370 commisimus,
1274 1293 1388 1373 quibus
1412 1292 1556 1354 omnibns
1576 1296 1667 1371 plene

36 1387 123 1455 tuere,
139 1397 204 1441 nou
221 1382 320 1443 unica
332 1383 411 1459 vico,
426 1384 604 1461 vespertina
619 1386 822 1464 superaddita
874 1381 1103 1460 cumulateque,
1121 1381 1242 1461 quoties
1257 1400 1335 1460 opus
1350 1382 1418 1458 fuit,
1435 1381 1597 1443 satisfecit.

37 1468 215 1546 deiectione,
233 1487 305 1549 quae
319 1469 457 1549 permitti
464 1470 679 1550 jejunantibus
689 1492 822 1535 consue·
914 1492 928 1527 u
947 1468 1209 1549 Arcbiepiseopus
1223 1470 1450 1549 compostellae,
1462 1471 1492 1529 in
1503 1469 1668 1548 Hispania-

36 1555 237 1617 riccundem
253 1557 285 1617 in
307 1557 367 1619 hac
381 1558 545 1620 Pontitleia
558 1560 640 1622 Sede
660 1561 817 1639 collocati,
874 1575 945 1620 rum
977 1559 1092 1638 ltegnis
1119 1559 1239 1636 primus
1266 1558 1454 1638 inquisitor,
1490 1561 1669 1638 nuperrime

36 1661 91 1704 mm
103 1645 201 1706 totam
216 1645 250 1704 in
267 1663 398 1707 examen
413 1647 526 1709 iterum
546 1650 772 1728 revocavimus,
789 1654 821 1714 et
873 1647 938 1708 vita
950 1644 1090 1721 iunctae,
1106 1646 1233 1724 longam
1246 1647 1286 1707 ad
1301 1651 1363 1708 Nos
1378 1647 1465 1708 dedit
1477 1647 1661 1725 Epistolem,

35 1732 289 1811 prestantissimis
308 1752 433 1814 quoque
458 1734 539 1798 Viris
560 1735 819 1800 demandavimus
874 1753 936 1816 qua
951 1735 1055 1814 plures
1071 1735 1254 1796 recensebat
1268 1733 1476 1811 difficultates,
1494 1753 1564 1815 quae
1574 1735 1668 1798 Litte-

37 1821 120 1899 ipsam
136 1821 310 1902 diligenter
323 1828 531 1904 accurateque
550 1827 755 1905 perpendere,
781 1845 817 1889 ac
873 1825 916 1884 ris
930 1823 1050 1884 Nostris
1065 1822 1251 1902 Apostolicis
1266 1824 1526 1901 adversabantur,
1543 1824 1667 1902 quomi-

37 1907 235 1970 naccinae
261 1910 423 1990 opiniones
447 1913 542 1974 Nobis
565 1933 732 1994 exponere.
763 1917 818 1978 His
874 1909 1516 1990 nusexsecutionimandarentur,eoquod
1527 1911 1667 1972 nonnulli

37 1997 154 2076 peractis
179 1997 365 2079 hujusmodi
389 2002 614 2063 controversiae
643 2004 737 2064 finem
764 2005 817 2067 tri·
871 1998 1022 2077 Theologi
1038 1998 1069 2058 iu
1092 1997 1231 2059 diversas
1255 1998 1417 2077 opiniones
1441 2016 1478 2057 ac
1492 1997 1664 2059 sententies

36 2085 117 2146 buere
139 2087 378 2165 constituimus,
396 2088 534 2168 illudque
558 2091 754 2154 decrevimus
778 2111 816 2154 ne
872 2088 994 2149 abirent
1008 2087 1038 2147 in
1053 2086 1210 2148 solvendis
1224 2087 1413 2167 quibusdam
1428 2085 1663 2165 questionibus,

37 2174 88 2236 ulla
100 2174 129 2234 in
142 2177 321 2254 posterum,
337 2175 402 2236 sive
413 2176 590 2255 peculiaris,
606 2179 672 2239 sive
685 2198 818 2259 genera·
872 2176 986 2257 quibus
1000 2175 1124 2236 Litterae
1140 2177 1260 2236 Nostrae
1275 2175 1461 2254 Apostolioar
1485 2191 1612 2234 causam
1636 2177 1668 2236 et

37 2261 130 2342 lispm
143 2262 256 2344 aliqua
270 2263 400 2326 civitate
414 2265 463 2326 vel
484 2267 605 2346 Oppido
627 2270 818 2331 concedatur
872 2263 1067 2326 occasionem
1081 2263 1274 2342 praebebant,
1291 2281 1328 2324 ec
1344 2263 1476 2342 proinde
1492 2261 1531 2322 dc
1546 2262 1606 2323 illis
1616 2262 1666 2343 ju-

9 2361 11 2406 :
37 2349 150 2412 [multas
163 2351 340 2413 adhibendi
351 2369 460 2415 carnes
470 2355 510 2415 ed
524 2361 817 2438 mensamtempora
871 2351 988 2412 dicium
1002 2353 1149 2413 Nostrum
1165 2351 1358 2430 exquirebat.
1371 2351 1524 2430 liquidem
1536 2351 1667 2412 nrcuie-

9 2465 11 2520 p
37 2436 134 2517 lejuaii
148 2439 198 2498 vel
223 2439 496 2519 Quadragesimae,
514 2440 572 2502 nisi
595 2443 733 2505 conditio
751 2463 819 2506 ser·
871 2440 991 2519 piscopi
1005 2439 1128 2501 Litterae
1143 2442 1206 2502 Nos
1220 2439 1413 2519 gravissimis
1427 2457 1465 2500 ac
1475 2439 1666 2500 difficillimis

9 2531 11 2614 ξ
38 2525 115 2586 vendi
133 2526 255 2607 Jejunii
275 2527 341 2588 sive
357 2528 448 2590 unius
466 2530 665 2593 comestionis
679 2533 818 2612 iuterpo·
871 2527 1065 2606 temporibus
1079 2531 1247 2604 occupatos
1265 2526 1552 2606 deprehenderunt.
1577 2530 1666 2589 Atta·

9 2615 12 2698 {
37 2619 128 2690 natur3
145 2620 176 2678 et
190 2616 274 2678 illud
289 2635 414 2698 quoque
428 2618 582 2680 monitum
597 2620 747 2699 addatur,
764 2640 816 2683 ne·
872 2633 956 2692 men,
974 2615 1050 2676 dum
1064 2613 1252 2695 quaestiones
1271 2613 1303 2674 in
1327 2611 1403 2692 ipsis
1418 2609 1574 2692 expositas
1594 2633 1667 2693 per·

38 2719 177 2784 quaquam
200 2705 301 2768 licere
325 2725 468 2767 mensam
496 2708 641 2770 eamdem
663 2728 756 2772 cerne
778 2728 816 2773 ac
871 2703 1251 2780 currimus,visumNebis
1266 2705 1389 2764 estnon
1409 2700 1537 2782 quidem
1552 2701 1664 2782 expedi

9 2795 11 2846 Ι
38 2790 156 2868 piscibus
169 2792 341 2856 instruere.
358 2793 513 2874 Equidem
523 2795 686 2858 declinatis
696 2798 755 2860 heo
768 2817 816 2860 ra·
870 2794 905 2853 ut
918 2791 955 2852 iis
970 2791 1193 2872 quaestionibus
1208 2808 1394 2870 responsum
1409 2789 1508 2867 lieret,
1526 2791 1664 2871 ipsisque

9 2849 13 2993 Ι
38 2877 106 2940 bone
125 2879 440 2961 nimiumimplicatis
455 2883 693 2963 quaestionibus,
711 2885 816 2948 existi·
870 2879 978 2942 solutis
1002 2880 1122 2940 nullum
1146 2879 1405 2959 impedimentum
1429 2879 1495 2940 sive
1519 2879 1663 2942 obstacu-

9 2995 14 3102 p
38 2968 172 3031 mavimns
182 2971 314 3031 unicam
324 2971 453 3050 singulis
467 2971 578 3033 diebus
592 2975 816 3037 comestionem
869 2970 935 3032 lum
949 2967 1068 3029 Nostris
1077 2968 1201 3030 Litteris
1211 2967 1397 3047 Apostolicis
1408 2975 1597 3046 superesset,
1609 2967 1665 3030 sed

38 3051 166 3117 inducere
187 3057 253 3119 illis
267 3058 362 3120 etiam
376 3059 428 3138 qui
444 3058 590 3120 carnibus
604 3061 664 3137 uti,
682 3081 752 3124 cnm
765 3065 816 3126 Je·
870 3057 973 3137 potius
994 3059 1028 3117 ui
1051 3055 1182 3136 objectis
1196 3055 1446 3117 cavillatifflibsss
1460 3055 1501 3116 ad
1523 3059 1665 3134 Opifltum

9 3140 138 3220 vjuuium
151 3145 315 3224 indicitur,
332 3146 389 3208 rite
405 3147 623 3222 obtinuerunt;
641 3154 672 3211 et
685 3169 816 3229 pravam
870 3149 964 3207 finem
994 3145 1071 3222 ipsae
1102 3144 1231 3204 minime
1263 3143 1504 3206 adducerentur.
1535 3144 1666 3207 Accedit

9 3201 14 3330 i
39 3227 108 3293 illem
119 3235 399 3314 cousuetudinem,
417 3253 486 3316 quae
509 3237 594 3315 apud
614 3241 728 3301 multus
748 3241 816 3321 jam
871 3235 965 3296 etiam
980 3233 1064 3313 quod
1078 3232 1217 3310 Epistola
1231 3232 1466 3312 Arebiepiscopi
1489 3233 1596 3294 multis
1614 3252 1666 3294 ar·

9 3333 11 3440 p
39 3319 114 3382 nimis
131 3323 330 3402 invaluerat,
352 3326 475 3404 penitus
494 3325 645 3396 evellere,
666 3329 815 3391 afferendi
870 3320 1157 3402 gumentationibus
1172 3323 1202 3381 et
1216 3320 1357 3382 obscuris
1367 3320 1496 3382 vocibus
1505 3321 1665 3383 redundas

9 3443 12 3466 ι
39 3426 133 3490 nempe
147 3430 262 3474 carnes
276 3413 308 3473 in
323 3431 464 3474 mensam
478 3432 549 3475 cum
565 3413 716 3495 piscibus,
732 3422 816 3498 post·
869 3412 939 3484 bat3
957 3409 1180 3490 quemobrem,
1196 3407 1270 3469 licet
1290 3409 1394 3488 plures
1410 3408 1610 3471 hortarentur
1623 3429 1663 3472 ue

40 3511 117 3577 quam
138 3499 197 3579 ipsi
212 3501 501 3580 Quadrcgcsimalis
521 3501 716 3566 abstinentia,
737 3525 815 3585 μω.
869 3500 968 3561 ullum
988 3497 1231 3576 Arohiepiscopo
1245 3515 1430 3576 responsum
1445 3497 1660 3576 redderemus

39 3591 112 3666 nepio
126 3588 216 3652 soluti
233 3590 376 3666 fuerunt,
393 3591 433 3652 ob
448 3608 518 3651 eam
532 3589 729 3671 potissimum
742 3613 816 3656 cau·
870 3587 913 3648 illi
928 3592 1033 3649 tamen
1047 3585 1271 3663 ffilissfssssimflss
1288 3603 1339 3646 ¹0⁸
1353 3584 1527 3664 precipuas
1542 3586 1663 3668 ⁰10j¹1⁸

39 3687 93 3736 mm
112 3678 193 3758 quod
217 3696 317 3757 greve
338 3677 561 3741 detrimentum
584 3681 675 3744 saluti
695 3679 736 3743 ab
759 3701 813 3744 esu
868 3674 979 3737 litteris
1001 3674 1196 3750 delibantes,
1222 3677 1253 3734 et
1279 3673 1468 3754 quaestiones
1489 3690 1597 3734 omnes
1620 3671 1663 3733 ad

39 3761 152 3840 pscium
164 3767 335 3846 accipiant.
869 3767 991 3826 eertum
1005 3779 1171 3822 numerum
1182 3760 1371 3840 redigentes.
1387 3760 1528 3821 Primum
1542 3759 1663 3821 Nostris

68 3875 81 3910 a
96 3855 164 3918 uec
179 3855 376 3936 apertissime
386 3859 577 3920 constanter
592 3859 705 3921 nostris
715 3861 815 3939 Apos-
869 3851 1125 3931 occupationibus
1134 3849 1335 3913 tribuendum
1343 3849 1447 3912 testati
1457 3867 1565 3910 sumus
1575 3848 1660 3930 quod

40 3939 272 4022 tolicisbitteris,
288 3963 367 4025 quas
386 3943 418 4005 in
432 3945 533 4007 forme
547 3947 656 4008 Brevis
670 3946 813 4011 dedimus
867 3941 957 4002 tarde
980 3939 1038 4020 ipsi
1053 3957 1237 4019 responsum
1252 3938 1416 4015 daremus,
1434 3937 1501 4018 ejus
1521 3937 1661 4000 studium

40 4027 72 4090 td
84 4048 183 4093 omnes
196 4032 370 4110 Episcopos
384 4031 474 4094 Orbis
488 4033 637 4095 Catholici
652 4053 703 4095 en.
720 4039 809 4112 llll,
867 4027 1156 4090 commendavimus
1180 4031 1210 4089 et
1224 4026 1319 4088 etiam
1332 4043 1524 4107 magnopere
1545 4023 1662 4104 proba-

41 4131 152 4196 qaarum
170 4120 282 4201 primas
296 4119 449 4200 incipiunt
464 4139 471 4183 :
489 4121 557 4184 Non
571 4123 760 4204 ambipimcc;
770 4124 813 4184 al·
866 4117 968 4178 vimus
983 4115 1068 4196 quod
1090 4133 1206 4194 anceps
1220 4132 1258 4176 ac
1272 4113 1385 4175 dubius
1409 4114 1450 4174 ad
1465 4113 1548 4174 hanc
1562 4115 1665 4176 Sane·-

40 4209 205 4270 teravero:
227 4210 261 4270 la
273 4227 420 4290 suprema
437 4211 648 4290 Nosprolectc
664 4211 739 4272 nulli
757 4233 812 4274 un.
865 4209 931 4268 tam
946 4204 1060 4266 Sedem
1080 4201 1264 4283 confugerit,
1282 4206 1316 4263 ut
1329 4201 1494 4263 consilium
1513 4201 1660 4280 exposce·

41 4307 118 4372 quam
130 4297 251 4377 elargiti
265 4299 467 4360 sumusvesci
480 4299 637 4377 carnibus,
651 4305 812 4362 cumtem·
866 4298 924 4356 rct.
941 4293 1059 4356 Deinde
1080 4291 1209 4370 prolatis
1233 4290 1456 4371 questionibus
1479 4289 1659 4352 satisfacere

41 4399 88 4460 pus
99 4385 348 4468 Quadmgesimae
369 4387 435 4448 sive
458 4388 543 4449 aliud
558 4389 575 4451 J
579 4388 718 4469 ejunium
732 4407 813 4469 ppae.
866 4400 927 4443 non
942 4379 1210 4460 praetcrmisimus,
1223 4377 1310 4438 illum
1324 4383 1429 4439 tamen
1444 4382 1608 4440 monentes
1619 4378 1658 4440 de

41 4469 151 4552 cipitur,
174 4475 235 4537 uisi
268 4475 385 4538 indicte
418 4476 598 4556 scriptaque
630 4477 810 4540 conditione
865 4469 1008 4534 instituto
1033 4471 1235 4530 Summarum
1260 4466 1469 4543 Pontificum,
1490 4465 1543 4546 qni
1571 4465 1658 4545 leges

43 4573 119 4638 quem
138 4564 280 4644 superius
299 4565 625 4626 commemoravimus.
642 4565 811 4628 Naximam
865 4559 1000 4621 condere
1014 4557 1125 4633 solent,
1141 4555 1339 4634 disciplinam
1354 4553 1537 4630 decernere,
1553 4569 1657 4633 neque

42 4647 140 4724 pariter
162 4651 303 4714 laetitiam
334 4653 548 4732 percepimus,
574 4669 647 4715 cum
681 4653 810 4716 rcdditae
865 4648 960 4708 ullam
979 4645 1096 4706 habere
1115 4644 1269 4705 rationem
1283 4642 1408 4703 illorum
1424 4641 1476 4722 qui
1492 4640 1657 4703 dubitandi

42 4731 120 4797 liobis
143 4737 270 4802 fuerunt
296 4739 402 4819 plures
429 4739 574 4818 Epistola
597 4757 635 4800 ac
662 4739 811 4802 Mandata
864 4754 975 4798 causas
989 4733 1158 4814 objiciunt,
1174 4737 1209 4796 ut
1222 4749 1292 4814 queo
1314 4731 1481 4793 constitute
1500 4733 1574 4792 sunt
1587 4747 1659 4809 per·

42 4826 128 4886 retra
139 4827 261 4890 Litteris
275 4828 390 4890 nostris
400 4828 586 4907 Apostolieis
597 4828 723 4890 omnino
738 4845 811 4890 con·
864 4824 992 4886 turbent
1003 4839 1040 4883 ee
1055 4823 1208 4882 evertant.

44 4913 187 4991 manea,
204 4915 318 4997 quibus
333 4935 389 4995 pro
403 4916 484 4978 virili
498 4921 588 4996 parte
608 4915 810 4980 contendistis
904 4933 919 4970 s
933 4911 992 4974 Viv
1003 4909 1132 4971 redditis
1142 4908 1277 4984 Litteris,
1289 4905 1551 4986 Archiepiscopus
1561 4905 1655 4985 paulo

44 4992 177 5062 tddueers
193 5003 328 5082 Populos
342 5003 437 5066 Vobis
451 5003 608 5084 subjectos
624 5008 657 5066 ut
670 5003 810 5085 proposi·
864 5003 936 5080 post
948 4999 1020 5060 vitae
1035 5015 1161 5059 cursum
1175 4995 1318 5072 absolvit,
1335 4995 1441 5075 itaque
1465 5011 1527 5056 non
1547 4994 1659 5054 imme-

44 5081 95 5144 uu
107 5085 136 5148 in
148 5089 205 5152 illis
222 5090 416 5170 disciplinam
432 5091 481 5170 pie
496 5097 668 5154 servarent.
865 5090 925 5150 rito
940 5087 1134 5165 suspicamus
1147 5101 1299 5164 responsa
1313 5087 1518 5164 Nostraque
1533 5080 1658 5144 Litteris

76 5174 231 5239 alneum
258 5179 463 5259 promulgatis
485 5179 598 5241 iisdem
623 5179 811 5259 Apostolicis
865 5173 1120 5248 continebantur,
1150 5170 1235 5232 baud
1258 5169 1384 5249 cognita
1410 5170 1505 5231 luisse
1532 5173 1565 5230 et
1585 5187 1658 5247 per·

45 5257 156 5340 nuens,
171 5283 249 5346 quas
261 5266 356 5346 paulo
371 5270 442 5329 ante
453 5268 693 5344 nominavimus,
705 5269 811 5347 plures
864 5267 971 5342 specte
984 5260 1044 5322 illis
1068 5259 1121 5339 qui
1143 5257 1330 5339 quaestiones
1345 5255 1566 5318 excitaverant.
1584 5258 1658 5318 Post

45 5344 232 5418 ventilationes
246 5355 428 5434 excogitatae
449 5361 522 5418 suut
536 5375 555 5418 a
569 5357 744 5434 nonnullis,
765 5355 810 5417 uti
864 5352 931 5413 haec
955 5349 1007 5411 alii
1031 5348 1148 5428 pariter
1171 5365 1210 5408 ex
1232 5343 1377 5423 Hispanis
1399 5344 1561 5424 Episcopis
1579 5363 1658 5406 non·

46 5433 96 5497 lies
113 5445 198 5504 antea
218 5443 303 5505 facili
318 5441 495 5524 conjectura
512 5444 660 5523 suspicati
681 5443 807 5506 fuimus.
864 5437 965 5500 nullas
987 5455 1024 5497 ex
1047 5433 1158 5496 iisdem
1183 5431 1407 5513 questionibus
1431 5430 1526 5494 Nobis
1541 5449 1658 5511 propo-

9 2115 12 2196 i

46 5521 134 5590 Plures
145 5531 237 5594 etiam
252 5530 438 5614 questiones
452 5533 621 5616 preposite
636 5532 730 5595 Nobis
745 5533 810 5594 iue-
863 5527 1013 5600 suerunt;
1036 5539 1133 5604 quare
1159 5521 1271 5584 iisdem
1298 5519 1455 5599 responsis
1478 5519 1526 5581 usi
1548 5537 1658 5583 summ
1770 5607 1773 5615 Ι

144 5638 178 5702 r.
193 5639 230 5703 u.
1161 5714 1168 5722 ἱ
1496 5629 1536 5697 ee
