3992 6336
324 542 383 608 lta
883 547 1001 611 LIBER
1027 545 1206 626 Tuumne,
1232 549 1334 613 PARS
1361 549 1400 614 ll.

322 747 386 794 non
400 729 491 793 facile
506 731 721 794 damnandum
736 749 804 794 esse
817 733 858 794 ad
872 734 1112 798 restitutionem.
1169 738 1201 798 et
1214 735 1385 798 attribuere
1403 733 1551 815 praemia,
1576 733 1690 815 quibus
1704 733 1819 810 vellet;
1839 736 1945 801 sienim

363 819 444 892 Quid
465 820 623 899 agendum
642 820 699 897 sit,
720 820 746 881 si
768 823 868 884 cesset
882 840 977 884 causa
991 823 1111 902 tributi,
1168 824 1267 902 possit
1287 825 1352 902 uni,
1374 843 1430 886 cur
1449 842 1512 886 uon
1527 823 1696 886 omnibus?
1714 843 1773 904 per
1786 824 1946 892 hocautem

322 915 378 972 aut
396 909 422 970 si
443 926 505 969 uon
524 907 714 987 impediatur
732 909 773 970 ad
792 910 882 987 fines,
899 910 940 972 ad
955 929 1034 991 quos
1049 912 1115 972 exi·
1168 915 1362 973 everteretur
1385 911 1464 972 ratio
1490 928 1662 973 concursus
1685 916 1718 973 et
1740 911 1946 978 inducerentur

321 1000 465 1079 gebatur,
488 995 587 1057 videri
607 1000 739 1076 possunt
759 1000 838 1077 Lug.
861 1016 927 1060 on.
949 1001 999 1075 51,
1016 1002 1048 1060 et
1061 998 1114 1060 oi·
1168 997 1369 1060 incommoda
1382 1001 1455 1059 ante
1470 997 1638 1061 insinuata.

322 1088 399 1149 cast.
416 1083 447 1146 d.
463 1087 493 1161 3,
510 1082 578 1145 dub.
596 1087 645 1145 le.
1207 1088 1273 1166 gl.
1297 1089 1343 1148 Ex
1366 1086 1415 1188 his
1437 1086 1579 1187 sequitur
1602 1088 1713 1150 deberi
1735 1089 1986 1226 compensatio-ff

253 1225 295 1274 Μ
320 1174 562 1343 ‚iiiiii
580 1171 1112 1344 tiibttbtittitt
1166 1176 1946 1343 interbalbutiebam
1984 1227 1986 1236 ’

319 1355 380 1434 §t
398 1353 456 1414 llic
470 1349 661 1412 defraudans
676 1350 752 1413 facit
764 1351 923 1432 injuriam,
940 1354 1015 1432 quia
1028 1371 1115 1414 com·
1168 1354 1257 1432 dato,
1282 1356 1318 1414 ut
1338 1353 1535 1433 acquiescat,
1560 1372 1591 1415 v.
1617 1373 1649 1434 g.
1675 1361 1809 1436 accepta
1829 1360 1946 1438 pecunia

319 1440 447 1521 positio,
465 1457 535 1520 quae
550 1457 606 1519 pro
620 1439 758 1518 praemiis
772 1439 954 1518 instituitur,
970 1441 1066 1502 habet
1080 1461 1113 1504 se
1168 1443 1236 1504 loco
1257 1442 1376 1522 premii
1399 1446 1430 1504 ot
1449 1440 1602 1504 honoris:
1626 1443 1680 1524 qui
1699 1445 1787 1506 enim
1806 1465 1862 1527 per
1877 1449 1945 1510 irau-

319 1549 376 1610 per
389 1528 519 1591 modum
532 1545 721 1605 concursus,
738 1527 770 1588 in
786 1547 864 1608 quo,
881 1530 935 1610 qui
950 1532 1111 1609 praevalet,
1166 1530 1240 1592 dem
1261 1530 1425 1610 impedivit
1445 1531 1580 1592 alterum
1602 1549 1622 1592 a
1646 1536 1867 1597 consecutione
1883 1537 1945 1599 boni

319 1619 453 1699 acquirit
468 1617 521 1697 jus
541 1617 684 1678 strictum
706 1617 746 1678 ad
768 1635 836 1678 rem
856 1619 957 1695 illam,
974 1637 1031 1698 pro
1051 1637 1114 1701 qua
1167 1619 1224 1681 sibi
1245 1619 1353 1697 debiti,
1377 1623 1501 1681 tenetur
1521 1619 1686 1682 restituere
1705 1626 1737 1683 et
1755 1641 1945 1704 compensare

319 1706 538 1768 concurritur:
560 1723 636 1784 ergo
657 1705 694 1768 fit
713 1705 844 1785 injuria,
865 1707 889 1768 si
906 1707 975 1788 quis
990 1709 1113 1769 defrau·
1167 1706 1293 1784 damna,
1310 1707 1355 1769 uti
1369 1710 1492 1768 constat
1506 1725 1545 1768 ex
1558 1708 1650 1770 dictis
1663 1727 1725 1772 cn.
1741 1715 1793 1774 69.

319 1795 424 1872 detur,
447 1813 477 1856 v.
501 1813 533 1873 g.
557 1794 695 1854 sialiter
718 1795 854 1857 dictetur
877 1801 1110 1876 argumentum,
1206 1795 1267 1875 §5-
1283 1795 1453 1858 Occasione
1475 1795 1631 1857 dictorum
1651 1799 1822 1861 resolvitur
1839 1800 1888 1862 hic
1903 1809 1986 1872 aa!

318 1882 495 1964 corrigatur
510 1881 632 1959 vitium,
652 1886 708 1945 aut
721 1884 1004 1964 quomodocunque
1018 1905 1112 1966 agen·
1166 1903 1238 1945 sus:
1255 1884 1354 1946 'lilius
1368 1883 1550 1946 adolescens
1568 1901 1652 1963 saepe
1670 1886 1786 1949 merito
1806 1905 1862 1950 suc
1879 1890 1946 1952 obii

318 1973 359 2034 do
382 1976 492 2034 contm
513 1970 600 2051 leges
620 1971 731 2032 talium
752 1990 973 2051 concursuum,
996 1975 1022 2034 si
1046 1976 1107 2052 ille,
1166 1972 1234 2034 nuit
1256 1972 1396 2050 praemia,
1422 1970 1478 2032 sed
1502 1972 1600 2032 semel
1624 1972 1761 2037 obtinuit
1784 1995 1881 2038 unum
1900 1998 1946 2059 per

318 2061 371 2140 qui
392 2059 617 2140 praevaluerat,
640 2060 830 2140 impediatur
850 2081 870 2122 a
891 2064 1110 2126 consecutione
1165 2061 1328 2138 fraudem,
1354 2059 1470 2138 alioqui
1494 2059 1636 2122 debitum
1658 2061 1754 2136 θεῖος
1782 2064 1823 2126 de
1845 2066 1900 2128 hoc
1918 2085 1945 2128 so
1984 2125 1986 2130 .

316 2149 450 2228 praemii.
1164 2147 1449 2211 'litiusaccusatin
1464 2147 1683 2223 Confessione;
1702 2149 1945 2225 Ooaen'turlm
1985 2207 1986 2210 ,

357 2237 425 2316 52.
446 2239 520 2299 Hac
543 2235 658 2316 injuria
681 2236 806 2300 ridetur
829 2256 897 2300 csse
920 2240 1036 2319 gravis,
1059 2240 1109 2302 vel
1165 2234 1397 2298 aGonlessario
1421 2234 1462 2295 sit
1484 2234 1683 2314 obligandus,
1708 2243 1743 2300 ut
1762 2257 1838 2302 cum
1855 2261 1906 2304 suo
1920 2249 1946 2305 et

316 2327 438 2388 ratione
460 2325 630 2388 materialis
653 2327 786 2405 praemii,
812 2347 867 2389 seu
890 2327 973 2404 libri,
994 2328 1020 2388 si
1042 2328 1109 2409 ejus
1164 2324 1290 2387 familia
1314 2323 1468 2386 dedecore
1488 2323 1606 2386 factum
1624 2326 1757 2405 prodat,
1780 2331 1873 2394 utita
1884 2332 1945 2394 Gaio

316 2413 452 2494 pretium
466 2413 616 2476 ascendat
636 2413 676 2474 ad
697 2416 862 2478 materiam
883 2417 1003 2495 peccati
1027 2435 1109 2478 mor·
1163 2414 1304 2477 satistiat.
1315 2417 1345 2474 2.
1359 2415 1406 2474 An
1422 2411 1566 2490 sufficiat,
1582 2411 1608 2472 si
1622 2414 1805 2494 preelectus,
1817 2421 1867 2480 vel
1879 2419 1945 2481 alius

315 2503 401 2580 talis,
417 2503 467 2565 vel
481 2502 592 2564 saltem
607 2502 727 2564 ratione
741 2503 880 2566 formalis
895 2506 1026 2584 praemii,
1043 2507 1108 2568 sire
1163 2501 1287 2583 publice
1310 2499 1414 2561 edicat
1433 2517 1490 2578 per
1511 2516 1651 2560 errorem
1674 2504 1858 2584 contigisse,
1881 2525 1946 2587 quo-

316 2591 443 2654 honoris
458 2595 489 2652 et
502 2591 670 2652 testimonii
686 2590 802 2670 publici
817 2593 856 2654 de
871 2594 1016 2672 scientia,
1033 2613 1108 2674 pen·
1162 2591 1265 2652 miuus
1281 2590 1373 2652 Caius
1387 2587 1545 2667 acceperit
1558 2589 1736 2668 praemium.
1752 2595 1785 2654 3.
1799 2595 1878 2666 Ouid
1891 2601 1945 2657 tun·
1985 2645 1986 2650 ,

315 2680 430 2760 detque
440 2697 523 2758 saepe
534 2679 688 2758 promotio
699 2679 770 2740 talis
780 2679 1109 2745 adolescentisacom·
1162 2680 1236 2740 dem
1257 2678 1361 2739 iacere
1385 2676 1499 2738 debeat
1521 2677 1631 2738 'lilius
1659 2681 1752 2759 ltesp.
1778 2683 1821 2744 ad
1841 2687 1869 2746 l.
1888 2686 1945 2744 lton

314 2767 527 2842 mandatione,
551 2766 635 2846 quod
656 2767 688 2827 in
709 2767 821 2829 studiis
839 2770 945 2831 retulit
964 2773 1104 2850 premia.
1162 2773 1209 2830 est
1222 2768 1263 2829 nd
1277 2767 1337 2828 hoc
1352 2763 1556 2844 obligandus,
1579 2765 1655 2844 quia
1674 2767 1743 2830 haec
1756 2770 1945 2852 inlamiapo-
1979 2795 1986 2882 p

354 2857 417 2936 §a
429 2855 582 2937 lnjustum
597 2859 654 2932 est,
666 2855 804 2936 aliquem
818 2856 976 2919 adducere
990 2859 1030 2920 ad
1045 2861 1107 2922 sol·
1161 2857 1253 2918 sitiva
1268 2859 1349 2916 esset
1362 2854 1394 2915 in
1413 2852 1831 2933 aestimationeprudentum
1844 2861 1943 2942 major,
1984 2883 1986 2950 ᾗ

314 2946 418 3009 venda
431 2943 572 3025 praemia,
589 2962 628 3004 ea
641 2943 819 3006 conditione
833 2947 1003 3025 proposita,
1021 2950 1106 3029 quod
1161 2963 1256 3026 quam
1279 2945 1332 3005 illa
1355 2942 1503 3022 negativa
1524 2940 1601 3019 Gaii,
1624 2943 1691 3004 sive
1714 2963 1814 3024 quam
1834 2949 1944 3027 negatio
1985 2961 1986 3008 1

315 3035 383 3116 ejus
398 3032 502 3112 nepoti
517 3031 558 3093 sit
571 3030 711 3092 dandum
721 3033 884 3110 proemium
895 3035 1019 3096 excluso
1031 3037 1103 3114 alio,
1160 3033 1289 3097 honoris
1303 3031 1380 3093 alias
1401 3029 1573 3092 obtinendi
1598 3032 1741 3110 Accedit,
1758 3037 1847 3115 quod
1860 3037 1945 3100 'lilius

194 3113 202 3124 “
315 3123 369 3204 qui
389 3125 538 3198 meretur,
560 3121 599 3182 ob
620 3120 774 3182 rationem
790 3121 857 3202 jam
872 3123 994 3200 datam,
1012 3130 1105 3188 esset-
1160 3141 1217 3202 per
1226 3123 1285 3182 hoc
1296 3137 1329 3182 se
1339 3117 1509 3199 conjiceret
1522 3117 1554 3178 in
1568 3135 1719 3198 maguam
1732 3125 1943 3204 suspicionem,
1985 3127 1986 3139 ³

315 3228 376 3292 que
391 3211 451 3270 hoc
464 3207 629 3272 Mecoeuati
644 3209 721 3270 darc
735 3210 933 3288 scandalum,
951 3211 1026 3290 quia
1039 3231 1106 3274 me·
1160 3215 1254 3292 atque
1268 3210 1295 3270 si
1309 3209 1341 3270 in
1357 3207 1425 3270 aliis
1445 3207 1541 3268 etiam
1557 3208 1698 3285 praemiis
1711 3209 1860 3274 fraudem
1873 3232 1945 3275 conr-

313 3297 374 3360 ritc
392 3296 603 3377 suspicaretur
623 3296 736 3376 sapius
754 3298 935 3378 contingere
950 3298 1104 3379 ejusmodi
1158 3301 1303 3376 misisset,
1329 3298 1436 3377 sieque
1459 3295 1599 3375 privaret
1621 3315 1656 3358 so
1680 3300 1818 3377 positivo
1839 3303 1945 3365 honore

313 3385 460 3460 fraudes;
491 3390 541 3462 et,
567 3384 592 3446 si
616 3385 657 3446 ad
683 3386 826 3447 homines
854 3391 1016 3448 emanaret
1042 3388 1104 3449 tale
1155 3388 1239 3470 juste
1264 3389 1411 3460 obtento;
1437 3402 1530 3464 que,
1555 3383 1668 3447 saltem
1691 3387 1787 3451 simul
1810 3395 1943 3471 sumpta,

313 3475 441 3551 iactum,
467 3473 547 3534 toret
570 3477 680 3534 contra
702 3474 940 3537 estimationem
964 3493 1105 3538 commu·
1158 3473 1944 3561 longepraevalentnogativaeinhonorationi,quam

313 3579 397 3638 nem,
420 3577 517 3639 quam
536 3557 655 3620 habent
675 3577 784 3620 omnes
805 3560 844 3620 de
864 3561 1009 3641 aequitate
1028 3564 1104 3623 Cen·
1158 3566 1275 3644 patitur
1297 3563 1401 3627 caius.
1426 3559 1475 3622 Ad
1493 3565 1530 3622 2:
1544 3564 1613 3622 Nou
1634 3563 1806 3627 suaderem
1826 3568 1857 3628 iu
1875 3585 1945 3648 pre-
1984 3633 1985 3638 ,

312 3665 430 3723 sorum,
456 3663 493 3706 ac
516 3645 694 3707 notabiliter
714 3645 914 3709 imminueret
932 3649 1105 3712 aemulatio·
1157 3654 1258 3716 sentia
1281 3652 1371 3730 Titii,
1398 3651 1567 3730 nequidem
1591 3651 1631 3712 de
1654 3651 1754 3731 ipsius
1779 3674 1942 3733 consensu,

312 3753 385 3796 nem
404 3733 588 3814 juventutis.
614 3732 649 3795 Si
673 3733 752 3795 dirus
777 3735 984 3798 Mecoenatem
1011 3753 1102 3818 posse
1156 3743 1217 3805 hoc
1232 3743 1304 3821 dici,
1317 3740 1604 3822 quia'litiusetiam
1619 3741 1730 3804 nolens
1744 3743 1839 3806 lncile
1853 3751 1945 3825 posset

312 3823 389 3886 nulli
411 3822 487 3884 dare
509 3822 674 3902 praemium
695 3825 726 3883 et
746 3823 821 3884 dare
843 3824 1013 3888 liberaliter
1036 3845 1104 3887 om·
1157 3831 1189 3891 in
1204 3830 1352 3892 ruborem
1371 3828 1422 3908 agi
1442 3832 1474 3890 et
1492 3827 1537 3889 sic
1555 3827 1664 3890 venire
1683 3829 1714 3890 in
1731 3833 1942 3912 suspicionem,

311 3911 422 3988 nibus,
437 3916 648 3990 preterquam
663 3909 718 3985 illi,
734 3909 823 3990 cujus
837 3912 905 3973 loco
921 3915 1035 3994 accipit
1049 3933 1103 3975 ne·
1157 3937 1194 3980 ao
1208 3923 1318 3998 postea
1333 3917 1437 3978 dicere
1452 3934 1472 3978 a
1485 3916 1684 3979 Gonieseario
1699 3917 1882 3999 impositam
1894 3921 1943 3982 sibi

310 4018 391 4080 pos:
416 4002 508 4080 Resp.
535 4002 628 4060 Posse
650 3999 726 4060 nulli
747 3999 834 4078 dara,
856 4002 912 4063 sed
926 4005 1100 4084 supposito,
1157 4025 1224 4069 esse
1239 4005 1464 4086 obligationem
1482 4004 1544 4066 hoc
1564 4005 1779 4084 permittendi,
1803 4010 1944 4090 quodep·
1983 4069 1984 4074 ,

312 4088 397 4170 quod
417 4088 536 4149 indicat
555 4105 753 4165 concursum,
775 4091 900 4151 tenetur
923 4092 997 4154 dare
1022 4111 1102 4173 prae-
1155 4101 1223 4156 tum
1238 4099 1320 4157 esset
1338 4093 1470 4155 reddere
1485 4093 1720 4158 confessionem
1739 4099 1829 4176 apud
1847 4115 1943 4160 omnes
1982 4167 1984 4192 4

310 4175 451 4240 valenti:
470 4174 561 4236 sicuti
576 4179 727 4253 patronus
741 4180 847 4254 posset
860 4178 899 4238 ad
915 4179 1102 4240 beneficium
1156 4183 1308 4246 odiosam.
1333 4183 1365 4244 Si
1384 4185 1490 4243 tamen
1509 4180 1634 4243 abesset
1657 4201 1742 4246 nunc
1761 4185 1874 4264 Titius,
1895 4203 1944 4246 nec
1983 4233 1984 4246 .

310 4263 489 4340 nominare,
506 4263 721 4344 quemvellet,
738 4263 763 4324 si
778 4266 1102 4329 tamenindicatcou·
1156 4273 1294 4351 prudeus
1321 4269 1456 4350 suspicio
1485 4273 1591 4348 posset
1622 4271 1655 4331 in
1683 4271 1790 4351 ipsum
1818 4275 1941 4350 cadere,
1983 4313 1984 4316 =

311 4370 453 4432 cursum,
469 4370 532 4414 nou
545 4356 650 4430 potest
667 4351 743 4414 dare
758 4353 816 4415 nisi
830 4356 1024 4433 praevalenti.
1041 4357 1103 4419 Nec
1155 4365 1261 4439 posset
1279 4359 1311 4421 id
1329 4358 1397 4420 lieri
1417 4363 1449 4418 ct
1470 4375 1528 4437 per
1551 4357 1612 4420 hoc
1634 4369 1896 4440 compensaretur
1911 4379 1942 4423 ex
1983 4417 1984 4440 ,

310 4438 413 4508 obstat,
428 4439 514 4519 quod
532 4439 680 4502 fundator
695 4440 838 4503 beneficii
853 4447 989 4507 statuere
1004 4447 1103 4525 possit
1155 4452 1244 4529 parte
1259 4449 1370 4509 honor.
1387 4443 1436 4506 Ad
1449 4447 1478 4506 3.
1492 4447 1630 4508 Tenetur
1643 4446 1675 4508 in
1690 4448 1803 4527 primis
1819 4450 1942 4530 pretium
1983 4441 1984 4524 l

311 4527 344 4589 in
365 4525 473 4588 limine
495 4527 701 4606 fundationis,
728 4533 762 4590 ut
785 4530 902 4610 aliquid
925 4535 990 4610 srat,
1016 4535 1101 4613 quod
1154 4537 1225 4599 libri
1241 4537 1361 4598 solvere
1380 4534 1470 4611 Caio,
1489 4534 1644 4597 mittendo
1658 4555 1717 4615 pen
1730 4537 1873 4617 ignotam
1886 4555 1942 4600 ma·
1982 4557 1984 4630 q

311 4615 428 4695 alioqui
451 4621 499 4676 est
521 4621 630 4678 contra
656 4621 798 4678 tenorem
825 4619 1018 4682 fundationis
1043 4641 1100 4702 pro
1155 4645 1230 4688 num
1248 4648 1255 4688 :
1272 4624 1386 4686 deinde
1401 4624 1426 4686 si
1441 4623 1546 4686 adhuc
1561 4625 1654 4686 simul
1669 4627 1821 4691 studeant
1834 4633 1866 4691 et
1879 4645 1941 4690 con·
1983 4693 1984 4698 ,

310 4703 439 4783 reliquis
458 4704 603 4766 vicibus:
626 4703 706 4766 Nam
728 4706 788 4767 hoc
811 4724 874 4767 non
896 4709 1053 4788 obstante,
1075 4711 1099 4773 si
1155 4716 1290 4795 tingeret
1312 4714 1440 4776 eosdem
1464 4714 1579 4778 iterum
1602 4719 1723 4778 certare
1748 4717 1788 4778 de
1807 4717 1939 4798 praemio,
1981 4747 1984 4796 i

311 4809 395 4852 nunc
408 4791 527 4853 indicat
539 4809 727 4853 concursum
742 4810 798 4872 pro
810 4794 966 4873 omnibus,
977 4800 1101 4860 tenetur
1154 4820 1192 4864 ac
1215 4803 1401 4882 praeraleret
1423 4803 1537 4880 Titius,
1563 4802 1669 4866 induci
1689 4811 1812 4884 posset,
1829 4805 1941 4872 uredo
1981 4817 1983 4824 ’

310 4883 393 4942 stare
417 4879 602 4958 concursui,
628 4880 672 4942 sic
696 4881 780 4942 enim
803 4881 900 4944 initur
922 4890 1101 4948 contractus
1154 4891 1940 4972 relinqueretpraemium3possetetiamiorteGains
1982 4957 1983 4970 ,

309 4968 533 5046 innominatus,
556 4969 648 5050 socio,
672 4979 704 5031 ut
724 4970 794 5040 deo,-
814 4971 885 5032 sr'oto
905 4991 959 5041 me,
979 4983 1013 5034 ut
1034 4995 1101 5036 con·
1154 4981 1301 5060 privatim
1315 4979 1432 5057 induci,
1444 4981 1555 5042 saltem
1565 4980 1678 5060 pretio,
1690 4987 1725 5042 ut
1734 4999 1862 5044 omnem
1871 4981 1941 5045 obli·

309 5056 398 5138 seros,
418 5057 446 5119 ri
456 5057 670 5139 praevaluero:
692 5077 768 5139 ergo
787 5060 929 5122 similiter
948 5061 979 5122 in
994 5067 1100 5125 nostro
1154 5068 1313 5148 gallonem
1327 5069 1512 5130 remitteret.
1530 5068 1563 5130 Si
1577 5075 1684 5130 tamen
1699 5069 1741 5131 sit
1754 5071 1881 5151 aliquod
1893 5087 1939 5150 pe·
1981 5067 1983 5138 Ι

311 5164 386 5208 casu
406 5167 413 5208 :
436 5151 584 5228 patetque
608 5148 639 5209 in
662 5149 767 5226 simili,
793 5165 866 5210 nam
888 5149 961 5212 licet
983 5151 1100 5230 possim
1154 5157 1254 5234 riculi,
1275 5176 1314 5218 ne
1334 5157 1510 5237 suspicetur
1528 5155 1568 5218 da
1587 5156 1681 5234 Titio,
1702 5160 1939 5238 praerequiretnr

310 5253 373 5296 non
389 5234 464 5297 dare
478 5235 534 5299 tibi
555 5255 704 5315 aureum,
720 5236 1100 5318 sitameutibipromise-
1153 5263 1323 5308 consensus
1342 5246 1415 5307 'litii
1434 5246 1466 5306 in
1487 5245 1547 5308 hoc
1566 5249 1597 5308 et
1616 5245 1709 5308 Caius
1723 5247 1874 5310 indirecte
1887 5245 1938 5306 erit
1981 5267 1983 5316 f

309 5321 370 5384 rim
389 5326 421 5385 et
443 5327 477 5386 tu
498 5324 737 5403 promissionem
760 5327 952 5406 acceptaris,
976 5334 1096 5389 teneor.
1153 5353 1173 5397 a
1194 5335 1370 5416 suspicione
1394 5335 1434 5396 dc
1458 5335 1539 5398 'litio
1563 5335 1780 5399 abducendus.
1806 5337 1937 5415 Denique
1981 5317 1983 5394 i

310 5410 389 5474 Vide
412 5411 547 5474 dicenda
570 5412 592 5475 l.
618 5417 648 5491 l,
670 5417 701 5476 rr.
724 5416 794 5492 628,
817 5414 905 5496 Coos.
929 5435 1003 5478 nam
1022 5418 1099 5482 alias
1153 5429 1258 5504 posset
1279 5425 1378 5488 Titius
1401 5425 1583 5506 permittere
1602 5427 1714 5490 Caium
1731 5428 1856 5508 publice
1877 5425 1937 5484 lou·
1981 5399 1983 5460 ⁸

310 5503 415 5580 posset
432 5499 503 5568 talis
521 5503 678 5566 llecoenas
699 5504 803 5584 quoad
822 5522 931 5568 omues
947 5503 991 5568 ita
1003 5526 1097 5587 agero
1152 5513 1219 5576 dari
1239 5531 1259 5576 a
1277 5514 1417 5594 scientia,
1441 5515 1531 5598 cujus
1550 5515 1681 5596 praemio
1705 5516 1867 5580 fraudatus
1884 5513 1934 5590 esi,
