3992 6336
304 503 363 566 lla
874 493 991 558 LIBER
1011 487 1192 569 TERTIUS,
1215 490 1318 556 Pras
1339 492 1378 559 ll.

344 717 358 752 a
377 695 401 754 l.
420 689 479 765 Oui
494 687 642 769 injuriam
658 684 772 764 intulit,
790 703 828 745 ex
849 701 912 763 qna
926 680 1016 744 alleri
1032 680 1098 740 nul·
1153 641 1373 760 tranquillitas,
1393 681 1562 746 satislbotio
1586 683 1695 762 animi,
1717 685 1847 746 mutuos
1875 699 1943 746 oon·

304 785 370 848 lum
385 784 432 844 εει
447 780 598 840 damnum
619 779 772 853 secutum,
797 771 885 850 ut,si
909 769 1099 834 adulterium
1154 787 1264 830 sensus
1286 773 1316 832 et
1340 788 1430 834 amor
1453 786 1512 850 per
1529 769 1802 834 conservationem
1819 771 1948 852 aequali-

304 848 472 946 commisit
497 867 564 929 sine
585 858 838 927 damnificatione
867 860 1005 936 alterius,
1037 875 1099 920 non
1155 857 1227 920 tatis
1244 856 1387 938 jurium:
1413 879 1500 940 argo,
1524 859 1610 940 quod
1629 859 1677 924 his
1692 859 1875 942 opponitur,
1901 863 1946 922 est

304 963 431 1024 tenetur
444 957 476 1018 in
496 953 689 1017 conscientia
712 952 753 1014 ad
771 949 1011 1024 restitutionem,
1027 965 1100 1008 cum
1154 964 1250 1026 grave
1265 950 1375 1008 contra
1384 946 1550 1028 justiliam.
1568 949 1658 1010 Ratio
1673 967 1693 1010 a
1706 949 1876 1028 posteriori
1889 955 1943 1026 cst,

305 1050 374 1111 haec
402 1045 442 1108 sit
474 1042 630 1123 reparatio
659 1039 785 1112 damni;
815 1041 919 1117 potest
945 1041 1053 1098 tamen
1080 1051 1100 1095 a
1156 1032 1338 1112 quiabomo
1354 1034 1522 1097 decaetero
1547 1035 1697 1116 prudens,
1721 1037 1747 1098 si
1771 1037 1945 1117 injurietur,

304 1136 412 1220 judice
427 1133 498 1212 cogi
512 1132 553 1192 ad
567 1127 824 1192 satisfaciendum
845 1144 903 1205 pro
917 1123 1042 1206 injuria.
1157 1140 1219 1184 non
1234 1120 1315 1184 solet
1326 1123 1467 1204 graviter
1484 1124 1675 1202 contristari,
1692 1130 1748 1187 aut
1771 1124 1947 1186 renuntiare

347 1248 362 1284 a
381 1225 419 1286 ΙΙ.
445 1219 590 1300 Quisquis
612 1217 717 1279 intulit
736 1214 884 1295 injuriam
903 1214 1099 1286 damnosam,
1157 1207 1338 1280 amicitiam.
1356 1211 1414 1273 nisi
1430 1211 1545 1292 injuria
1567 1212 1700 1291 sittelia,
1725 1231 1797 1294 quoe
1811 1217 1947 1293 spectato

308 1313 403 1377 etiam
418 1308 612 1372 materialem
631 1309 765 1382 tantum,
781 1307 906 1366 tenetur
919 1300 1101 1372 restituere3
1157 1298 1317 1360 communi
1341 1317 1434 1361 sensu
1459 1300 1499 1362 sit
1521 1300 1642 1380 gravis,
1659 1319 1735 1380 ergo
1757 1301 1783 1362 si
1798 1319 1858 1380 per
1871 1300 1948 1380 inju-

308 1402 364 1464 sed
379 1398 501 1462 nonnisi
516 1396 559 1473 id,
577 1394 661 1476 quod
676 1413 715 1455 ex
728 1393 858 1455 alterius
880 1410 915 1454 re
930 1389 1034 1454 adhuc
1048 1388 1103 1449 ha·
1157 1387 1237 1448 riam
1251 1387 1389 1470 aliquam
1404 1387 1496 1450 detur
1509 1408 1605 1452 causa
1618 1392 1724 1469 gravis
1739 1391 1947 1454 contristatio-

308 1492 373 1567 bet,
388 1488 438 1550 vel
453 1505 515 1568 quo
531 1503 570 1546 ex
585 1503 623 1545 ea
636 1483 738 1544 faetus
752 1485 800 1543 est
814 1480 918 1544 ditior.
1158 1474 1206 1536 nia
1242 1475 1293 1536 rel
1328 1477 1545 1539 renuntianda
1574 1476 1718 1540 amicitiae
1734 1524 1743 1556 ,
1773 1477 1946 1540 communis

349 1601 363 1637 n
384 1578 436 1641 lll.
460 1573 518 1648 Oui
541 1572 647 1633 intulit
667 1568 816 1650 injuriam
839 1565 1013 1644 formalem,
1038 1565 1103 1625 sive
1158 1581 1268 1624 sensus
1283 1568 1330 1626 ost
1343 1557 1490 1644 iujuriam
1506 1584 1573 1626 esse
1587 1584 1728 1645 gravem.
1751 1567 1825 1629 llaec
1840 1566 1946 1644 regula

310 1683 377 1728 rem
401 1663 505 1726 adhuc
532 1661 659 1736 habeat,
685 1658 750 1720 sivo
774 1676 848 1726 non.
869 1660 994 1720 tenetur
1013 1652 1105 1714 resti·
1158 1655 1267 1729 postea
1281 1651 1313 1712 in
1326 1653 1507 1733 particulari
1522 1654 1730 1734 applicabitur
1750 1655 1792 1716 ad
1806 1655 1944 1733 singulas

309 1758 409 1828 tuere,
426 1754 458 1812 et
479 1749 607 1832 quidem
631 1751 767 1823 tantum,
790 1749 943 1830 quantum
956 1745 1003 1804 εει
1017 1743 1105 1803 dam·
1158 1738 1317 1816 materias,
1334 1740 1366 1801 in
1394 1741 1507 1820 quibus
1529 1743 1569 1803 ob
1591 1742 1738 1826 injuriam
1759 1761 1893 1828 gravem
1906 1746 1949 1804 est

311 1839 710 1902 numseoutum.1lnvern
732 1833 868 1908 subiciat
888 1833 983 1912 eulpa
996 1831 1105 1893 venia·
1158 1824 1265 1906 gravis
1279 1825 1429 1906 obligatio
1450 1818 1646 1893 restituendi.
1673 1831 1827 1903 Quanam
1838 1829 1880 1891 sit
1892 1847 1951 1890 ma·

310 1931 359 2006 lis,
376 1929 614 1992 controvertunt
626 1925 790 2000 ductores,
803 1926 835 1985 et
848 1921 1004 1984 sententia
1017 1923 1108 1981 utra·
1159 1913 1240 1976 teria
1252 1915 1359 1992 gravis
1372 1916 1458 1994 lurti,
1485 1917 1667 1980 dictumest
1682 1937 1717 2000 p.
1734 1921 1764 1996 l,
1794 1937 1814 1979 a
1834 1939 1865 1980 a.
1885 1921 1948 1982 9¹19.

313 2038 374 2100 que
388 2015 560 2098 probabilis
574 2013 709 2090 ridetur,
725 2030 763 2074 oo
777 2011 809 2072 in
828 2010 916 2090 praxi
940 2011 1029 2071 tuta:
1047 2007 1106 2068 sal·
1202 2002 1338 2084 objicies.
1365 2006 1535 2084 Nunquam
1558 2009 1606 2069 εει
1619 2006 1740 2068 licitum
1765 2007 1887 2084 odium,
1907 2007 1950 2068 rel
1971 2028 1982 2072 ε

313 2111 377 2169 tem
391 2103 518 2184 quando
532 2119 595 2164 non
614 2099 778 2164 commodo
802 2101 905 2178 potest
926 2095 1104 2160 restituere.
1161 2091 1325 2156 inimicitia
1337 2109 1410 2155 oum
1424 2094 1568 2172 proximo
1585 2114 1592 2155 :
1610 2114 1686 2174 ergo
1705 2115 1871 2178 nunquam
1886 2115 1951 2158 cen-

313 2194 351 2256 V.
374 2194 528 2254 Auctores
551 2189 635 2252 citat.
661 2190 773 2268 Laym.
794 2190 879 2250 Less.
896 2205 928 2249 n.
943 2187 1002 2259 εις
1019 2186 1107 2264 Lugo
1161 2185 1248 2244 setar
1275 2179 1343 2244 dari
1371 2201 1467 2244 eausa
1498 2184 1705 2247 dissolvendae
1732 2187 1897 2264 amicitiae,
1924 2191 1952 2246 et

314 2279 389 2362 (lap,
407 2283 437 2360 8,
454 2298 485 2342 η,
502 2281 552 2341 56.
569 2299 584 2339 o
1163 2273 1392 2349 consequenter
1406 2270 1492 2332 nulla
1514 2271 1640 2334 dabitur
1653 2271 1759 2352 gravis
1773 2273 1901 2353 injuria
1917 2275 1949 2337 R.

1163 2362 1201 2422 N.
1218 2376 1303 2420 cons.
1321 2375 1395 2420 nam
1409 2377 1471 2421 non
1487 2360 1620 2422 dicimus
1643 2360 1704 2423 hoc
1724 2379 1793 2423 esse
1809 2361 1950 2442 injuriam

1163 2463 1379 2528 gravemque
1394 2448 1494 2528 posito
1509 2449 1550 2511 sit
1562 2449 1682 2512 licitum
1689 2450 1827 2512 alterum
1842 2451 1949 2528 odisse,

585 2532 836 2599 ADDRNDA.
1163 2537 1214 2597 vel
1248 2555 1320 2599 oum
1347 2537 1400 2600 illo
1427 2537 1545 2600 habere
1573 2537 1780 2617 inimicitiam,
1812 2540 1870 2602 sed
1896 2559 1950 2620 quo

1164 2625 1284 2707 posito,
1308 2629 1451 2706 spectata
1471 2627 1628 2689 communi
1656 2627 1877 2707 complexione
1904 2628 1952 2690 bo·

274 2754 289 2798 2
359 2725 466 2800 Oueesl.
486 2726 572 2785 1.-
587 2721 729 2798 Ortonam
753 2719 871 2804 injuria
890 2721 999 2782 censeri
1012 2719 1112 2784 debent
1165 2716 1302 2792 minum,
1328 2715 1484 2777 ordinarie
1512 2717 1548 2778 nt
1577 2719 1613 2780 ut
1643 2716 1787 2778 homines
1821 2717 1951 2798 graviter

316 2811 628 2896 pravistbespmum
642 2807 797 2872 restitutio
811 2811 937 2886 reparet
949 2807 1109 2889 injuriam,
1145 2851 1150 2856 -
1166 2803 1414 2880 constristentur,
1437 2809 1469 2867 et
1487 2805 1659 2869 dissolvant
1685 2805 1874 2883 amicitiam,
1894 2807 1951 2868 sire

318 2905 353 2964 ut
379 2898 483 2962 decidi
511 2897 629 2977 possit,
660 2897 864 2977 quandonam
891 2895 932 2958 sit
959 2895 1109 2976 obligatio
1166 2895 1226 2956 hoo
1248 2891 1331 2955 licite
1353 2893 1479 2972 iaciant,
1503 2895 1568 2956 sive
1591 2895 1716 2969 illioite;
1741 2893 1803 2956 boc
1819 2893 1951 2956 enimnd

317 2987 423 3074 gravis
445 2985 643 3064 restituendi,
666 2983 921 3066 praemittendum
942 2989 989 3047 est
1012 2985 1045 3046 in
1059 2977 1129 3066 ge?
1166 2983 1248 3044 hano
1263 2999 1330 3042 rem
1344 3000 1407 3043 non
1422 2983 1507 3060 facit,
1524 2983 1600 3063 quia
1613 2983 1746 3044 dicimus
1760 2983 1822 3046 boo
1839 2985 1951 3046 unum

319 3097 405 3154 nere,
422 3073 623 3157 quandonam
639 3071 754 3154 injuria
774 3071 897 3134 censeri
912 3069 1026 3136 debeat
1039 3087 1112 3154 gra·
1167 3089 1235 3132 esse
1249 3070 1385 3150 signum,
1409 3071 1494 3152 quod
1517 3072 1557 3134 sit
1579 3072 1695 3153 injuria
1712 3071 1843 3151 gravis;
1860 3089 1952 3150 neque

319 3166 387 3243 ris,
412 3169 444 3228 et
466 3163 635 3226 dicendum
655 3155 702 3226 εει
724 3160 810 3224 illam
832 3177 900 3223 csso
923 3161 1113 3224 censendam
1168 3160 1263 3222 etiam
1277 3159 1308 3221 in
1323 3160 1383 3223 boo
1399 3161 1538 3224 consistit
1560 3162 1639 3225 ratio
1658 3160 1793 3244 injuria,
1805 3162 1865 3224 sed
1878 3162 1909 3223 iu
1922 3175 1952 3222 eo

318 3271 467 3336 gravem,
497 3269 567 3332 quae
594 3251 735 3331 spectata
762 3248 921 3314 communi
949 3249 1112 3312 hominum
1168 3249 1253 3331 quod
1268 3256 1378 3312 contra
1388 3249 1441 3332 jus
1456 3253 1579 3331 agatur.

320 3339 547 3422 complexione,
571 3340 745 3403 secundum
768 3357 801 3400 se
825 3341 900 3417 apta
922 3340 970 3401 est
983 3357 1113 3401 causare
1210 3338 1317 3414 Quaere.
1340 3343 1370 3402 2.
1391 3340 1492 3401 -An
1504 3341 1607 3402 scierete'
1619 3348 1646 3402 et
1658 3339 1772 3402 volenti
1788 3339 1863 3424 fieri
1872 3337 1954 3422 pouit
1972 3359 1993 3422 ι

321 3447 471 3511 magnam
485 3427 766 3506 contristationem,
783 3431 838 3489 aut
858 3425 1028 3490 amicitiam
1051 3426 1116 3489 dis·
1168 3427 1306 3510 injuria?
1325 3429 1417 3507 Resp.
1436 3429 1551 3492 Scienti
1567 3433 1599 3494 ει
1611 3428 1727 3492 volenti
1742 3429 1906 3493 voluntate
1918 3427 1953 3488 ei·

321 3521 455 3584 solvero.
472 3519 527 3582 nst
541 3518 801 3581 communiscum
810 3515 1049 3600 Espdejustq.
1062 3521 1112 3594 27,
1168 3516 1317 3594 sscaoiter,
1342 3521 1374 3578 et
1396 3517 1536 3578 allectiva
1559 3517 1680 3579 cessino
1689 3517 1783 3597 juris,
1809 3518 1880 3580 sieri
1900 3531 1953 3577 non

321 3608 508 3687 videturque
532 3607 576 3668 ila
594 3605 709 3668 sentire
731 3607 765 3668 S.
782 3605 894 3667 Thom.
919 3607 949 3676 2,
965 3607 996 3682 2,
1016 3626 1046 3688 q.
1063 3607 1113 3682 72,
1169 3607 1272 3684 potest
1290 3603 1422 3682 injuria3
1439 3608 1542 3684 potest
1554 3611 1660 3668 tamen
1673 3605 1754 3685 lieri,
1771 3607 1797 3668 si
1820 3607 1955 3669 voluntas

322 3706 381 3762 ort.
397 3699 416 3758 2
432 3693 473 3757 nd
486 3697 515 3772 l,
537 3691 591 3755 ubi
615 3693 698 3754 clare
721 3689 823 3754 innuit
845 3691 930 3753 illam
954 3696 1116 3756 contumc-
1171 3709 1233 3753 non
1248 3690 1288 3754 sit
1302 3692 1470 3755 efficaciter
1484 3693 1701 3774 cessivajuris,
1712 3695 1759 3757 uti
1771 3695 1871 3757 babet
1882 3710 1953 3756 com·

322 3786 398 3848 liam
413 3780 533 3846 censeri
552 3799 694 3862 gravem,
718 3799 775 3862 per
798 3798 894 3862 quam
917 3778 1029 3860 aliquis
1053 3801 1116 3846 non
1170 3781 1274 3842 munis
1293 3781 1457 3844 sententia.
1475 3781 1552 3843 Pars
1573 3783 1594 3845 1
1617 3781 1753 3846 hahetur
1774 3783 1806 3844 in
1821 3784 1895 3866 Rea,
1911 3785 1952 3847 tl.

324 3869 509 3936 reformidat
535 3869 721 3933 contristare
742 3868 886 3932 alterum.
909 3868 1059 3934 Similiter
1077 3872 1116 3934 de
1171 3869 1206 3932 de
1220 3869 1378 3952 Remmia
1391 3869 1421 3931 in
1444 3875 1464 3933 6
1481 3872 1583 3933 sabuti
1605 3882 1633 3934 et
1651 3873 1847 3934 consentienti
1860 3891 1914 3932 aon
1924 3869 1955 3952 fil

324 3959 408 4024 malo
422 3981 451 4044 q.
470 3963 500 4037 7,
525 3966 583 4020 ort.
601 3962 630 4037 l,
656 3961 821 4037 peccatum
843 3958 975 4019 mortale
990 3977 1118 4022 mensu·
1172 3957 1297 4038 injuria,
1326 3975 1418 4042 neque
1444 3957 1550 4021 dolas:
1575 3961 1651 4022 item
1675 3959 1749 4042 Rea.
1774 3963 1847 4038 145,
1870 3959 1902 4042 ff.
1928 3955 1956 4018 de

324 4055 375 4115 rat
396 4067 454 4128 per
477 4045 621 4110 ordinem
641 4045 682 4107 ad
706 4043 944 4108 dissolutionem
971 4043 1118 4110 amicitiae
1171 4045 1276 4109 diuers.
1297 4047 1369 4129 ch.
1385 4047 1487 4110 luris:
1510 4069 1592 4111 nemo
1614 4049 1729 4114 radetur
1749 4047 1897 4132 fraudum
1908 4065 1954 4114 eos.

326 4157 398 4201 eum
418 4139 484 4200 Deo
508 4137 539 4198 et
559 4133 713 4214 proximo.
740 4134 830 4198 Ratio
855 4138 913 4214 est,
935 4135 1012 4215 quia
1032 4134 1117 4216 quod
1172 4157 1224 4220 qur
1244 4136 1340 4198 sciunt
1362 4145 1390 4199 et
1403 4139 1608 4201 consentiunt:
1629 4139 1849 4219 intelliguntur
1862 4141 1956 4199 autem

325 4229 446 4291 ratione
474 4224 694 4306 oppositionis,
721 4242 818 4308 quam
837 4224 935 4286 habet
958 4243 1031 4286 oum
1058 4223 1120 4286 alia
1172 4227 1240 4288 istae
1256 4227 1384 4306 regulae,
1399 4226 1425 4288 si
1440 4227 1511 4308 quis
1524 4229 1700 4291 consentiat
1713 4229 1954 4305 voluntate,non

326 4317 454 4394 virtute,
478 4319 526 4376 est
546 4307 640 4377 e'tiam
668 4312 760 4374 simul
778 4311 918 4394 graviter
941 4313 1120 4394 oppositum
1173 4319 1296 4378 tantum
1318 4316 1470 4394 effective,
1493 4316 1548 4380 sed
1570 4317 1665 4386 etiam
1685 4318 1830 4381 effective
1849 4315 1956 4380 cessim

328 4403 471 4481 caritati,
493 4403 553 4464 hoc
574 4401 695 4464 censeri
717 4397 811 4464 debet
834 4402 929 4464 etiam
951 4421 1019 4464 esse
1046 4421 1121 4484 gra·
1171 4404 1262 4486 juris.
1280 4404 1370 4467 Ratio
1391 4409 1496 4468 autem
1520 4409 1576 4483 εει,
1595 4403 1669 4487 quia
1691 4407 1716 4468 si
1741 4405 1786 4468 ita
1806 4405 1957 4486 possitae

328 4495 409 4558 viter
433 4491 611 4573 oppositum
633 4491 687 4556 tali
702 4490 821 4569 virtuti,
848 4491 922 4572 quia
943 4509 1016 4554 cum
1043 4493 1120 4556 cari·
1174 4493 1261 4569 dere,
1278 4496 1309 4555 et
1322 4490 1426 4571 reipsa
1440 4493 1532 4554 cedat
1546 4493 1611 4574 juri
1634 4512 1702 4571 suo,
1719 4494 1844 4556 nullum
1854 4494 1904 4575 jus
1915 4507 1957 4552 rn-

328 4587 377 4646 taa
390 4581 431 4646 sit
454 4581 549 4644 veluti
571 4599 719 4642 mensura
741 4580 945 4662 reliquarum,
967 4581 1052 4662 quod
1072 4601 1121 4644 ra·
1175 4581 1263 4644 sistet
1278 4581 1285 4643 ':
1302 4599 1378 4661 crgo
1393 4594 1456 4642 non
1471 4582 1531 4643 erit
1544 4583 1626 4644 sotio
1641 4583 1827 4664 contraius,
1844 4582 1898 4644 sed
1910 4594 1957 4659 po

330 4673 416 4736 tione
434 4669 639 4752 oppositionis
658 4689 755 4750 quam
773 4668 869 4732 habet
888 4689 961 4732 oum
974 4669 1044 4734 aliis
1058 4671 1122 4733 vir·
1175 4669 1238 4730 tius
1251 4668 1429 4730 censebitur
1442 4668 1652 4731 actiodomini
1663 4671 1779 4733 utentis
1794 4689 1830 4732 re
1844 4689 1900 4733 sua
1910 4684 1957 4748 per

330 4759 471 4836 tutibus,
498 4761 546 4820 est
567 4777 664 4838 grave
696 4761 807 4820 contra
838 4757 1021 4838 caritatem,
1057 4778 1122 4821 me·
1176 4758 1284 4819 alium.
1315 4757 1392 4818 Pars
1420 4757 1516 4819 aliern
1537 4767 1579 4820 est
1607 4761 1718 4820 contra
1744 4758 1853 4821 Molin.
1881 4761 1954 4820 lass.

332 4849 392 4911 rito
407 4848 502 4936 etiam
523 4851 677 4934 censetur
691 4866 758 4909 esse
775 4867 873 4928 grave
896 4853 1006 4911 contra
1024 4849 1122 4912 talem
1177 4846 1277 4911 Amic.
1295 4847 1387 4925 Spor.
1403 4849 1437 4908 ot
1448 4846 1537 4909 alios
1553 4846 1766 4910 Rationalem
1780 4851 1841 4926 est,
1857 4845 1925 4928 quia
1935 4841 1956 4902 si

331 4935 427 4999 oliam
440 4936 606 4999 virtutem:
622 4935 678 4997 sed
692 4954 784 5000 omne
798 4935 886 5015 illud,
902 4938 988 5017 quod
1002 4939 1123 5001 ratione
1178 4933 1314 4997 invalido
1343 4937 1376 4996 et
1401 4933 1603 4996 inefficaciter
1633 4937 1757 4996 mnbrm
1784 4935 1879 4998 cedat
1903 4926 1955 5011 juri

333 5024 562 5106 oppositionis,
591 5043 686 5105 quam
704 5024 801 5087 babet
823 5027 933 5087 contra
956 5025 1121 5108 justitiam,
1178 5040 1235 5085 suo
1253 5039 1346 5101 :ergo
1357 5020 1410 5102 jus
1423 5020 1654 5100 ipsiusmaoet:
1666 5022 1835 5100 ergoaoiio
1843 5017 1956 5084 alterius

334 5115 543 5177 communiter
557 5117 666 5176 causat
679 5131 828 5192 magnam
843 5114 1122 5186 contristationem,
1180 5106 1239 5173 crit
1261 5113 1371 5172 contra
1389 5108 1442 5189 jus
1465 5109 1586 5189 ipsius:
1611 5127 1686 5188 ergo
1700 5109 1865 5189 injuriosa,
1885 5103 1955 5188 quod

334 5203 384 5264 rel
399 5200 540 5264 dissolvit
552 5201 734 5278 amicitiam,
744 5201 804 5262 hoo
818 5199 913 5262 etiam
927 5207 975 5264 est
988 5201 1126 5282 graviter
1179 5199 1280 5279 magis
1295 5197 1503 5278 explicabitur
1514 5197 1546 5258 in
1567 5197 1721 5259 solutione
1736 5215 1867 5260 casuum
1880 5211 1953 5275 seqq.

336 5291 514 5372 oppositum
538 5289 660 5352 caritati
688 5308 696 5352 t
720 5309 806 5370 ergo.
833 5289 919 5372 Cous.
942 5291 1017 5370 quia
1041 5291 1126 5370 quod
1218 5290 1238 5370 ἓ
1261 5291 1288 5352 1.
1315 5287 1484 5352 Usurarius
1507 5285 1583 5350 laoit
1607 5284 1757 5367 injuriam
1780 5282 1986 5350 mutuatarius

335 5379 475 5459 graviter
503 5379 672 5458 opponitur
698 5378 752 5439 fini
776 5377 925 5459 justitiae,
955 5384 1003 5440 est
1028 5397 1125 5460 grave
1179 5375 1320 5440 solvendi
1335 5395 1470 5438 usuras:
1492 5376 1567 5438 item
1582 5375 1727 5438 venditor
1741 5375 1876 5456 emptori
1894 5389 1955 5434 oon-

337 5473 446 5534 contra
461 5465 636 5549 justitiam
653 5465 723 5530 tlnis
737 5470 843 5530 nutem
854 5464 983 5550 justitiae
992 5469 1039 5534 εει
1052 5485 1124 5552 pax,
1181 5465 1326 5532 sentienti
1341 5464 1373 5527 in
1385 5465 1524 5554 pretium
1537 5463 1669 5532 nimium
1682 5483 1739 5552 pm
1754 5481 1878 5541 merce3
1892 5463 1953 5526 inem
