4056 6344
294 457 353 518 cao
928 455 1044 518 6666
1067 454 1262 527 6616666.
1288 527 1290 532 ,

293 639 1084 719 1666666666,6666666111816111.Ρ66166616,
1139 639 1310 716 mandata,
1339 641 1407 700 tum
1431 636 1515 698 enim
1537 636 1643 698 adhuc
1665 635 1761 698 debet
1787 639 1927 700 executor

293 727 379 804 Bae,
395 729 491 805 hott,
517 725 674 805 Ventrig.,
701 728 796 804 Luca,
815 729 921 804 Lean,
932 729 987 807 ’66,
1012 730 1082 788 612.
1140 745 1210 790 eam
1225 727 1383 807 complere
1400 746 1406 788 :
1424 725 1449 788 si
1464 729 1570 788 tamen
1583 723 1693 787 fuisset
1707 723 1926 794 conditionalis,

293 814 373 878 Vide
385 814 476 876 dicta
489 834 519 876 a.
538 818 624 878 1113.
642 817 719 876 ltem
733 814 848 876 amittit
862 833 1009 877 exercens
1029 833 1087 894 per
1140 820 1171 878 et
1183 820 1302 896 Papam
1317 820 1388 878 ante
1399 813 1612 876 conditionem
1626 813 1787 893 impletam
1801 831 1927 873 morare-

294 903 583 982 seipsum'ofllcium
602 903 751 965 saeculare
773 903 944 980 criminale,
963 903 1006 965 uti
1031 920 1086 964 vo·
1139 910 1201 982 tur,
1217 905 1328 985 pensio
1345 921 1407 965 non
1429 903 1561 964 haberet
1582 902 1697 979 locum,
1722 905 1817 978 Luca,
1839 903 1925 962 1666.

292 993 362 1053 1661
375 990 482 1070 aliqui,
499 991 643 1071 quamvis
665 994 749 1053 Luca
764 991 849 1052 dicat
862 991 957 1052 talem
979 989 1086 1052 venire

293 1083 417 1144 tantum
431 1079 635 1157 privandum3
651 1080 729 1140 Item
743 1078 914 1158 suscipiens
928 1079 1088 1139 feuduma

293 1167 385 1244 laico,
408 1166 483 1245 quia
506 1167 609 1245 reipsa
636 1166 785 1244 suscipiat
806 1166 960 1244 militiam,
987 1168 1083 1244 Luca,

293 1257 386 1318 Leur.
403 1273 431 1335 6.
447 1257 515 1316 613.
532 1257 611 1317 Item
625 1272 788 1315 assumens
802 1253 946 1315 militiam
960 1253 1086 1316 saecula-

295 1361 373 1420 rem,
387 1342 502 1423 quiesi
516 1362 578 1405 non
593 1343 633 1404 sit
645 1343 675 1404 in
689 1343 793 1406 Sacris
803 1342 999 1418 constitutus,
1016 1360 1086 1402 cen-

295 1435 382 1495 setur
396 1450 453 1510 per
476 1449 546 1494 eam
560 1431 726 1494 recessisse
747 1450 766 1492 a
789 1430 955 1507 Clericatu,
971 1431 1084 1508 Paris,

295 1521 452 1600 Ventrig.,
476 1523 573 1582 Luca.
605 1521 644 1582 nt
671 1521 798 1600 quidem
828 1519 958 1596 amittit,
991 1537 1086 1599 quam

294 1607 432 1689 primum
448 1624 562 1668 nomen
583 1607 652 1688 ejus
665 1607 800 1669 relatum
824 1611 870 1668 661
891 1607 923 1667 16
942 1607 1087 1669 matricu-

293 1699 368 1773 lam,
393 1695 438 1758 uti
453 1697 563 1758 661661
574 1695 685 1756 Riciul.
707 1695 862 1774 Ventrig.,
879 1697 964 1758 Luca
977 1699 1086 1756 contra

294 1785 416 1846 116666.
433 1788 502 1860 Aa,
528 1787 640 1860 Casta,
661 1784 775 1862 1666,
797 1787 891 1862 hott,
915 1784 967 1864 qui
992 1783 1088 1845 etiam

293 1872 498 1952 probabiliter
512 1871 630 1948 dicunt,
648 1889 719 1932 oum
733 1871 824 1932 facile
839 1871 966 1951 possita
977 1870 1088 1932 militia

296 1969 461 2046 recedere,
478 1986 545 2029 esse
564 1968 768 2045 monendum,
786 1972 817 2030 61
830 1969 855 2030 si
871 1987 933 2030 non
947 1967 1085 2044 recedat,

295 2075 362 2118 asse
395 2057 594 2136 privandum.
628 2057 707 2120 Vide
729 2060 820 2119 Leur.
855 2077 882 2138 6.
915 2061 984 2118 611.
1010 2059 1088 2119 Item

294 2145 396 2208 iniens
409 2145 654 2224 Matrimonium,
672 2147 682 2180 ¹
708 2147 803 2208 etiam
822 2146 956 2224 irritum,
981 2149 1012 2208 et
1026 2163 1088 2206 non

295 2235 536 2314 serumserum,
555 2237 586 2296 et
600 2234 744 2315 quamvis
756 2251 871 2314 sponsa
889 2237 998 2313 postea
1009 2234 1088 2295 duos

294 2341 419 2385 menses
429 2323 623 2403 ingrediatur
638 2324 842 2402 Religionem,
856 2323 930 2403 quia
943 2322 1009 2402 ipse
1020 2323 1088 2403 jam

296 2409 455 2496 abjecerat
481 2410 678 2490 clericatum,
701 2413 802 2488 Lott,
837 2411 978 2488 Ventrig.
1012 2410 1089 2472 Vide

295 2502 388 2563 Lanr.
405 2518 432 2579 6.
449 2503 519 2577 615,
535 2507 563 2561 et
575 2519 651 2581 seqq.
677 2503 756 2562 Item
777 2502 925 2579 profitens
950 2500 982 2560 in
1007 2499 1089 2560 ileli-

295 2588 388 2668 31666
416 2587 531 2650 amittit
556 2588 739 2668 pensionem
762 2588 918 2650 Beneficio
947 2587 1088 2649 saeculari

296 2693 451 2736 annexam
468 2695 475 2737 :
493 2675 628 2737 retinent
640 2678 745 2738 tamen
760 2674 936 2738 scholastici
951 2675 1090 2738 Societa-

296 2763 336 2824 tis
349 2764 456 2840 lllSU,
473 2762 588 2824 Saneh.
606 2764 747 2842 Castrop.
764 2765 856 2825 Leur.
871 2782 899 2844 6.
916 2765 987 2826 618.

216 2872 270 2922 sira
336 2851 397 2931 63.
419 2855 606 2930 Assumptus
620 2851 661 2912 ad
675 2853 830 2931 Papatum
843 2852 894 2914 vel
910 2851 1090 2915 cardinala-

296 2943 365 3003 tum
382 2956 446 3000 non
464 2938 579 3001 amittit
595 2939 789 3018 pensionem,
814 2943 953 3001 attamen
976 2937 1092 3000 amittit

297 3026 429 3105 adeptus
443 3027 672 3105 possessionem
687 3027 891 3107 Episcopatus
906 3026 970 3086 ueri
987 3031 1018 3086 61
1028 3045 1090 3087 666

297 3113 381 3176 nude
396 3113 549 3176 titularis:
563 3114 647 3194 quod
661 3115 759 3176 etiam
774 3115 882 3176 dicunt
896 3115 1036 3194 plerique
1050 3115 1091 3175 do

298 3204 459 3279 assumpto
474 3199 514 3262 ad
528 3200 707 3263 abbatiam.
725 3201 803 3264 Vide
819 3203 911 3264 Lacr.
929 3219 959 3280 q.
972 3203 1041 3278 619,
1061 3202 1092 3262 61

296 3307 372 3368 seqq.
403 3290 497 3352 Putat
524 3288 619 3350 etiam
645 3291 798 3368 6661666,
828 3289 852 3350 61
874 3289 1091 3368 pensionarius

298 3375 432 3455 accipiat
444 3375 643 3453 beneficium,
660 3394 830 3457 66666666
846 3376 956 3439 hahuit
967 3377 1093 3455 pensio-

297 3483 382 3542 nem,
399 3463 458 3525 hoc
479 3463 546 3542 ipso
562 3464 645 3525 hanc
663 3465 813 3544 extingui,
830 3464 885 3526 sed
907 3465 1093 3527 contradicit

298 3557 405 3628 Aaou,
423 3569 496 3612 nam
510 3553 536 3613 si
556 3553 708 3614 beneficio
724 3553 875 3632 privetur,
892 3557 950 3614 aut
965 3557 1092 3615 coactus

297 3641 374 3722 illud
389 3639 534 3716 dimittat,
552 3645 694 3702 remanet
704 3658 741 3701 eo
752 3641 861 3720 666616
875 3660 882 3701 :
896 3658 972 3718 6636
986 3641 1093 3702 dicen·

299 3728 374 3789 dum
398 3731 446 3788 est
471 3725 567 3787 fuisso
594 3730 717 3789 tantum
744 3745 943 3807 suspensam,
974 3730 1006 3789 et
1031 3747 1092 3789 non

299 3813 478 3878 extinctam.
495 3815 574 3875 Vide
589 3818 681 3878 Leur.
699 3834 727 3896 6.
745 3818 814 3878 651.

216 3921 271 3967 lire
337 3903 407 3982 51.
431 3902 463 3963 Si
487 3902 705 3980 pensionarius
726 3901 852 3963 aliunde
873 3902 1016 3982 acquirat
1038 3904 1095 3964 611-

297 3989 535 4067 mentationem,
548 3995 649 4052 666661
657 3990 764 4068 666616
775 3991 944 4052 constituta
953 3992 992 4052 ab
1007 3992 1094 4070 16616-

303 4097 395 4158 6666,
412 4095 475 4137 666
488 4081 595 4138 tamen
609 4096 629 4139 a
642 4080 740 4156 Papa,
756 4081 852 4154 Luca,
868 4080 961 4140 Leur.
978 4099 1007 4160 6.
1021 4082 1090 4141 635.

297 4167 337 4230 m
348 4166 567 4228 universaliter
576 4167 718 4246 quamvis
729 4173 829 4228 666661
838 4166 868 4227 16
885 4166 948 4244 illo,
961 4167 1010 4228 661
1021 4186 1096 4228 con·

298 4273 389 4316 cessa
403 4258 450 4315 est
464 4253 584 4333 pensio,
602 4258 686 4316 certa
709 4255 858 4335 qualitas;
874 4273 904 4318 v.
926 4273 972 4334 3.,
998 4257 1097 4317 Deca-

1139 1001 1240 1071 qaoest.
1257 995 1326 1056 658.

1179 1081 1239 1160 §te
1257 1081 1290 1144 Si
1304 1079 1413 1160 pensio
1429 1081 1469 1142 sit
1485 1079 1644 1159 assignata
1662 1078 1743 1141 'litio
1766 1078 1798 1138 in
1821 1077 1930 1140 utilita-

1140 1170 1204 1228 tem
1218 1167 1294 1243 Gaii,
1312 1172 1414 1229 666661
1428 1167 1581 1228 moriente
1600 1166 1685 1241 Gaio,
1703 1164 1761 1225 nisi
1785 1165 1817 1224 in
1840 1166 1930 1226 alium

1140 1258 1212 1314 ante
1236 1258 1371 1316 mortem
1396 1254 1620 1316 transtulerit:
1645 1255 1723 1315 ltem
1747 1257 1848 1313 cessat
1867 1271 1930 1312 mo-

1140 1339 1240 1403 riente
1254 1342 1347 1419 Vitio,
1365 1341 1422 1402 nisi
1438 1341 1580 1403 similiter
1598 1341 1629 1401 in
1650 1339 1748 1402 alium
1771 1339 1930 1402 transtule-

1140 1430 1191 1506 rit,
1208 1429 1320 1508 Paris.,
1336 1432 1442 1508 Azan,
1470 1433 1573 1508 6666,
1598 1430 1712 1506 66616,
1733 1432 1829 1507 Lett,
1853 1431 1931 1492 Ven-

1140 1518 1226 1597 1613,
1242 1519 1321 1582 Vide
1336 1521 1483 1596 Lauren,
1501 1538 1533 1599 q.
1551 1522 1623 1595 661,
1638 1524 1669 1579 61
1683 1535 1774 1598 seqq.
1952 1581 1962 1625 4

1181 1607 1241 1686 §⁶-
1268 1612 1369 1668 cessat
1388 1607 1498 1686 pensio
1521 1627 1560 1667 ex
1580 1610 1670 1686 parte
1692 1606 1797 1668 velex
1820 1606 1930 1682 totqsi

1141 1695 1368 1775 pensionariae,
1386 1697 1438 1776 qui
1453 1695 1647 1776 1116366661,
1664 1695 1806 1757 remittat
1820 1696 1928 1776 gratis,

1142 1801 1203 1844 non
1215 1781 1441 1845 interveniente
1455 1783 1590 1862 pecunia
1599 1783 1649 1843 vel
1665 1801 1698 1843 re
1710 1782 1883 1862 temporali,
1899 1788 1931 1844 ut

1141 1872 1300 1934 remittere
1314 1875 1427 1952 661661,
1442 1871 1467 1932 61
1482 1889 1545 1932 666
1560 1871 1601 1931 611
1614 1870 1752 1950 desuper
1762 1871 1929 1948 ordinatus,

1144 1963 1250 2038 Azan,
1265 1960 1373 2037 Barb.,
1397 1961 1552 2038 6661666,
1578 1957 1693 2036 1666,
1709 1960 1807 2036 Lott,
1828 1961 1929 2036 Luca,

1142 2049 1221 2110 Vide
1234 2052 1381 2126 Lauren„
1395 2067 1423 2128 6.
1437 2051 1507 2124 661,
1524 2051 1594 2109 665.
1611 2048 1656 2108 Ex
1671 2065 1709 2108 6ο
1720 2051 1841 2124 autem,
1854 2044 1932 2127 quod

1142 2136 1358 2215 pensionarius
1381 2135 1475 2197 etiam
1496 2138 1535 2197 30
1574 2135 1666 2195 66616
1685 2152 1749 2195 666
1774 2133 1930 2214 exegerit,

1143 2242 1206 2285 non
1220 2243 1345 2304 semper
1367 2222 1514 2302 praesumi
1528 2227 1634 2302 potest
1647 2222 1818 2300 remisisse,
1834 2225 1930 2298 Luca,

1142 2316 1248 2391 Leun,
1274 2332 1327 2393 qu.
1351 2317 1419 2376 666.
1444 2312 1558 2372 Perdet
1580 2314 1685 2372 autem
1709 2311 1933 2391 possessionem

1144 2402 1299 2480 exigendi,
1316 2401 1342 2463 si
1356 2400 1561 2463 beneficiatus
1575 2404 1669 2480 neget
1692 2400 1889 2474 solutionem,
1905 2403 1935 2459 et

1144 2491 1362 2570 pensionarius
1395 2490 1435 2552 ad
1461 2492 1498 2552 10
1523 2507 1623 2551 66666
1646 2488 1724 2549 nihil
1751 2489 1932 2564 obmoreat,

1143 2580 1269 2654 Cavan,
1285 2579 1415 2656 Bartol.,
1433 2577 1536 2653 6616,
1553 2577 1697 2657 quamvis
1713 2579 1811 2654 nott,
1828 2581 1934 2655 66616-

1144 2686 1199 2730 666
1220 2667 1370 2749 66661661,
1393 2665 1678 2746 6161166161661166
1702 2663 1743 2725 611
1767 2665 1799 2724 16
1822 2683 1934 2745 posses

1144 2757 1231 2817 sione
1246 2753 1390 2834 exigendi
1406 2757 1437 2816 et
1451 2753 1625 2832 accipiendi
1648 2753 1846 2833 pensionem.
1862 2753 1935 2816 Vide

1144 2846 1250 2921 Leuc,
1267 2862 1320 2922 qu.
1337 2845 1407 2905 611.

1184 2935 1245 3011 §V
1263 2932 1294 2994 Si
1309 2930 1417 3010 pensio
1433 2931 1530 2992 semel
1543 2929 1681 2992 extincta
1695 2930 1745 3007 sit,
1767 2929 1876 3010 nequit
1894 2948 1936 2990 ra—
1960 2953 1997 2996 66

1144 3020 1308 3098 viviscere,
1330 3020 1450 3082 etiamsi
1465 3018 1669 3081 beneficiatus
1683 3017 1722 3080 ’66
1745 3017 1850 3079 denuo
1865 3018 1938 3079 obli-

1145 3114 1199 3190 get
1212 3109 1253 3169 ad
1267 3107 1463 3184 solvendum,
1479 3105 1553 3186 quia
1567 3110 1602 3166 ut
1615 3105 1800 3183 imponatur
1817 3105 1935 3184 pensio,

1146 3197 1315 3278 requiritur
1330 3195 1508 3276 Superioris
1530 3192 1722 3270 auotoritas,
1743 3193 1841 3270 Luca,
1864 3195 1938 3254 Ven·

1145 3286 1232 3364 trig.,
1249 3288 1355 3362 Leuc,
1372 3304 1400 3365 6.
1423 3286 1493 3346 616.
1953 3357 1959 3369 .

1186 3375 1296 3450 066661.
1310 3376 1377 3436 186.
1404 3373 1575 3448 0611161666
1597 3369 1823 3451 redanptionem
1836 3370 1940 3450 666616
1962 3377 2000 3424 111

1146 3463 1239 3524 61661
1252 3461 1433 3523 notandum?
1451 3463 1544 3540 Resp.
1562 3463 1656 3542 Seqq.

1186 3552 1248 3631 §t
1268 3551 1299 3613 Si
1316 3551 1427 3630 pensio
1452 3549 1492 3611 sit
1512 3549 1590 3610 laico
1615 3547 1777 3628 assignata
1796 3554 1941 3628 tanquam

1147 3640 1403 3715 merceslaboris,
1414 3660 1445 3701 r.
1457 3658 1505 3718 36.
1518 3656 1574 3717 666
1594 3641 1688 3698 66616
1702 3637 1735 3696 16
1764 3637 1874 3713 611666,
1891 3653 1940 3715 66

1148 3734 1208 3791 1661
1221 3729 1350 3808 6666616
1363 3727 1549 3789 auctoritate
1572 3725 1707 3804 pecunia
1727 3725 1853 3802 redimi,
1870 3723 1941 3805 quia

1952 1058 1996 1104 litt

1149 3822 1196 3880 661
1209 3816 1284 3898 6616
1298 3835 1384 3877 mere
1399 3816 1581 3893 temporale,
1604 3833 1661 3874 neo
1681 3813 1747 3874 ulla
1765 3813 1815 3874 lex
1835 3813 1940 3892 prohi-

1148 3907 1202 3968 bet
1216 3904 1368 3986 ejusmodi
1389 3904 1573 3982 pensionem
1587 3902 1712 3979 redimi,
1731 3903 1813 3980 Sat,
1840 3904 1940 3978 Suae,
2025 3957 2026 3960 ,

1148 3997 1254 4061 Azor..
1269 3994 1373 4068 Gara,
1389 3992 1488 4066 Lesa,
1507 3993 1663 4069 Castrop.,
1675 3993 1787 4052 contra
1797 3989 1939 4064 Barbas,

1150 4081 1174 4142 si
1187 4085 1292 4142 autem
1314 4079 1354 4140 sit
1367 4077 1475 4158 pensio
1497 4077 1715 4139 Ecclesiastico
1734 4077 1855 4139 Clarico
1875 4093 1943 4138 eon·

1149 4187 1248 4242 cessa,
1264 4171 1367 4246 potest
1381 4166 1598 4246 pensionarius
1612 4165 1707 4228 etiam
1721 4166 1851 4245 propria
1872 4183 1944 4226 auc-

1149 4257 1273 4321 toritate
1288 4255 1423 4317 vendere
1438 4273 1547 4316 omnes
1561 4255 1680 4316 fructus
1702 4255 1781 4336 ejus,
1799 4253 1944 4316 etiamad

304 4346 416 4418 natus,
444 4359 507 4402 non
528 4341 598 4402 ideo
625 4359 750 4420 semper
764 4341 998 4419 cessatpensio,
1022 4341 1097 4421 quia
1149 4349 1248 4406 totam
1269 4342 1365 4403 vitam
1388 4345 1606 4420 proventuros,
1630 4340 1696 4422 Gaj.
1718 4345 1828 4418 Azon,
1854 4342 1942 4426 Bon,

305 4428 1109 4508 16116666111666666666666161166666666666616-“
1151 4431 1258 4507 Barb.,
1274 4433 1380 4507 Leuc,
1394 4449 1426 4510 p.
1444 4433 1473 4506 3,
1490 4449 1506 4511 6
1521 4432 1591 4490 661.
1608 4450 1658 4492 aa.
1671 4433 1701 4507 2,
1718 4435 1945 4508 consequenter

303 4516 363 4592 nis,
379 4519 476 4592 Luca,
500 4518 592 4577 Leur.
609 4536 659 4596 qu.
684 4519 753 4578 656.
779 4518 843 4578 Nec
858 4519 1095 4597 666661666616,
1150 4523 1255 4600 666661
1268 4537 1324 4579 suo
1335 4519 1429 4580 modo
1445 4519 1534 4598 quasi
1548 4517 1660 4579 redimi
1675 4519 1798 4597 pensio,
1815 4518 1841 4579 si
1856 4523 1944 4579 certa

299 4605 443 4686 quamvis
464 4604 614 4666 alteretur
635 4606 839 4682 Beneficium,
864 4625 895 4667 v.
914 4624 964 4685 36.
1003 4605 1029 4666 61
1055 4605 1095 4667 de
1150 4605 1465 4685 pecuniaedarentur,
1488 4623 1557 4686 quae
1582 4611 1687 4667 essent
1710 4606 1812 4669 veluti
1839 4605 1945 4668 antici·
2025 4663 2026 4678 ,

301 4691 435 4772 simplici
462 4693 517 4753 661
536 4695 705 4770 Curatum,
727 4697 825 4770 Luca,
849 4697 940 4756 Leur.
957 4713 1007 4775 66.
1024 4697 1093 4757 658.
1151 4697 1233 4770 66166
1248 4692 1412 4754 solutionis
1432 4693 1481 4754 val
1501 4695 1532 4768 6,
1547 4692 1629 4752 6611
1665 4691 1944 4760 6666661666ηεί-

299 4783 363 4842 1166
378 4783 488 4858 666661,
500 4780 526 4841 61
537 4783 633 4861 Ρ666,
651 4782 703 4861 qui
719 4781 859 4843 absolute
874 4781 948 4843 16611
961 4782 1096 4861 gratiam
1151 4780 1261 4842 derata
1293 4784 1384 4841 61616
1415 4783 1446 4842 61
1482 4779 1697 4860 complexione
1732 4781 1942 4859 pensionarii;

299 4867 457 4948 pensionis
472 4868 567 4930 etiam
581 4887 638 4948 pro
659 4874 800 4949 tempore
819 4870 924 4931 futuro
938 4870 1025 4949 prius
1040 4870 1097 4931 ha·
1138 4869 1254 4947 reipsa
1269 4869 1352 4930 enim
1366 4873 1441 4930 1666
1457 4873 1578 4930 tantum
1598 4874 1647 4931 est
1661 4872 1844 4931 contractus
1857 4887 1945 4948 spon-

299 4955 427 5035 bendaef,
457 4955 630 5033 moriatur,
658 4960 829 5036 antequam
857 4957 1031 5019 executioni
1056 4958 1097 5019 sit
1151 4955 1257 5033 sionis,
1280 4955 1454 5017 secundum
1476 4956 1714 5036 proportionem
1731 4957 1798 5036 spei
1821 4957 1899 5018 lueri
1919 4961 1946 5017 et

330 5207 437 5272 116666
451 5209 532 5259 etiam
550 5213 579 5260 11
599 5212 672 5274 sept.
685 5212 753 5268 1122,
770 5211 797 5261 16
814 5211 931 5276 septena·
943 5211 1096 5266 amoenae
1150 5225 1254 5264 sumina
1272 5215 1437 5264 mustelarum
1452 5215 1508 5270 350.
1522 5213 1672 5264 dummodo
1694 5216 1758 5262 6616
1780 5215 1944 5264 accinctum

239 5297 242 5304 ¹
301 5279 381 5328 Sacra
403 5281 532 5344 6663663.
557 5280 677 5332 decisum
700 5281 793 5332 luit'l'.
818 5282 1095 5346 2.11666161.,6.221.
1151 5283 1353 5334 Matrimonium
1378 5284 1481 5334 11111166
1506 5285 1546 5335 1111
1570 5283 1700 5348 adscripti
1733 5282 1847 5344 16661616
1873 5289 1944 5334 secus

304 5347 403 5414 Milites
439 5349 581 5400 lauretani
623 5351 751 5401 16666161
780 5351 923 5414 privilagio
958 5353 1110 5404 retinendi¹
1150 5355 1261 5414 666661
1277 5357 1517 5418 posteontractum
1533 5355 1747 5416 Matrimonium,
1764 5353 1943 5404 utexeadem

301 5419 383 5470 atiani
399 5418 426 5470 in
438 5422 510 5472 61616
525 5419 661 5486 coniugali
677 5421 823 5474 Passiones
835 5421 1034 5477 Ecclesiasticas
1044 5436 1094 5488 pro
1149 5425 1266 5488 66616661
1278 5438 1357 5476 eausa
1372 5427 1484 5476 constat.
