3998 6344
619 515 672 580 nlo
693 513 910 580 PRAECEFI'O
931 514 1100 580 dareve.
1623 507 1683 572 tro

57 699 121 762 dum
131 703 245 778 tamem
264 700 439 765 nediealur
456 701 609 783 pluribus,
632 703 683 766 rel
697 701 837 784 apertius
928 724 943 762 ιι
974 704 1012 766 Χ.
1039 699 1188 766 Similiter
1213 700 1415 764 manifestere
1443 697 1561 761 erimen
1593 694 1679 779 quod

56 785 218 850 nominarer
229 807 377 868 persona,
394 809 490 872 quam
506 810 632 855 neeesse
647 793 687 856 sit
701 793 741 855 ad
760 811 836 855 een·
889 791 1029 852 nondum
1052 796 1100 854 est
1124 791 1295 872 publioum,
1312 788 1474 852 moraliter
1486 792 1593 850 tamen
1611 803 1681 848 eer-

55 875 145 938 ailium
171 877 220 938 rel
248 878 407 942 solatium.
438 883 523 943 Lesa.
554 881 608 944 loe.
643 883 692 944 eit.
722 885 832 960 Laym.
888 881 956 941 lum
971 885 1028 956 est,
1040 881 1128 944 brevi
1142 882 1209 942 fore
1222 879 1382 961 publieom
1394 878 1471 959 (eive
1485 895 1542 956 per
1555 874 1679 936 eviden-

55 983 123 1026 seur.
137 966 175 1037 ὃς
190 967 293 1028 Tana.
309 970 340 1043 2,
356 971 385 1045 2,
402 967 432 1030 d.
448 973 479 1046 i,
494 968 563 1032 dud.
580 975 617 1044 4;
632 973 732 1050 Lugo,
749 969 778 1032 d.
797 973 836 1030 44
888 967 976 1046 tiam,
1002 968 1066 1030 sive
1094 987 1152 1048 per
1178 969 1364 1031 sententiam
1388 965 1515 1047 judicis)
1543 982 1606 1026 nen
1633 965 1683 1025 eet

55 1071 123 1114 ern.
149 1055 167 1114 5
181 1056 211 1115 3.
236 1057 278 1118 Et
289 1055 336 1118 sie
350 1058 491 1120 exeueari
505 1075 597 1137 posse
606 1060 740 1121 famulos
755 1057 837 1138 (sal-
888 1056 1030 1132 mortale,
1043 1055 1118 1136 qnia
1132 1059 1360 1135 purum-neeel,
1377 1054 1437 1115 nisi
1450 1057 1555 1115 tamen
1568 1069 1606 1112 ex
1621 1050 1682 1112 iata

54 1143 108 1206 au
120 1159 139 1202 a
150 1143 294 1224 mortali)
310 1145 365 1226 qui
377 1145 508 1228 injurias
520 1147 581 1210 eibi
597 1149 637 1210 ab
656 1146 740 1209 heris
754 1145 833 1220 snis3
889 1141 1109 1224 anticipatione
1119 1149 1326 1227 sequerentur
1336 1141 1446 1222 gravm
1460 1140 1587 1217 damna,
1604 1156 1634 1201 v.
1645 1156 1677 1219 g.

55 1247 153 1292 urerer
166 1250 268 1312 quma
282 1234 418 1309 maritisp
433 1236 529 1314 filies,
546 1237 599 1318 qui
614 1242 735 1318 apatre
750 1255 757 1296 :
775 1236 836 1296 lle-
888 1227 920 1290 in
935 1230 1048 1310 offreie,
1066 1235 1125 1294 ete.
1142 1235 1240 1312 Luge,
1257 1251 1287 1292 n.
1304 1235 1353 1294 92.

54 1317 177 1398 lipiosoe,
193 1321 251 1400 qui
264 1340 285 1382 a
299 1323 432 1385 rrelele
453 1325 565 1403 illatas,
582 1325 698 1388 doloris
712 1327 835 1387 tantum
929 1343 944 1380 ιι
964 1321 1016 1385 ill.
1042 1319 1194 1384 Infamem
1218 1319 1249 1382 in
1273 1335 1336 1381 une
1364 1316 1494 1380 erimine
1518 1317 1557 1378 de
1581 1315 1679 1377 altere

54 1405 201 1486 mitigandi
223 1427 333 1488 eausa,
349 1410 490 1476 referunt
503 1413 597 1476 deeet
610 1413 708 1476 Trull.
733 1411 764 1474 d.
783 1413 832 1489 ll,
888 1407 980 1470 ualde
1001 1407 1086 1470 affini
1109 1407 1261 1470 infamare
1286 1410 1477 1470 esitantem
1496 1404 1629 1481 reniale,
1645 1405 1682 1465 ut

55 1497 174 1560 ermes.
191 1499 309 1578 heym..
322 1503 421 1564 Tann.
446 1505 524 1566 Nav.
541 1503 631 1566 Dian.
645 1522 679 1586 p.
696 1507 727 1581 2,
743 1511 784 1564 lr.
800 1504 831 1580 5,
888 1515 917 1560 v.
942 1517 973 1576 g.
990 1497 1017 1558 si
1031 1497 1070 1558 de
1094 1497 1236 1559 adultero
1255 1496 1341 1558 dieas
1359 1495 1443 1577 qued
1468 1493 1588 1556 miserit
1599 1493 1681 1554 litte

54 1603 99 1648 rer.
112 1587 158 1648 32
173 1587 265 1654 idem
287 1592 378 1669 putat
398 1590 495 1673 Cajet.
520 1592 700 1670 dicendum,
725 1592 751 1652 si
774 1589 836 1656 ari-
888 1605 939 1649 rus
954 1587 1133 1664 amatorias,
1147 1587 1219 1667 quia
1228 1593 1303 1648 tune
1318 1604 1380 1648 nen
1395 1583 1574 1646 notabiliter
1584 1599 1680 1660 auge·

54 1691 114 1734 nen
127 1675 284 1738 oecultum
299 1678 419 1741 reveles
434 1679 526 1742 alieni
541 1681 608 1742 rire
627 1679 786 1761 prudenti,
803 1681 835 1741 et
888 1677 940 1738 tur
953 1673 1092 1737 iufamia.
1110 1677 1154 1736 lte
1169 1675 1327 1755 disparato
1342 1679 1448 1737 tamen
1471 1677 1504 1736 et
1526 1689 1587 1733 non
1607 1688 1680 1732 eon·

55 1760 203 1840 maiorne,
219 1763 271 1825 oui
296 1764 401 1827 dieere
423 1765 554 1846 perinde
575 1767 625 1844 sit,
649 1783 686 1828 ae
709 1765 735 1828 ei
758 1765 832 1827 nulli
888 1781 967 1826 nexo
982 1763 1113 1825 erimine
1127 1763 1281 1826 infamare
1295 1763 1497 1838 estmortale,
1515 1763 1589 1843 quia
1602 1758 1681 1822 infa-

55 1849 203 1928 dioeretur,
230 1870 269 1914 eo
295 1853 380 1934 quod
395 1855 546 1916 damnum
567 1855 645 1917 illud
669 1857 835 1918 eenaestur
887 1852 947 1914 mis
970 1853 1002 1914 in
1024 1871 1085 1915 une
1100 1870 1215 1933 genere
1236 1852 1302 1916 vitii
1327 1869 1389 1916 non
1408 1849 1574 1931 emisitjue
1588 1848 1680 1910 famer

54 1935 119 2014 lere,
134 1941 165 2002 et
176 1939 222 2002 aie
236 1941 337 2005 Trull.
353 1961 429 2004 eum
440 1943 541 2006 Diana
551 1963 583 2025 p.
600 1947 630 2020 f,
646 1953 686 2006 tr.
703 1946 733 2020 3,
747 1942 831 2004 Mire.
887 1944 920 2002 iu
934 1941 1002 2003 aliis
1016 1940 1195 2018 virtutibus,
1211 1941 1309 2002 Tann.
1343 1936 1374 2001 d.
1400 1942 1429 2016 4,
1445 1937 1482 2000 de
1502 1937 1581 2000 Just.
1601 1956 1632 2018 q.
1646 1936 1678 2010 8,

55 2030 331 2110 maereat.
347 2035 378 2108 5,
400 2052 441 2095 na
466 2035 503 2096 lt.
520 2036 570 2112 38,
587 2038 716 2096 exousat
730 2031 835 2094 Poeni·
887 2028 918 2093 d.
935 2034 964 2108 7,
981 2050 1012 2092 ιι.
1031 2032 1153 2107 lll‚ax
1167 2033 1244 2091 Nar.
1266 2033 1297 2091 et
1316 2029 1401 2092 Lesa.
1418 2025 1487 2089 dud.
1506 2029 1555 2102 44,
1571 2027 1681 2087 eontra

24 2131 26 2188 ι
55 2118 164 2193 anam,
180 2118 235 2197 qui
250 2118 287 2180 iu
301 2120 501 2184 confessione
515 2121 695 2184 manifestat
704 2119 835 2200 eompli·
889 2119 964 2182 silv.
980 2137 1009 2180 e.
1025 2117 1185 2196 detractio,
1201 2117 1310 2180 Pelnd.
1325 2121 1385 2186 ete,

24 2191 26 2254 i
55 2220 121 2280 reor,
135 2204 309 2288 &ratque
328 2226 401 2270 eum
423 2213 522 2274 laun.
545 2211 663 2274 Bonae.
683 2209 831 2272 Esoebar.
928 2230 943 2266 ιι
966 2210 1032 2272 XII.
1054 2206 1211 2270 Detractio
1232 2206 1404 2270 materialis
1427 2224 1465 2268 ex
1491 2199 1682 2285 loquacitate

55 2289 89 2354 Ε.
102 2301 151 2356 etr.
166 2313 239 2358 eam
254 2298 445 2361 sermotiem
459 2316 528 2361 esee
543 2297 741 2378 probabilem
756 2318 764 2371 ;
780 2317 836 2359 ve-
889 2299 959 2358 erte
973 2299 1021 2359 est
1034 2297 1165 2358 mortale
1180 2295 1205 2356 si
1220 2311 1350 2374 gravem
1364 2292 1506 2372 proximo
1521 2290 1682 2354 lusionem

54 2396 112 2442 rem
123 2381 180 2444 hoe
202 2384 391 2448 uuiversum
404 2406 466 2452 non
487 2387 610 2450 videtur
630 2386 706 2449 eatis
719 2389 833 2463 tumre,
889 2383 1048 2463 importet,
1074 2381 1167 2461 idque
1189 2382 1381 2457 advertatur,
1399 2380 1474 2464 quia
1487 2379 1545 2442 etei
1559 2395 1622 2440 nen
1636 2374 1682 2436 in·

56 2459 116 2542 quia
126 2461 208 2528 laeflitl
223 2465 320 2530 samm
334 2467 420 2546 apud
434 2485 531 2530 unam
543 2469 639 2530 etiam
653 2485 833 2548 persenam,
889 2472 1037 2535 tendatur
1048 2471 1167 2533 directe
1181 2469 1266 2532 laesio
1279 2469 1417 2546 alterius,
1435 2486 1473 2530 ea
1483 2471 1589 2530 lamen
1602 2464 1682 2528 indi·

56 2555 181 2646 eretur
202 2553 324 2633 varis,
346 2559 382 2618 ut
403 2559 490 2636 patet
503 2557 536 2619 in
556 2556 676 2637 judicio
700 2558 836 2618 temera·
888 2565 973 2624 reete
989 2563 1021 2622 et
1040 2559 1188 2638 implicite
1203 2557 1361 2621 estvolita
1383 2562 1415 2621 et
1437 2555 1682 2638 aequiraletfor-

55 2653 92 2697 11⁰
105 2656 112 2699 τ
127 2638 187 2703 imo
206 2660 295 2722 saepe
310 2643 442 2724 quidem
457 2645 571 2725 aegrius
584 2645 698 2722 lerunt,
714 2661 748 2706 ae
762 2643 835 2706 leodi
888 2649 974 2712 mali.
991 2648 1121 2712 veniale
1135 2651 1239 2710 autem
1249 2647 1439 2711 tantumerit
1451 2646 1477 2708 si
1492 2662 1554 2706 nen
1568 2660 1683 2726 aequa-

56 2727 124 2804 alud
144 2747 240 2793 ¹¹¹¹ssOE
270 2749 438 2812 liminum
464 2753 606 2813 gravem,
631 2750 729 2815 quam
756 2735 831 2808 ires,
887 2742 939 2802 tur
952 2738 1038 2800 laesio
1053 2735 1383 2816 gravia,quiaeeilieei
1396 2735 1606 2798 communiter
1619 2751 1682 2796 non

55 2813 95 2876 ἘΙ
116 2822 249 2898 quatuor
278 2819 357 2884 elios
385 2839 393 2884 τ
422 2821 506 2883 undo
534 2824 625 2885 Suor·
651 2821 720 2884 Fili·
745 2821 830 2884 hess·
887 2828 969 2890 aerio
984 2825 1136 2905 aeoipitur
1153 2843 1211 2886 nee
1225 2824 1373 2887 ereditur.
1392 2824 1542 2888 Similiter
1556 2822 1681 2884 eritre-

54 2920 80 3000 ¹²,
98 2905 145 2978 7οι
160 2909 259 2971 Azor-
279 2912 389 2989 herm.
411 2909 466 2972 lor.
491 2911 542 2974 cit.
562 2913 675 2991 putant
692 2927 834 2972 eommu—
887 2916 969 2977 niale
980 2918 1103 2977 tantum
1118 2912 1226 2976 audita
1239 2913 1356 2974 referre
1371 2916 1406 2977 ut
1420 2912 1529 2974 audita
1541 2913 1679 2987 tantum,

56 2993 122 3056 nor
133 3010 199 3058 ease
211 2998 360 3062 mortale.
377 3001 415 3063 V.
431 3001 531 3079 Lege,
546 3019 577 3062 ιι.
593 3001 634 3062 50
646 3007 743 3080 elaea.
887 3003 948 3065 troo
969 3006 1017 3064 eat
1042 2999 1118 3062 nihil
1139 2999 1326 3062 affirmando
1347 2999 1386 3062 de
1405 2999 1451 3060 rei
1466 2999 1609 3075 veritate,
1625 2997 1682 3061 eeu

24 3087 25 3090 ’
86 3083 188 3148 atilli.
214 3086 344 3150 Crimen
370 3087 553 3168 simplieiter
571 3087 744 3168 publieum,
767 3085 834 3148 sive
887 3092 1115 3154 dubitationem
1129 3089 1232 3170 petius
1247 3107 1336 3152 suam
1350 3089 1392 3150 de
1405 3107 1443 3150 ea
1456 3081 1680 3169 significande',

56 3171 87 3238 sit
97 3175 248 3238 aeterium
265 3177 353 3254 Jure,
369 3177 435 3239 sive
449 3176 543 3254 laeto,
559 3176 761 3238 manifestere
776 3175 830 3254 iis,
887 3181 931 3243 ila
945 3183 980 3244 ut
993 3178 1157 3241 nullainde
1168 3180 1446 3258 seontnrapetetur
1459 3177 1681 3254 infamia„ueo

55 3262 833 3417 elstret?,ttlttlffidtltlt
885 3265 1535 3422 lldiffiiiiiii?{filiiflii
1552 3265 1596 3414 i?
1608 3282 1682 3416 itt·

816 3388 833 3400 -
916 3377 936 3420 a
977 3377 1040 3420 zor.
1080 3403 1087 3418 .
1167 3402 1175 3418 .
1272 3403 1280 3417 .
1534 3399 1542 3418 .
1583 3400 1591 3416 .
1669 3372 1678 3428 ;

25 3449 26 3456 ’
56 3373 235 3518 nmquam
265 3372 345 3504 raliii
368 3441 445 3523 justi
469 3442 591 3524 judieii,
621 3446 653 3505 et
674 3442 832 3505 evidentia
885 3447 997 3510 Elseeb.
1013 3377 1162 3521 Elpidi.
1173 3446 1205 3522 4,
1221 3401 1252 3506 ei
1271 3403 1323 3521 lo:
1338 3461 1376 3506 eo
1391 3445 1476 3525 qued
1491 3442 1678 3518 diffamatio,

56 3525 227 3610 ieeliiaeiat
252 3549 295 3594 ne
317 3531 358 3592 de
375 3531 490 3613 injuria
511 3531 595 3613 juste
616 3532 704 3612 queri
719 3531 828 3613 pessit.
885 3536 911 3598 si
935 3535 1013 3597 forte
1037 3537 1197 3614 sequatur,
1213 3533 1387 3614 imputetur
1407 3531 1557 3608 audienti,
1574 3531 1601 3594 si
1615 3547 1683 3592 ere-

57 3616 129 3718 Quod
147 3621 316 3684 coufirmat
337 3621 543 3700 consuetude,
559 3621 713 3683 mandene
727 3619 831 3700 ‚histo
886 3625 951 3688 dat.
982 3623 1069 3685 ldem
1084 3622 1175 3684 docel
1188 3624 1267 3701 Lug.
1286 3621 1309 3683 1.
1325 3639 1350 3683 c.
1368 3624 1452 3682 reete
1465 3620 1606 3683 limitans
1621 3617 1680 3680 nisi

25 3763 28 3842 i
56 3709 325 3876 ”iiiiiiffcrioffi
326 3727 456 3860 ¹1:th
469 3798 626 3882 injustitia
641 3799 737 3879 :quia
747 3798 833 3860 dete·
885 3708 1682 3900 gssvguffiiirirlmeiqilrlioiepsgrreemelizilivtirlrroziirotvgt

57 3887 834 4056 etlltlltltltdafftllittle
886 3887 1681 4060 lidlatittitillatorii

25 4063 27 4090 *
58 4063 129 4140 graui
141 4081 277 4128 moerere
291 4065 372 4146 ejus,
382 4064 437 4144 qui
451 4063 616 4141 commisit,
633 4083 716 4144 eaepe
731 4068 835 4144 potest
887 4085 984 4148 grave
999 4066 1117 4128 erimen
1133 4066 1231 4127 addas
1246 4065 1278 4126 id
1292 4063 1350 4127 tibi
1364 4064 1483 4128 dietim
1497 4081 1565 4127 esse
1579 4082 1599 4125 a
1612 4064 1681 4125 rire

58 4167 111 4212 mae
139 4153 271 4216 mortale
307 4157 418 4216 eontra
448 4153 641 4231 feritatem,
678 4157 714 4215 ut
745 4157 831 4217 Lesa.
886 4153 1071 4236 fidedigne,
1087 4153 1162 4236 quia
1178 4153 1301 4232 praebes
1321 4154 1477 4216 suitleiens
1494 4151 1682 4215 fundamen-

25 4233 27 4268 r
58 4233 99 4300 lil.
118 4243 147 4319 5,
169 4261 195 4303 e.
210 4243 265 4318 65,
280 4244 391 4305 eontra
404 4242 487 4304 Mar.
513 4246 545 4303 at
558 4241 658 4322 Gajet.
675 4243 713 4305 V.
730 4243 831 4322 Lege,
887 4247 955 4306 tum
978 4243 1136 4306 credendi.
1152 4243 1232 4307 Vide
1250 4243 1338 4306 Diua.
1360 4260 1393 4324 p.
1414 4245 1445 4320 3,
1472 4251 1512 4304 tr.
1533 4245 1564 4320 5,
1592 4237 1677 4302 Mire.

57 4345 149 4392 mne.
163 4334 212 4406 593
229 4334 307 4411 Fag.
319 4349 355 4412 p.
372 4335 401 4407 2,
418 4329 469 4393 lio.
486 4333 517 4408 5,
533 4349 559 4393 c.
574 4332 605 4393 3.
887 4351 941 4396 rer.
959 4335 1008 4395 28.

25 4455 26 4470 ι
87 4419 173 4482 alx.
201 4417 353 4482 Similiter
375 4435 438 4480 nen
467 4421 514 4480 est
534 4420 699 4498 praeatum
723 4422 834 4480 eontra
927 4423 1054 4484 exlll.
1084 4420 1241 4486 Mortuum
1273 4419 1424 4482 infamare
1443 4417 1547 4481 minus
1583 4433 1681 4498 grave

57 4501 204 4584 iustitiam,
230 4507 342 4568 sellem
365 4507 513 4584 mortale,
537 4525 679 4588 quarere
703 4522 834 4570 eausam
888 4514 935 4573 est
959 4529 1054 4592 quam
1069 4509 1190 4586 vivum,
1206 4509 1338 4572 mortale
1366 4513 1472 4570 tamen
1494 4512 1526 4571 et
1548 4508 1588 4569 ad
1615 4521 1682 4567 res-

59 4593 224 4670 eeptivitatis
248 4594 401 4676 alieujus,
430 4595 480 4657 vel
511 4595 549 4657 de
574 4613 612 4657 ea
638 4595 722 4676 loqui
752 4595 833 4658 sieut
886 4601 1063 4662 titutionem
1084 4599 1237 4678 obligans,
1254 4601 1340 4662 hess.
1361 4596 1390 4660 d.
1415 4601 1448 4660 24
1465 4617 1473 4672 ;
1490 4599 1567 4660 Βοιι.
1592 4595 1622 4658 d.
1648 4598 1677 4671 2,

59 4679 290 4763 enimeaptiritas
301 4687 349 4746 est
362 4684 498 4764 publiea,
514 4685 558 4748 sie
573 4685 669 4748 etiam
680 4703 776 4746 eausa
786 4685 833 4746 vi·
887 4707 918 4770 q.
933 4693 964 4767 4,
979 4710 1011 4772 p.
1028 4693 1058 4766 2,
1075 4697 1098 4750 t.
1114 4691 1144 4766 2,
1161 4687 1197 4748 de
1208 4687 1288 4751 liert.
1303 4686 1333 4747 in
1342 4686 1537 4768 particulari,
1552 4706 1583 4749 n.
1600 4687 1630 4748 6.

59 4765 133 4831 detur
145 4789 210 4836 ease
224 4775 309 4836 faeta
322 4773 459 4853 publiea,
476 4773 557 4838 Seir.
574 4775 660 4837 Clev.
677 4777 754 4854 Reg.
776 4773 829 4836 lio.
926 4797 940 4837 ιι
960 4777 1039 4840 XIV.
1054 4777 1124 4838 Non
1135 4776 1324 4837 estmortale
1334 4774 1373 4837 de
1388 4775 1494 4856 alique
1508 4773 1616 4854 ignoto
1630 4770 1681 4833 rel

60 4855 98 4932 ll,
116 4877 175 4940 rep.
203 4865 253 4940 46,
272 4881 305 4922 n.
334 4864 389 4936 283
414 4863 492 4924 Bon.
518 4863 614 4924 Trull.
644 4861 674 4925 d.
705 4867 754 4941 ll,
779 4863 831 4925 ubi
886 4864 1127 4928 indeterminato
1155 4863 1353 4944 maleloqui,
1379 4881 1410 4925 v.
1440 4881 1471 4942 g.
1496 4857 1681 4924 inteliloeo

60 4945 257 5012 eodemmodo
269 4955 489 5029 exeusateum,
501 4952 556 5032 qui
570 4953 667 5014 refert
682 4952 831 5014 delictum
886 4973 954 5016 osse
967 4955 1082 5016 multos
1097 4953 1268 5033 improbes,
1291 4953 1322 5015 in
1349 4953 1401 5015 tali
1422 4949 1557 5031 eollegio
1582 4967 1681 5013 unum

26 5031 171 5126 polimius
194 5038 379 5118 publicum,
404 5039 575 5102 'referendo
603 5040 697 5102 simul
730 5041 831 5121 peani-
886 5043 1078 5106 canonicum
1100 5041 1292 5104 commisisse
1315 5059 1413 5121 grave
1435 5039 1565 5117 crimen,
1589 5058 1620 5101 r.
1646 5057 1678 5119 g.

26 5127 27 5172 ἐ
60 5121 191 5202 brom,
214 5131 246 5190 et
266 5128 519 5190 emendationem
540 5149 547 5191 :
569 5147 659 5191 saeus
686 5130 712 5192 si
728 5135 832 5193 taeea·
887 5131 1300 5209 Simoniam,deeetEeoob.
1317 5131 1356 5194 Ε.
1375 5133 1423 5206 40,
1440 5145 1504 5210 cup.
1520 5132 1550 5206 4,
1568 5145 1605 5189 en
1621 5129 1682 5190 Ρι-

26 5187 28 5304 i
60 5207 296 5294 torporiosam,
313 5235 409 5298 quam
422 5218 506 5279 feeit.
527 5219 566 5280 ur
584 5217 629 5280 sio
643 5219 687 5280 ait
700 5235 832 5299 peecare
885 5219 983 5298 gund.
1001 5219 1087 5300 qued
1100 5219 1196 5281 Trull.
1208 5218 1238 5280 d.
1262 5223 1293 5296 4,
1311 5237 1348 5280 ex
1363 5221 1478 5280 Bonae.
1496 5218 1589 5279 Azor.
1616 5220 1677 5278 elo.

26 5319 28 5392 p
62 5295 330 5384 lisonogrupnoe,
366 5305 572 5368 deseribendo
598 5312 728 5385 peecata
750 5325 833 5370 mor·
885 5307 1037 5370 limitatsi
1053 5325 1115 5368 nen
1131 5307 1345 5388 sittuleqnod
1367 5307 1397 5368 in
1420 5305 1498 5368 ullos
1512 5305 1678 5368 redundet

26 5393 28 5466 ᾗ
62 5383 167 5451 tuorum
188 5391 332 5470 publiea,
361 5397 392 5454 et
417 5411 478 5455 non
495 5393 658 5456 referendo
679 5395 832 5474 poenite'n·
927 5417 941 5456 ιι
960 5397 1026 5459 XV.
1040 5396 1228 5458 Gravissima
1243 5397 1490 5475 autempeeoant
1504 5394 1558 5477 qui
1572 5392 1680 5457 Ordini

26 5467 28 5530 l
64 5467 194 5553 imvel
207 5480 470 5562 emendatiorem,
486 5482 510 5543 si
526 5481 725 5563 resipuerint.
885 5501 942 5547 eeu
966 5483 1067 5548 Stulni
1086 5483 1264 5565 aliquorum
1288 5481 1518 5564 {religiosorum
1541 5480 1574 5544 in
1596 5497 1680 5549 eem-
