4032 6340
654 531 772 598 LIBER
792 527 973 606 TERTIUS,
996 525 1098 590 PARS
1119 527 1143 592 1.
1690 514 1728 581 57

9 743 10 754 2
85 723 185 785 6611166
198 720 351 784 etiamid
379 736 491 782 aureos
506 737 574 782 esse
596 717 699 800 exigui
723 715 875 781 momenti
929 713 976 776 bit
988 713 1059 793 plus
1074 711 1102 774 ai
1117 710 1220 772 lacera
1237 727 1244 773 :
1262 709 1287 772 si
1302 711 1409 772 autem
1422 709 1535 788 urgeat
1548 702 1726 768 atricissim

83 813 219 888 respectu
235 807 356 871 divitis.
930 802 1045 864 educat
1059 799 1211 880 gladium,
1228 799 1318 876 alter,
1340 796 1472 858 sialiter
1495 796 1634 874 nequeat
1654 809 1727 852 eum

33 915 64 964 61
117 897 175 977 §3-
191 895 283 957 Multi
299 895 416 958 docent
430 915 493 960 non
509 915 577 958 esse
600 895 720 959 licitum
736 893 873 972 Clericis,
930 908 997 951 ase
1011 886 1145 956 amoliri,
1162 887 1278 966 poterit
1296 884 1488 966 (secundum
1502 881 1602 960 illos),
1616 898 1649 942 se
1673 879 1728 940 de·

8 1021 9 1040 1
83 1003 135 1048 nec
150 983 876 1064 Religiosisocciderefuremadtuendabona
929 974 1494 1040 fenderedefensioneoccisivacum
1513 969 1728 1032 moderamine

8 1059 10 1190 ἰ
83 1071 296 1149 sualortunae,
312 1072 359 1133 uti
373 1071 449 1151 ipsis
463 1072 584 1134 licitum
598 1092 661 1135 non
676 1071 874 1135 estoocidere
930 1066 1097 1145 inculpata
1120 1063 1236 1140 tutelae,
1264 1063 1339 1143 quia
1359 1063 1419 1139 sur,
1446 1058 1620 1122 secundum
1644 1054 1729 1118 dicta

8 1233 9 1240 ,
84 1161 213 1241 aliquem
228 1179 290 1240 pro
301 1160 482 1223 defensione
493 1161 541 1223 sui
552 1161 691 1238 honoris,
703 1159 876 1222 secundum
929 1182 960 1224 n.
978 1165 1048 1238 801,
1066 1160 1097 1221 16
1119 1160 1179 1222 hoc
1204 1177 1279 1221 casu
1300 1178 1362 1221 non
1386 1161 1509 1220 tantvm
1532 1152 1652 1216 invadit
1675 1169 1728 1213 au·

7 1279 9 1322 p
84 1249 203 1311 1116166.
221 1252 296 1328 803,
314 1249 371 1312 sed
385 1253 472 1329 Lugo
487 1249 523 1312 de
529 1250 606 1332 just.
626 1249 656 1312 d.
674 1252 721 1319 10,
747 1270 778 1311 n.
800 1251 872 1322 1753
930 1267 1030 1326 reum,
1048 1249 1104 1310 sed
1119 1248 1213 1310 etiam
1228 1247 1325 1308 vitam
1339 1251 1468 1326 propter
1476 1261 1620 1314 aureum,
1633 1257 1728 1322 quem

7 1349 8 1422 ᾗ
84 1336 165 1399 Dian.
188 1356 223 1418 p.
247 1339 278 1414 1,
302 1345 327 1400 t.
349 1341 380 1415 1,
396 1336 433 1400 11.
456 1342 509 1412 17;
525 1337 640 1402 Mando
655 1337 686 1401 d.
702 1341 732 1417 3,
747 1359 780 1421 p.
796 1341 827 1414 1,
842 1356 872 1398 n.
929 1335 1044 1416 injuste
1058 1337 1176 1417 petenti
1191 1354 1253 1397 non
1268 1338 1393 1398 tenetur
1407 1334 1494 1396 dare.
1511 1335 1585 1394 llaec
1600 1335 1728 1393 seuten-

7 1451 8 1490 1
84 1424 668 1500 106161ίί6611616611161161161166.
685 1429 876 1504 8081611661
929 1425 974 1486 tia
996 1425 1113 1504 patitur
1127 1424 1354 1499 difficultatem,
1380 1440 1454 1483 nam
1479 1418 1633 1482 invadens
1662 1434 1726 1477 non

7 1507 9 1548 ἓ
85 1510 270 1591 oppositum,
290 1512 375 1592 quod
390 1511 541 1574 suadetur
555 1532 593 1574 ex
605 1533 669 1594 cap.
695 1513 817 1589 Dilecto,
842 1511 877 1573 de
929 1513 997 1574 vult
1010 1513 1118 1592 vitam,
1135 1512 1191 1574 sed
1206 1529 1348 1588 aureum,
1360 1529 1435 1592 argo
1450 1509 1475 1571 si
1491 1508 1617 1570 invasus
1632 1503 1729 1566 axilla

7 1603 8 1682 l
83 1608 146 1659 1661.
168 1617 317 1660 excomm
343 1601 377 1660 in
400 1606 430 1664 6.
455 1600 531 1664 Com
553 1620 649 1663 omnes
669 1600 754 1683 tapes,
777 1601 877 1663 omnia
930 1601 1094 1663 occasione
1110 1599 1242 1678 occidat,
1259 1599 1384 1662 videtur
1408 1598 1551 1661 occidere
1567 1613 1623 1675 pro
1651 1611 1728 1654 con-

6 1685 9 1762 l
79 1688 148 1770 jure
160 1687 220 1749 uda
235 1689 270 1750 vi
281 1687 438 1769 'pellere
453 1690 564 1750 cunctis
577 1709 633 1752 sese
646 1688 877 1771 (1616616666-
930 1688 1107 1749 servatione
1122 1687 1215 1748 unius
1236 1687 1334 1763 aurei,
1358 1704 1454 1766 quem
1469 1685 1495 1746 si
1520 1685 1621 1761 daret,
1646 1679 1726 1742 desi·

6 1779 8 1864 ᾖ
84 1777 206 1853 16111661,
224 1775 317 1838 licuit
332 1775 389 1858 ipsi
403 1775 521 1838 Decanc
541 1777 582 1856 (si
600 1779 761 1860 pradictus
780 1776 877 1840 Balli-
930 1781 1020 1838 noret
1032 1776 1079 1838 vis
1094 1780 1125 1838 et
1139 1794 1201 1837 non
1215 1776 1305 1837 fieret
1320 1775 1445 1836 occisio.

6 1865 7 1890 ³
86 1885 132 1927 cra
151 1884 217 1926 cam
239 1865 327 1927 bonis
348 1865 875 1949 raismundunsinjurrosespoliora
972 1866 1033 1945 §a
1050 1867 1125 1927 01166
1139 1865 1268 1945 reliquae
1282 1863 1513 1942 propositiones
1538 1860 1633 1924 etiam
1655 1859 1725 1920 11166
1754 1871 1796 1918 als

6 1969 7 2012 1
85 1954 127 2014 oei
143 1972 176 2014 66
196 1953 345 2015 uiolenter
367 1972 510 2036 occupare
516 1956 762 2037 presumpserit),
778 1966 879 2017 contra
931 1961 1015 2018 recte
1040 1954 1241 2028 damnantur,
1268 1951 1343 2032 quia
1366 1951 1398 2011 iu
1422 1951 1543 2030 Repub.
1560 1952 1634 2010 suut
1662 1947 1726 2008 alia

6 2059 7 2128 ξ
86 2041 160 2105 iiiios
172 2041 351 2105 uiolentiam
361 2043 563 2126 insanamque
575 2065 605 2108 se
618 2047 707 2110 tueri.
717 2048 757 2109 Et
770 2063 878 2126 quam-
931 2043 1036 2105 media
1051 2041 1213 2105 obtinendi
1228 2040 1299 2117 hoc,
1323 2039 1364 2100 ad
1387 2039 1471 2120 quod
1495 2036 1608 2117 aliquis
1631 2034 1729 2096 habet

6 2149 7 2154 ¹
86 2132 256 2196 risTextus
283 2151 430 2212 expresso
452 2137 577 2197 tantum
599 2135 685 2198 dicat
708 2136 747 2197 de
771 2133 879 2196 defen·
928 2132 982 2214 jus
999 2151 1005 2192 :
1022 2149 1114 2210 posse
1129 2135 1235 2193 autem
1250 2128 1355 2190 statim
1379 2128 1522 2190 occidere
1548 2126 1647 2200 illum,
1674 2121 1727 2202 qui

86 2221 166 2284 sione
180 2239 240 2300 per
254 2239 348 2282 arma
361 2221 545 2301 spiritualia,
569 2224 680 2284 eadem
704 2226 809 2286 16111611
832 2224 880 2282 661
933 2221 1075 2301 impedit,
1092 2219 1266 2282 involveret
1288 2221 1399 2296 Remp.
1425 2215 1553 2295 infinitis
1576 2210 1728 2276 turbatio·

5 2379 7 2400 ,
87 2309 159 2370 ratio
187 2309 288 2370 etiam
312 2309 352 2370 de
376 2309 601 2390 corporalibus,
626 2316 693 2373 tum
715 2311 790 2392 quia
811 2309 880 2372 haeo
933 2309 1036 2384 nibus,
1053 2307 1096 2370 uti
1108 2312 1206 2387 patet.

5 2403 6 2416 ¹
87 2395 212 2458 facultas
227 2396 270 2457 de
284 2398 361 2460 Jnre
377 2401 497 2459 naturae
512 2397 671 2478 competit,
689 2400 878 2479 aequatura
976 2397 1100 2476 Otjicies
1128 2399 1156 2458 1.
1173 2396 1246 2460 Vita
1259 2393 1394 2474 proximi
1412 2397 1460 2456 est
1482 2389 1653 2470 superioris
1677 2405 1729 2448 or-

5 2485 7 2508 '
87 2482 303 2546 Ecclesiastico
332 2490 380 2546 est
406 2484 540 2562 sublata,
570 2489 637 2548 tum
665 2485 775 2562 etiam,
806 2485 881 2566 quia
933 2483 1505 2563 dinisetlongoaesdmabiliorquam
1523 2480 1607 2541 bona
1629 2478 1728 2538 fortu-

5 2573 7 2612 1
89 2569 236 2650 clericas,
263 2572 316 2634 vel
338 2572 503 2652 religiosus
530 2573 606 2635 ordo
632 2591 694 2634 non
721 2571 880 2633 renuntiat
933 2593 997 2648 nta3
1015 2591 1090 2652 ergo
1106 2589 1168 2632 non
1183 2571 1257 2632 licet
1270 2570 1379 2633 tollere
1393 2569 1491 2631 vitam
1511 2564 1646 2647 proximi
1668 2581 1727 2644 pro

86 2660 160 2739 jnri3
176 2660 264 2741 quod
281 2660 432 2723 habetad
451 2661 536 2722 bona
556 2680 623 2739 sua,
648 2660 761 2742 quihus
785 2659 879 2720 etiam
934 2663 1182 2745 quibuscumque
1205 2656 1296 2719 honis
1324 2657 1389 2719 suis
1417 2653 1652 2730 conservandis,
1678 2651 1728 2712 vel

4 2805 5 2824 .
89 2747 233 2810 1111118111
249 2747 391 2827 indiget3
408 2766 484 2828 ergo
500 2753 631 2828 possunt
651 2748 819 2810 defendere
835 2745 879 2808 uti
933 2747 1166 2831 recuperandis
1179 2749 1216 2808 11.
1230 2766 1260 2806 11.
1274 2764 1358 2808 cons.
1370 2745 1451 2808 Nam
1464 2761 1531 2828 qaoe
1545 2744 1621 2804 inter
1631 2759 1691 2802 rem
1701 2746 1729 2800 et

88 2835 169 2912 laici,
193 2841 343 2898 econtra
356 2836 405 2898 vel
425 2837 646 2899 renuntiarunt
658 2837 751 2898 simili
775 2835 880 2897 deien-
932 2837 1026 2899 uitam
1053 2845 1093 2898 cst
1111 2834 1311 2916 inequalitas,
1336 2853 1370 2897 ea
1393 2833 1498 2915 [auore
1521 2830 1682 2893 innocentis
1702 2835 1730 2888 et

89 2925 161 2986 sioni
176 2925 309 2987 honoris
323 2923 383 3002 sui,
399 2925 449 2987 vel
463 2926 574 2988 saltem
589 2926 639 2986 ille
653 2925 732 2986 tanti
756 2942 818 2986 non
834 2927 881 2986 cst
932 2925 1063 3008 raptoris
1077 2923 1142 2984 odio
1155 2933 1366 3005 compensatur,
1383 2919 1626 3004 inquitiirotius
1648 2919 1670 2980 t.
1696 2920 1727 2994 2,

90 3013 246 3076 faciendus
261 3014 348 3092 apud
363 3013 442 3092 illos,
459 3015 633 3077 secuudum
652 3015 736 3078 diota
758 3033 787 3074 u.
808 3016 877 3092 800,
933 3033 959 3076 6.
977 3017 1006 3090 1,
1024 3034 1052 3076 n.
1074 3016 1123 3076 11.

91 3105 119 3162 61
130 3102 268 3182 denique
284 3101 324 3164 dc
339 3103 468 3179 honore,
485 3106 623 3164 mentem
639 3119 728 3164 suam
742 3101 817 3164 satis
828 3102 880 3162 de·
977 3102 1101 3186 objicies
1127 3104 1156 3162 2.
1174 3102 1206 3163 S.
1224 3101 1305 3179 Aug.
1321 3100 1357 3162 dc
1372 3097 1425 3162 iit.
1442 3098 1556 3162 Arbitr.
1567 3097 1592 3160 1.
1603 3103 1632 3174 1,
1648 3114 1674 3156 6.
1696 3096 1727 3171 5,

91 3191 392 3267 claravitllcclesia,
415 3191 589 3254 seeundum
610 3190 694 3252 dicta
716 3210 735 3254 α
755 3211 785 3253 a.
808 3193 878 3267 799,
933 3196 1038 3273 neget,
1055 3197 1203 3270 epeccuto
1218 3187 1323 3249 liberos
1336 3207 1403 3265 csse,
1424 3187 1478 3270 qui
1488 3206 1549 3270 pro
1567 3186 1611 3247 1116
1633 3181 1727 3251 redas,

91 3296 146 3338 non
161 3279 239 3340 item
254 3278 401 3340 debonis
416 3276 495 3341 aliis.
933 3301 1006 3365 quos
1019 3277 1165 3341 contemni
1176 3269 1300 3359 oportet,
1318 3276 1350 3339 id
1366 3281 1423 3354 est,
1438 3296 1511 3361 qaas
1533 3274 1662 3337 domines
1684 3272 1727 3334 in·

39 3362 72 3410 ⁸¹⁹
125 3367 184 3448 51.
199 3367 315 3430 Licere
329 3365 472 3427 ⁰⁰⁰idere
487 3366 589 3427 furem
612 3366 784 3448 lugientem
807 3383 879 3427 cum
933 3372 991 3434 viti
1004 3369 1138 3432 amittere
1148 3375 1282 3448 possunt,
1293 3366 1423 3427 humano
1445 3365 1522 3426 ccede
1536 3362 1726 3446 polluuntur.

3 3453 4 3464 ²
90 3476 121 3518 ra
142 3474 214 3518 mea
237 3454 346 3535 magni
370 3454 532 3532 momenti,
556 3454 582 3516 si
597 3456 688 3518 aliter
701 3455 882 3535 recuperari
935 3461 972 3520 R.
988 3459 1070 3537 Ergo
1082 3455 1250 3536 nequidem
1261 3454 1367 3516 licebit
1377 3453 1519 3515 occidere
1530 3471 1586 3531 pro
1597 3451 1729 3514 vitasua

3 3567 4 3570 ¹
92 3563 147 3608 noa
174 3544 288 3624 possit,
318 3543 433 3606 docent
466 3543 603 3622 plurimi,
641 3548 672 3608 et
705 3543 880 3625 gravissimi
935 3544 1143 3620 defendenda,
1169 3561 1242 3605 cum
1263 3542 1358 3605 etiam
1380 3541 1461 3602 hanc
1481 3539 1570 3602 inviti
1584 3540 1728 3602 amittere

3 3655 4 3712 3
91 3639 240 3698 ductores
254 3651 294 3694 ex
308 3631 415 3693 relatis
428 3650 458 3694 a.
474 3635 544 3695 808.
561 3634 601 3694 Et
614 3633 699 3712 apud
713 3635 839 3712 Moyam
856 3640 878 3694 t.
934 3635 1100 3716 possimus.
1113 3635 1221 3713 ltaque
1232 3631 1372 3712 loquitur
1382 3631 1421 3692 de
1431 3648 1517 3708 casu,
1530 3647 1592 3712 quo
1603 3629 1729 3690 invasor

3 3717 4 3790 ξ
90 3725 118 3800 o,
132 3721 161 3784 d.
177 3723 208 3784 3.
225 3741 258 3802 q.
274 3723 310 3792 2;
326 3717 417 3780 Dian.
434 3737 466 3800 p.
492 3722 523 3796 5,
549 3727 572 3780 t.
595 3723 625 3796 1,
650 3720 689 3781 11.
707 3722 744 3782 17
758 3727 787 3782 61
796 3740 831 3801 p.
848 3721 879 3797 8,
934 3723 1130 3786 occideretur
1144 3741 1183 3782 ex
1197 3720 1281 3798 odio,
1298 3721 1348 3782 vel
1363 3729 1429 3801 quo·
1441 3718 1646 3781 excederetur
1659 3734 1729 3778 mo-

3 3813 4 3824 ³
91 3805 350 3889 1,7,11.17,1161
375 3810 610 3887 cumLugon.
637 3811 705 3885 179,
728 3810 881 3872 testantur
934 3811 1096 3886 deremen,
1121 3809 1197 3889 quia
1216 3824 1330 3888 nempe
1351 3824 1402 3869 res
1421 3805 1549 3886 propria
1571 3801 1728 3868 aliterda-

3 3919 5 3956 i
91 3917 153 3960 aare
167 3914 372 3961 communem
388 3915 395 3956 :
413 3899 443 3958 et
457 3895 541 3956 idem
562 3895 656 3958 licere
677 3897 803 3959 Clericis
824 3895 881 3958 do·
934 3896 1020 3957 feudi
1038 3900 1154 3976 posset.

91 3987 278 4065 cautlloya,
293 4003 325 4044 n.
342 3987 397 4056 17;
416 3982 507 4046 Dian.
531 4001 635 4064 sopra,
657 3984 757 4047 citans
778 3986 878 4047 Tann.
973 3981 1122 4046 Instatis:
1147 3984 1230 4046 Ordo
1245 3982 1385 4046 caritatis
1408 3981 1557 4063 postulet,
1573 3986 1609 4045 ut
1631 3981 1729 4044 vitam

92 4075 175 4153 Sylv.
191 4073 380 4136 MeldLess.
391 4073 563 4150 Becanum,
575 4073 695 4135 stratio
706 4072 880 4136 eommunis
933 4071 1067 4154 proximi
1081 4073 1245 4153 praeferam
1258 4090 1330 4134 meo
1345 4073 1427 4136 bono
1437 4072 1581 4134 1611111166.
1594 4073 1631 4132 R.
1644 4069 1728 4134 Ordo

91 4177 143 4238 pro
157 4159 306 4222 omnibus
329 4161 386 4236 cst,
412 4159 527 4240 quiesi
550 4159 659 4222 liceret
676 4161 794 4242 absque
809 4160 880 4221 vitae
935 4162 1073 4224 caritatis
1096 4163 1219 4224 tantum
1240 4159 1359 4240 obligat
1379 4158 1410 4220 in
1427 4163 1577 4237 extrema,
1600 4157 1727 4221 6111661-

91 4248 226 4328 periculo
242 4247 288 4308 sic
301 4265 414 4325 rapere
429 4246 543 4324 aliena,
559 4250 693 4310 multum
712 4251 881 4328 augeretur
933 4256 998 4311 tem
1013 4250 1045 4310 in
1060 4249 1150 4330 gravi
1165 4247 1350 4310 necessitate
1364 4247 1510 4327 proximi,
1527 4247 1559 4308 in
1580 4265 1642 4328 qua
1665 4264 1728 4308 non

92 4337 221 4398 audacia
248 4341 281 4400 61
314 4334 435 4396 malitia
457 4335 620 4397 hominum
646 4357 652 4399 :
678 4336 791 4399 deinde
811 4336 882 4399 talis
934 4343 982 4402 est
994 4338 1045 4401 fur
1058 4339 1107 4401 vel
1121 4342 1239 4419 raptor,
1255 4336 1310 4397 sed
1321 4335 1409 4398 estin
1420 4335 1509 4416 gravi
1527 4334 1724 4397 suamalitia.

92 4423 211 4503 lugiens
224 4423 330 4503 reipsa
343 4426 489 4484 censetur
502 4423 881 4505 adhueactuaggredibo-
976 4427 1084 4503 Quoesc.
1101 4429 1168 4489 181.
1184 4459 1225 4472 -
1240 4422 1321 4499 Quid
1328 4430 1478 4506 praeterea
1500 4421 1538 4484 sit
1560 4421 1728 4484 addendum
1753 4457 1796 4506 3„

93 4527 175 4587 nam,
191 4512 277 4591 quod
292 4510 385 4589 rapit,
401 4510 463 4572 llls.
480 4519 502 4572 t.
520 4513 549 4590 3,
566 4533 596 4574 n.
613 4515 664 4575 91.
932 4515 1192 4579 circumcisionem
1206 4511 1411 4595 oppressoris?
1425 4513 1461 4574 R.
1480 4512 1582 4592 ch.§
1598 4515 1626 4574 1.
1640 4513 1728 4574 Abu·

39 4613 70 4660 111
128 4599 188 4678 55.
206 4600 239 4663 Si
253 4602 401 4680 ageretur
415 4600 455 4662 de
469 4601 709 4680 raptorestricta
721 4603 815 4682 dioto,
827 4604 881 4685 qui
931 4606 1027 4669 lensis
1048 4605 1169 4682 putavit
1189 4603 1302 4683 injuste
1326 4601 1470 4664 invasum
1485 4619 1611 4681 semper
1625 4601 1726 4664 teneri

93 4705 146 4766 par
160 4687 342 4750 violentiam
355 4687 451 4749 etiam
465 4689 590 4769 corpori
605 4689 780 4753 adhibitam
789 4693 883 4756 vellet
934 4696 1077 4761 occidere
1099 4694 1291 4771 invasorem,
1318 4691 1443 4773 quando
1467 4691 1500 4752 id
1523 4709 1652 4752 neeesse
1681 4693 1729 4754 est

94 4776 217 4838 unicum
244 4795 376 4838 aureum
399 4777 530 4857 eripere,
559 4779 632 4840 Mol.
658 4781 743 4842 Less.
769 4780 879 4844 Tamb.
935 4785 976 4846 ad
999 4782 1149 4844 tuendam
1171 4781 1269 4844 vitam
1292 4799 1402 4859 suam,
1425 4783 1493 4842 tum
1508 4779 1583 4859 quia
1603 4779 1729 4842 videtur

94 4861 198 4926 11161161
210 4865 330 4927 licitum
345 4883 412 4926 esse
433 4883 467 4927 se
490 4865 582 4944 tucri,
609 4867 730 4930 etiamsi
754 4887 881 4931 necessa
935 4862 1094 4944 postulare
1118 4861 1195 4923 ordo
1218 4860 1377 4937 caritatis,
1405 4864 1440 4920 ut
1460 4877 1494 4921 se
1514 4857 1662 4940 preferat
1682 4859 1729 4920 al·

95 4955 171 5016 csset
184 4953 340 5027 cocidere,
357 4952 383 5014 si
397 4953 443 5014 vis
458 4954 548 5016 aliter
562 4955 659 5019 averti
675 4975 739 5019 non
762 4963 879 5036 posset,
935 4951 1014 5028 teri,
1038 4954 1105 5013 tum
1125 4950 1230 5027 etiam,
1253 4949 1326 5030 quia
1345 4947 1477 5028 quisque
1493 4951 1617 5009 tenetur
1631 4948 1728 5009 vitam

96 5038 218 5117 6616111
234 5057 296 5101 nou
311 5041 433 5102 tantvm
447 5040 626 5104 defenditur
639 5062 753 5107 aureus
767 5063 787 5106 a
801 5045 883 5125 rapi·
936 5054 1122 5100 conservare
1137 5055 1193 5116 per
1206 5035 1312 5097 media
1324 5035 1425 5112 licita,
1442 5035 1533 5115 quale
1549 5035 1600 5096 hic
1615 5039 1662 5096 est
1676 5051 1729 5095 oc·

95 5144 142 5206 na,
156 5129 212 5190 sed
226 5128 323 5190 etiam
337 5145 449 5207 corpus
463 5147 483 5190 a
495 5128 654 5208 violentia,
672 5132 711 5193 de
726 5150 788 5212 quo
806 5152 881 5196 casn
936 5127 1010 5188 cisio
1032 5125 1177 5202 alterius,
1199 5123 1254 5185 sed
1269 5123 1321 5184 alii
1337 5123 1589 5185 communissima
1604 5127 1729 5185 contra·

3 5269 4 5300 3
96 5232 153 5277 non
172 5217 313 5298 loquitur
331 5235 421 5296 prop.
437 5217 595 5296 damnata,
612 5220 697 5299 quod
721 5219 765 5282 sio
784 5209 883 5301 expli'-
935 5209 1646 5291 (116661661111161111661116361161661110,
1662 5227 1681 5270 6
1694 5229 1726 5275 a.

96 5307 162 5380 cant
175 5305 251 5384 Lug.
269 5323 303 5365 n.
322 5305 642 5370 erectaerecta.
660 5307 692 5370 Si
708 5307 758 5370 fur
779 5308 810 5370 vi
835 5307 883 5370 in·
937 5305 1006 5380 153,
1032 5307 1064 5366 61
1084 5301 1159 5364 sotis
1181 5301 1316 5362 diximus
1330 5299 1383 5361 lib.
1400 5304 1429 5378 1,
1447 5317 1478 5360 n.
1495 5302 1565 5378 177,
1581 5297 1655 5378 quia
1669 5316 1728 5360 nec

3 5405 4 5468 j
97 5389 187 5452 166161
206 5407 327 5470 rapere
351 5407 488 5470 aureum,
504 5411 595 5471 posse
611 5395 727 5473 opponi
741 5395 881 5476 gladium
936 5392 1060 5469 caritas,
1073 5390 1462 5471 necjustitiaobligat,par
1474 5385 1729 5468 scioquendo,ut

96 5474 205 5540 adsim
218 5475 450 5560 arcendomct,
466 5480 555 5553 sisar
572 5483 713 5562 desistat,
731 5485 882 5546 nonlice-
935 5487 1006 5549 utar
1027 5478 1388 5545 madiisitodifticilihus
1405 5481 1436 5540 ct
1457 5475 1724 5560 extraordpnariis.
1800 5514 1804 5522 ι
