4086 6348
740 589 792 660 DE
810 586 1062 658 marono.

78 807 92 846 ι
109 782 316 861 liumcolnnt,
333 779 532 849 otmundum
545 779 727 844 universum
744 797 871 860 percur

77 877 193 951 crunt,
219 871 386 952 longisque
427 868 688 950 descriptionibus
726 867 868 948 implent,

76 962 186 1046 »quid
213 979 289 1042 ergo
317 957 529 1026 Christianum
558 957 632 1019 inde
662 955 872 1022 concludant?

75 1073 89 1110 ι
106 1050 182 1114 ιιιιιι
198 1047 518 1136 scripturasquidem,
531 1066 548 1108 e
550 1049 760 1110 tSanctorum
772 1045 870 1108 nomi·

75 1144 195 1219 ruent,
210 1139 268 1202 sed
282 1137 484 1222 quibusdam,
507 1140 542 1199 ut
564 1140 689 1214 vocant,
714 1135 870 1214 concepti·

74 1228 163 1294 rhus
178 1233 244 1297 tam
261 1228 356 1308 longe
379 1245 399 1288 ι
421 1243 507 1303 vero,
532 1242 569 1287 ιο
596 1183 757 1286 verisimili
785 1223 870 1285 diva·

74 1321 232 1398 agantur,
263 1319 388 1379 utnon
416 1272 556 1377 Oratdris
587 1314 700 1392 solum,
730 1311 785 1373 sed
812 1329 870 1373 nec

73 1407 213 1468 nPoetae
240 1403 368 1486 quidem
395 1405 501 1466 locum
528 1405 700 1466 teneanto
730 1402 760 1464 3.
789 1400 871 1463 Dicit

76 1511 127 1555 eos
139 1494 245 1557 solere
260 1493 292 1554 in
308 1492 453 1575 quaedam
466 1491 584 1570 invehi,
600 1509 630 1552 v.
649 1509 681 1572 g.
706 1490 738 1554 in
761 1489 871 1552 luxum

72 1582 219 1652 veebum.
250 1580 496 1643 denudationem
521 1577 658 1660 pectoris
682 1583 741 1642 etc.
767 1595 869 1659 neque

72 1673 179 1734 umen
192 1670 349 1750 explicare
362 1670 490 1750 populo,
508 1667 724 1748 quandonam,
740 1670 772 1730 et
795 1686 870 1748 qua·

71 1757 112 1822 lia
123 1757 193 1824 sint
205 1760 348 1839 peccata,
371 1760 467 1838 atque
485 1756 559 1822 ideo
575 1755 615 1818 ab
630 1753 783 1838 ejusmodi
798 1773 870 1819 con-

100 2025 187 2078 {Non
202 2023 367 2076 omittendam
381 2021 421 2073 tic
422 2023 504 2090 ,ιιιιιι
518 2022 544 2074 S.
561 2023 588 2075 O.
601 2023 627 2076 O.
641 2023 720 2088 jassa
733 2025 873 2076 innocentii

70 2095 119 2158 xl,
143 2097 178 2146 de
195 2095 271 2146 mado
293 2061 459 2146 οοιιοιοιιαιιιιι
480 2093 644 2144 satutarime
672 2097 795 2146 sonuerit.
819 2097 869 2147 De-

69 2165 153 2216 scriba
170 2166 368 2216 admonitionem
381 2164 601 2216 ιιιιοιιιίιοιιιιιο
614 2165 706 2218 Theoi.
722 2167 787 2220 lior.
802 2169 827 2229 ι,
845 2171 869 2232 2,

69 2239 242 2292 Βιιιεοιιιιιιιιι
255 2237 372 2294 mitons
381 2237 441 2290 ιιιι
444 2251 489 2306 ,p
499 2238 553 2290 ιιι.

268 2447 584 2516 lunoounrll
613 2447 677 2548 Xl.

107 2625 282 2690 Admonitio
303 2624 344 2687 ιιι
361 2623 444 2686 certi
461 2624 519 2688 Dei
539 2621 762 2688 concionatores
777 2643 832 2708 per

153 2722 270 2786 litteras
282 2719 386 2785 Sacra
401 2720 645 2804 Conprepationis
660 2721 792 2785 Consilii

287 2817 328 2880 ad
345 2819 504 2902 Episcopus
516 2817 654 2883 directas.

117 2993 185 3056 «A
213 2989 359 3052 Pluribus
386 2987 553 3052 Christiani
580 2988 671 3053 Orbis
696 2989 869 3053 Provinciis

69 3095 201 3160 mares,
216 3076 457 3160 frequentesque
480 3079 624 3154 Romam,
645 3078 739 3156 atque
758 3077 830 3140 ad
822 3097 870 3158 ιιι-

71 3185 145 3231 sam
159 3167 309 3230 Sanctam
328 3166 443 3229 Sedem
461 3165 642 3242 adventant,
619 3169 715 3226 ιιιιι
737 3166 870 3230 delatio-

72 3275 143 3334 nes,
160 3273 218 3318 seu
232 3255 368 3336 querelae
383 3255 534 3318 adsersus
548 3258 737 3333 praesentem
754 3256 869 3334 praedi-

69 3343 206 3408 cationis
230 3362 333 3422 usum,
349 3346 501 3425 tanquam
526 3360 545 3404 a
564 3343 714 3420 primaevo
734 3344 870 3423 Aposto-

69 3434 179 3498 lorum
192 3432 334 3494 instituto
353 3449 482 3512 prorsus
505 3431 715 3495 aberrantem.
731 3432 777 3493 Αο
801 3433 869 3514 qui-

70 3523 148 3586 dem
169 3538 241 3584 cum
255 3521 388 3582 verbum
411 3521 476 3599 Dei,
498 3519 592 3600 quod,
610 3521 761 3600 apostolo
776 3525 865 3600 teste,

70 3611 202 3675 omnino
217 3628 285 3672 esse
299 3608 394 3671 debet
407 3627 531 3686 sanum,
548 3627 585 3670 ac
599 3609 747 3687 salutare,
763 3611 869 3673 multi-

70 3700 148 3783 plici
162 3699 215 3760 lue
228 3715 286 3777 per
299 3697 406 3776 pluras
420 3715 457 3758 ex
477 3696 552 3776 ipsis
573 3693 734 3776 Evangelii
748 3715 869 3776 praeco-

71 3789 168 3852 nibus
177 3784 329 3848 reddatur
338 3783 484 3846 infestum
496 3803 504 3857 ς
518 3782 631 3846 marito
647 3784 868 3848 Sanctissimae

70 3875 227 3940 Dominus
251 3878 359 3937 noster
380 3871 530 3949 decrevit,
556 3871 775 3952 contagmnem
799 3873 869 3934 uni-

72 3982 165 4028 verso
190 3961 278 4044 gregi
303 3965 368 4024 tam
391 3960 564 4036 exitiosam,
583 3958 739 4040 longeque
757 3965 868 4040 paten-

73 4059 157 4132 tem,
187 4051 272 4114 omni
305 4049 492 4131 Apostolicae
526 4047 720 4111 auctoritatis
753 4053 867 4112 conatu

74 4159 204 4225 prorsus
219 4140 411 4221 extinguere.

115 4253 130 4290 ιι
149 4231 231 4293 Nam
253 4245 322 4310 quae
338 4227 435 4306 postis
449 4245 528 4304 esse,
544 4230 600 4290 aut
613 4224 783 4329 excogitari
801 4225 868 4288 vio·

70 4319 189 4385 lentior
212 4335 251 4378 ea
270 4319 384 4396 potest,
410 4333 480 4396 quae
508 4273 628 4378 cibos
619 4335 704 4398 ipsos
730 4315 771 4377 ad
794 4313 867 4376 vitae

64 4403 258 4491 praesidium
271 4403 465 4481 institutae,'
457 4421 602 4484 ipsasque
624 4404 795 4466 medicinas
810 4419 866 4484 pro

1664 597 1722 660 '187

925 775 1067 840 cianibus
1082 776 1258 858 appellatur
1272 779 1311 841 ad
1320 777 1508 862 theologos,
1523 781 1608 863 quod
1622 782 1720 844 sacris

925 865 1109 930 Oratoribus
1135 868 1183 928 cst
1208 867 1336 946 probro,
1367 886 1404 930 ac
1432 869 1563 949 impedit
1594 885 1720 932 omnem

925 953 1070 1016 dictionis
1084 953 1166 1017 fruct
1153 959 1243 1017 tzum
1259 955 1375 1017 Paulus
1389 957 1553 1021 'timotheo
1573 957 1716 1019 dicebat:

924 1042 1054 1122 increpa
1080 1040 1112 1102 in
1141 1041 1225 1103 omni
1251 1043 1414 1122 patientia,
1444 1049 1475 1107 et
1502 1045 1656 1122 doctnna,
1685 1045 1720 1106 ut

924 1135 980 1211 pot
982 1149 1038 1193 eus
1063 1131 1104 1192 sit
1139 1131 1336 1193 exhortari
1328 1150 1360 1193 ιιι
1387 1133 1536 1195 Doctrina
1563 1152 1652 1196 sana.
1681 1135 1721 1196 Et

925 1221 957 1283 S.
973 1222 1054 1298 Aug.
1072 1219 1111 1281 de
1125 1221 1203 1281 Doc
1190 1219 1360 1284 tr.Ghrist.
1388 1221 1409 1284 l.
1432 1227 1505 1299 ι,ο.
1523 1226 1571 1300 ta,
1589 1222 1717 1284 Oonoio

924 1308 1043 1370 nataris
1056 1325 1172 1369 munus
1186 1327 1253 1370 osse
1268 1308 1322 1377 ait,
1338 1316 1373 1370 at
1395 1310 1506 1387 doceat,
1530 1319 1565 1371 ιιι
1587 1309 1717 1380 delectet,

923 1405 958 1458 ιιι
984 1394 1087 1478 (lactat
1112 1415 1122 1456 .·
1151 1395 1250 1458 docere
1278 1397 1456 1460 necessitatis
1485 1407 1546 1477 est,
1575 1398 1720 1462 delectare

923 1485 1087 1553 suavitatis,
1112 1483 1229 1566 flectere
1250 1486 1387 1548 oietorr'oe.
1417 1507 1432 1545 ι
1457 1487 1550 1565 Olim,
1571 1509 1587 1547 ιι
1617 1487 1719 1569 inquit

923 1573 999 1636 Elia.
1031 1573 1252 1654 «Augustini,
1278 1573 1503 1653 chrysostomi,
1534 1576 1715 1654 Ambrosii,

925 1661 1065 1742 Gregorii
1093 1669 1179 1724 erunt
1198 1661 1432 1744 Conrineatares,
1455 1661 1600 1726 sedidem
1627 1661 1719 1728 Ptec-

925 1749 989 1834 loyt'
1004 1749 1027 1813 ¹.
1050 1771 1065 1810 ιι

921 2017 988 2119 jam
1014 2037 1077 2081 non
1100 2020 1338 2084 conculcaretur
1361 2021 1401 2082 ab
1424 2020 1615 2084 hominibus.
1642 2023 1719 2096 Qum

925 2107 1008 2169 enim
1022 2107 1196 2170 ministerio
1219 2111 1285 2171 tam
1304 2127 1393 2172 sacro
1416 2109 1479 2191 maj
1483 2129 1515 2171 es
1515 2114 1564 2172 tas
1567 2109 1646 2191 ,qui
1665 2111 1718 2171 de-

924 2213 989 2273 cor,
1007 2213 1077 2275 quae
1092 2197 1251 2275 sanctitas,
1269 2213 1337 2277 quae
1353 2131 1479 2260 utilitasJ
1482 2198 1572 2275 inest,
1590 2199 1717 2278 quando

923 2281 1061 2364 plurimi,
1078 2286 1113 2346 ut
1126 2284 1241 2346 Paulus
1261 2286 1386 2362 clamat,
1403 2286 1535 2348 verbum
1556 2286 1611 2348 Dei
1627 2287 1719 2349 adul-

924 2376 1073 2449 ιοιιιιιιι,
1098 2377 1153 2434 aut
1174 2373 1254 2453 jocis
1281 2375 1432 2454 tanquam
1459 2374 1637 2452 histriones,
1662 2378 1718 2438 aut

925 2459 1068 2522 conversi
1089 2459 1130 2522 ad
1144 2459 1266 2524 tabulas
1282 2461 1327 2523 uti
1340 2463 1459 2540 Poetae,
1476 2462 1636 2526 auditores
1655 2461 1715 2526 sibi

924 2546 1100 2629 prurientes
1115 2548 1244 2610 auribus
1262 2553 1461 2626 coacervant,
1474 2553 1529 2612 aut
1549 2548 1650 2612 inanis
1670 2550 1718 2612 ia·

924 2635 1046 2700 cundia
1060 2636 1215 2700 lenocinio
1237 2641 1269 2700 et
1282 2637 1504 2717 calamistrato,
1520 2656 1558 2700 ac
1572 2639 1717 2702 meretri-

924 2725 972 2788 cio
987 2726 1079 2806 plane
1093 2725 1187 2807 stylo,
1207 2725 1464 2808 pradicationem
1477 2727 1560 2790 ioede
1574 2743 1717 2789 corrum-

922 2813 1025 2894 punt?

963 2926 978 2962 ιι
1010 2902 1139 2966 Mandat
1166 2921 1242 2984 ergo
1270 2903 1427 2970 Sanctitas
1459 2922 1517 2967 sua
1547 2905 1614 2968 zelo
1640 2922 1716 2967 vere

923 2992 1104 3073 Apostolioo
1127 3008 1271 3070 accensa,
1288 2996 1322 3056 ut
1344 3011 1454 3056 omues
1476 2993 1641 3071 Primates,
1656 2995 1717 3056 Ar-

923 3080 1132 3160 chiepisoopi,
1160 3081 1324 3163 Episcopi,
1348 3085 1587 3164 ceterarumque
1609 3083 1717 3146 Docle-

924 3171 1042 3238 siarum
1056 3169 1219 3246 Praesidae,
1235 3188 1370 3250 quorum
1392 3171 1587 3251 precipuum
1601 3189 1716 3232 munus

923 3262 971 3319 est
984 3255 1116 3317 verbum
1131 3255 1186 3316 Dei
1207 3256 1438 3335 administrare,
1454 3276 1646 3339 gregemque
1661 3276 1716 3338 pa·

923 3364 1005 3424 cera,
1017 3344 1112 3407 tantis
1126 3346 1312 3424 corruptelis
1326 3351 1492 3409 occurrant
1507 3365 1622 3428 easque
1637 3347 1716 3408 Can·

923 3432 1134 3497 cionatoribus
1153 3439 1328 3514 opportune
1353 3435 1394 3497 ob
1414 3435 1522 3498 oculos
1545 3438 1664 3515 ponent
1685 3437 1716 3498 et

922 3521 1045 3601 fugiam
1058 3538 1077 3581 a
1091 3519 1170 3582 facie
1186 3524 1233 3583 tot
1246 3521 1381 3602 pestium
1395 3522 1500 3602 potius
1515 3540 1610 3602 quam
1631 3520 1716 3583 colu-

921 3608 1062 3672 brorum.
1086 3610 1126 3674 Et
1152 3609 1327 3688 praesertim
1359 3608 1498 3672 universi
1526 3608 1713 3688 intelligant,

922 3698 1007 3779 quod
1020 3716 1077 3776 per
1089 3697 1262 3760 leremiam
1275 3699 1357 3760 Deus
1376 3698 1436 3761 illis
1450 3698 1564 3760 indixit
1580 3717 1588 3760 ι
1610 3718 1624 3756 ιι
1637 3700 1716 3760 Ριο·
1801 3775 1805 3782 ¹

921 3812 936 3850 ιι
961 3790 1068 3870 phata,
1086 3789 1138 3870 qui
1162 3786 1258 3850 habet
1276 3805 1453 3850 sermonem
1472 3805 1590 3865 meum,
1606 3786 1716 3866 loque·

921 3900 936 3937 ιι
961 3883 1013 3940 tur
1027 3895 1205 3939 sermonem
1223 3893 1329 3937 meum
1348 3893 1423 3937 vere
1440 3895 1447 3938 :
1464 3875 1539 3958 quid
1561 3875 1652 3956 palca
1673 3875 1714 3936 ιιι

921 3987 936 4024 ιι
961 3965 1122 4029 triticum?
1149 3964 1302 4047 numquid
1328 3965 1427 4027 verba
1452 3981 1524 4026 mea
1551 3981 1613 4026 nan
1642 3965 1716 4026 suut

921 4077 936 4114 ιι
964 4054 1057 4136 ignis,
1069 4053 1144 4116 dicit
1153 4053 1304 4119 Dominus
1317 4057 1348 4116 et
1362 4053 1450 4133 quasi
1465 4052 1597 4115 malleus
1610 4055 1716 4114 conte·

921 4164 936 4202 ιι
962 4161 1035 4204 rens
1050 4140 1197 4223 petram?
1210 4164 1224 4200 ιι
1244 4141 1398 4204 Videlicet
1415 4143 1572 4220 oportere,
1588 4139 1715 4202 concio⁴

922 4251 977 4296 nes
991 4250 1055 4294 nou
1068 4230 1169 4312 paleis
1183 4229 1314 4292 refertas
1329 4249 1396 4293 esse
1409 4231 1450 4292 ed
1463 4228 1646 4307 vanitatem,
1658 4227 1714 4291 sed

922 4320 996 4402 igne
1010 4317 1151 4383 veritatis
1166 4337 1342 4382 succensas.

961 4431 976 4468 ιι
995 4411 1092 4470 Ροιιο
1109 4407 1219 4486 sciant,
1231 4426 1293 4469 non
1305 4409 1408 4470 levem
1422 4425 1489 4469 esse
1504 4406 1640 4487 culpam,
1658 4404 1713 4468 sed

71 4493 195 4560 morbis
209 4491 402 4573 depellendis
416 4492 570 4570 inventas,
582 4491 614 4553 in
629 4493 739 4555 mortis
753 4493 868 4555 instro·
921 4497 1041 4578 grande
1055 4495 1224 4576 piaculum,
1241 4496 1490 4577 gravissimaque
1505 4513 1601 4576 poena
1613 4496 1715 4557 mulc-

70 4587 183 4648 mena
200 4584 232 4645 ct
253 4581 495 4662 praesentissima
518 4599 640 4643 venene
662 4581 868 4644 convertere?
921 4584 1064 4661 tandum,
1077 4583 1130 4644 ubi
1144 4601 1201 4663 per
1215 4583 1435 4646 scurrilitatem
1449 4583 1582 4644 verbum
1596 4581 1651 4644 Dei
1662 4599 1715 4644 ve·

71 4671 216 4736 Verbum
245 4669 384 4750 profecto
414 4669 469 4731 Dei
491 4669 580 4750 panis
605 4674 652 4734 eat
671 4671 723 4732 ille
746 4671 817 4734 vitae
837 4672 868 4731 et
921 4673 968 4735 lut
981 4673 1013 4733 in
1028 4689 1155 4733 scenam
1168 4670 1339 4749 adducant,
1351 4676 1445 4752 atque
1454 4670 1650 4734 auditoribus
1661 4670 1715 4732 de·

71 4760 262 4836 intellectus,
277 4776 338 4839 quo
350 4758 447 4820 cibari
463 4764 494 4822 et
507 4777 590 4839 aqua
602 4759 696 4822 simul
709 4759 865 4836 salutaris,
921 4761 1089 4823 ridendum
1115 4760 1322 4824 traduxerint.
1347 4762 1504 4823 Praeterea
1530 4777 1632 4840 neque
1657 4778 1716 4840 per

73 4868 140 4933 qua
152 4846 255 4926 potori
278 4845 419 4907 fidelium
434 4846 565 4924 animes,
587 4847 627 4908 ab
642 4846 718 4927 ipsis
732 4847 869 4927 Religio-
923 4849 1111 4931 quaestiones
1125 4848 1276 4928 curiosas,
1299 4866 1337 4910 ac
1355 4848 1517 4928 paradoxa
1539 4851 1604 4910 tam
1618 4865 1712 4924 vana,

71 4937 124 5001 nis
137 4933 321 4999 Christiana
336 4935 545 5012 incunabulis,
555 4936 748 5015 Redemptor
762 4940 869 4999 noster
922 4939 967 5002 ita
989 4957 1085 5018 supra
1107 4942 1235 5018 captum
1257 4937 1446 5018 populorum
1470 4939 1653 5016 assurgant,
1681 4939 1716 4998 ut

72 5024 212 5090 edocuit.
230 5025 272 5087 At
283 5042 358 5086 vero
377 5023 403 5086 si
417 5023 475 5108 sal,
492 5021 576 5104 quod
591 5043 647 5105 pro
662 5023 718 5086 Dei
737 5023 869 5086 verboa
922 5045 995 5088 vere
1012 5031 1207 5106 querantur:
1230 5026 1358 5088 Parvuli
1379 5026 1531 5107 petierant
1551 5042 1660 5106 panna
1687 5033 1716 5087 et

74 5111 199 5177 Sanctis
217 5109 380 5191 accipitur,
402 5130 460 5191 per
479 5112 583 5173 futiles
605 5113 771 5174 conciones
794 5129 869 5173 eva·
921 5133 980 5176 non
993 5123 1057 5176 erat
1069 5116 1123 5196 qai
1134 5113 1286 5198 frangeret
1300 5113 1349 5176 eis.
1366 5113 1516 5176 Similiter
1534 5129 1637 5191 neque
1657 5129 1715 5191 per

73 5199 191 5277 iuuerit,
214 5202 247 5263 in
271 5217 333 5281 quo
355 5201 566 5280 putrescentia
588 5203 768 5264 mortalium
792 5199 869 5262 vitia
921 5203 1085 5265 illecebras
1102 5203 1244 5266 inanium
1262 5202 1442 5275 verborum,
1458 5219 1508 5261 res
1526 5217 1590 5261 non
1611 5199 1715 5261 minus

74 5287 446 5361 condianturlouin‘imo
467 5289 492 5352 si
508 5289 662 5367 calidam,
685 5289 869 5370 quodPrae-
922 5291 1238 5363 vanasobstrudant;
1259 5294 1290 5352 et
1308 5309 1365 5369 per
1386 5288 1627 5351 ostentationem
1648 5306 1716 5349 me·

74 5378 232 5441 dicatores
254 5380 363 5458 aperte
385 5378 550 5460 significat,
576 5397 633 5457 per
656 5377 868 5460 eloquentiam
922 5378 1030 5441 moria
1033 5381 1147 5457 ,atque
1162 5376 1424 5458 pronuntiationis
1441 5374 1712 5454 praecipitantium,

72 5465 222 5546 planet
194 5463 321 5530 stultam
341 5465 475 5528 infatuat
462 5470 529 5528 tum
551 5464 657 5542 luerit,
671 5483 783 5526 revera
806 5482 868 5526 uon
924 5467 1013 5550 quasi
1027 5465 1193 5546 prestigiis
1211 5464 1390 5528 auditorum
1411 5463 1544 5542 animas,
1559 5481 1714 5550 auresque

72 5553 162 5618 ulta
183 5551 311 5632 valebit,
334 5549 393 5617 nisi
415 5556 452 5617 ut
473 5511 674 5620 conculcetdr
694 5559 726 5616 at
748 5551 869 5618 utinam
922 5553 1093 5618 ludificant.
