3998 6344
1975 155 1978 238 ι

1976 413 1978 478 3

1976 479 1978 566 g

216 433 217 436 Ἴ
309 485 367 548 une
802 423 805 431 *
883 475 1000 539 LIBER
1020 473 1202 556 suarius,
1226 471 1327 536 PARS
1349 472 1388 537 11.

311 667 557 734 censeridebeat
570 661 675 748 gnada
695 663 727 727 iu
744 661 863 746 judicio
878 661 1047 726 temermm
1062 660 1107 725 dt·
1160 659 1332 740 concludit,
1349 678 1418 724 esce
1435 658 1638 726 temerarium
1661 679 1701 723 ex
1722 660 1791 726 sols
1807 661 1931 728 deterui-

309 763 399 822 cetur
412 759 579 822 uestit-l.
724 767 727 774 ’
1160 755 1225 814 tate
1240 749 1546 832 corporissuspiceri
1569 747 1702 812 morule
1726 749 1834 814 vitium
1853 751 1931 816 aba·
1976 755 1978 830 3

229 853 284 908 erse
337 849 367 928 ’ς
381 850 419 910 b.
442 843 475 911 si
499 843 602 907 adsint
623 840 800 923 probabilia
822 841 941 904 indicia
972 859 1030 922 pro
1055 859 1106 918 ec,
1158 839 1231 923 jus,
1260 839 1336 921 quia
1368 838 1551 902 determitas
1577 839 1725 919 provenit
1750 857 1789 902 ex
1815 839 1932 920 physicis
1976 833 1978 910 l

215 993 221 1004 .
311 935 396 1018 quod
420 932 533 1016 aliquis
556 931 596 994 ait
615 927 733 1007 mulus,
758 929 879 992 licitum
903 933 951 993 est
971 928 1108 1009 positive
1163 926 1265 990 causis
1287 927 1380 1007 plane
1403 926 1599 990 naturalibus
1630 931 1662 990 et
1685 931 1809 992 constat
1828 927 1932 1008 duplo
1976 913 1978 1002 l

311 1023 467 1099 dubitare,
490 1039 547 1082 seu
567 1018 710 1101 judicare
737 1017 870 1080 dubium
893 1035 973 1096 esse,
998 1036 1040 1079 an
1064 1017 1106 1080 sit
1163 1015 1279 1078 saecula
1300 1015 1408 1078 tulisse
1428 1015 1572 1077 homines
1592 1033 1726 1096 corpore
1748 1016 1895 1080 deformes
1910 1023 1935 1080 et
1976 1017 1978 1082 l

311 1113 492 1189 bonus,:an
514 1108 637 1183 mulus,
663 1105 738 1186 quia
760 1124 852 1169 nemo
883 1103 1110 1168 rationabiliter
1164 1105 1270 1168 animo
1284 1103 1457 1166 admodum
1471 1109 1668 1184 prestantes,
1684 1123 1722 1167 ec
1735 1105 1845 1170 bonos.

312 1204 498 1281 potestesse
512 1196 639 1272 inritus,
655 1194 681 1256 si
697 1195 768 1272 hoc,
784 1195 871 1276 quod
888 1212 962 1256 vere
977 1193 1110 1256 dubium
1202 1194 1222 1274 g
1242 1196 1274 1256 8.
1299 1193 1332 1256 Si
1356 1193 1426 1273 quis
1454 1196 1539 1258 emat
1552 1211 1708 1258 venenum
1723 1197 1755 1258 et
1769 1213 1830 1258 ncu
1843 1198 1937 1260 curata

313 1293 372 1367 eet,
388 1286 599 1368 egojudicem
613 1302 681 1346 esse
696 1282 838 1345 dubium.
855 1285 880 1346 li
895 1277 1110 1346 contrasiad·
1163 1287 1207 1359 te,
1233 1300 1336 1364 neque
1359 1283 1400 1346 ad
1421 1286 1453 1345 te
1476 1286 1598 1363 spectet
1619 1282 1774 1363 impedire
1795 1284 1935 1362 damnum,

313 1378 376 1442 sint
395 1376 514 1438 motiva
535 1371 682 1452 utrinqne
704 1369 899 1450 probabilia,
924 1369 1030 1450 aliqua
1052 1384 1110 1448 pro
1165 1371 1251 1452 qnod
1265 1370 1339 1433 inde
1351 1375 1455 1451 potest
1467 1371 1554 1447 oriri,
1570 1371 1759 1434 temerarius
1772 1391 1806 1435 cs
1819 1373 1845 1437 si
1858 1373 1937 1452 auspi

314 1485 364 1545 eo,
380 1465 466 1548 qnod
479 1465 520 1528 sit
532 1463 645 1539 bonus,
662 1460 725 1523 alia
739 1475 797 1540 pro
812 1477 861 1537 eo,
877 1459 961 1539 quod
985 1458 1027 1522 ait
1043 1473 1110 1518 ma·
1165 1459 1247 1522 ceris
1260 1460 1321 1522 emi
1347 1461 1389 1522 ad
1413 1461 1602 1537 nocendum,
1628 1459 1704 1541 qnia
1723 1458 1812 1524 nulla
1830 1461 1938 1524 bouesls

315 1557 376 1632 lua,
391 1553 600 1616 videturesse
616 1549 743 1630 injuria,
758 1549 783 1611 si
797 1547 930 1628 positive
950 1545 1111 1628 judicetur
1165 1552 1328 1626 causaest,
1346 1567 1404 1612 cur
1415 1548 1447 1611 id
1461 1549 1584 1626 timere,
1597 1549 1647 1612 uel
1661 1549 1817 1630 suspicati
1827 1549 1936 1612 mnes:

314 1643 428 1721 malas,
445 1641 518 1722 quia
532 1641 564 1702 in
576 1639 672 1702 dubio
687 1655 780 1700 nemo
790 1644 838 1700 est
847 1635 1105 1700 condemnandus
1165 1637 1314 1700 indubio
1338 1641 1462 1714 antem,
1488 1655 1546 1718 per
1567 1655 1601 1698 se
1624 1637 1806 1718 loquendo,
1829 1637 1938 1718 qusque

316 1739 348 1795 ct
361 1733 393 1794 iu
408 1727 521 1811 aeqaui
536 1746 633 1792 cauca
645 1726 756 1789 melior
778 1731 826 1789 est
846 1724 983 1788 conditio
1007 1723 1108 1804 possi·
1165 1725 1313 1805 praesumi
1328 1724 1549 1802 debetbcnus,
1566 1743 1639 1788 cum
1661 1725 1752 1788 sitin
1766 1725 1938 1806 possessione

317 1819 528 1898 dentis,Lng.
545 1817 765 1880 baenatii
783 1813 1005 1878 etaliicontra
1024 1815 1109 1875 bees.
1165 1813 1363 1876 innocentia.
1377 1815 1403 1876 n
1415 1814 1525 1875 contra
1546 1811 1572 1874 si
1594 1831 1614 1875 a
1634 1815 1665 1876 te
1689 1817 1788 1890 emat,
1811 1813 1859 1875 rel
1871 1812 1939 1876 aas

317 1929 347 1971 n.
372 1910 432 1980 3¹13
449 1905 572 1968 Petech.
598 1907 630 1966 ct
654 1903 742 1980 alios,
766 1901 819 1983 qui
843 1901 951 1964 dicunt
974 1900 1112 1966 hoccase
1166 1905 1287 1981 spectet
1308 1901 1461 1982 impedire
1483 1901 1610 1980 damna,
1636 1891 1807 1983 qnae'inde
1833 1905 1940 1982 possunt

317 1996 564 2059 untumoonna
577 1990 741 2054 mutuum
754 1994 786 2052 et
805 1989 933 2071 quidem
951 1989 1020 2050 leve
1039 2007 1046 2051 ι
1062 1987 1112 2050 Ni·
1167 1992 1258 2068 oriri,
1282 1996 1372 2072 potes
1395 1992 1506 2054 timere
1527 1995 1560 2054 et
1581 1991 1734 2072 suspicari
1758 1991 1873 2054 malurn
1889 1991 1940 2052 unt·

318 2083 486 2148 bilontinus
500 2081 532 2144 in
547 2097 584 2142 ec
599 2097 673 2142 naeu
688 2095 751 2141 non
766 2081 815 2140 est
830 2095 909 2157 opus
919 2075 1052 2157 positive
1063 2073 1113 2156 jn·
1165 2099 1264 2159 mum,
1289 2084 1442 2162 quantum
1465 2097 1629 2142 necessum
1652 2084 1700 2144 est
1722 2079 1765 2141 ad
1785 2079 1940 2159 impedien-

318 2175 424 2236 dicstc
438 2188 507 2248 esee
518 2169 649 2243 bonum,
665 2166 721 2228 sed
735 2165 884 2247 suspendi
897 2168 1001 2246 potest
1010 2163 1114 2226 omnis
1167 2169 1243 2230 dum
1257 2167 1420 2245 damnum,
1437 2165 1522 2248 quod
1537 2165 1603 2244 tibi,
1619 2165 1670 2228 vel
1684 2167 1779 2230 alteri
1797 2166 1867 2228 iudo
1881 2165 1938 2226 crin

318 2275 475 2337 assensus,
493 2257 568 2338 quia
586 2273 679 2318 nemo
693 2260 817 2318 tenetur
839 2273 873 2316 se
888 2270 1115 2334 exponerepe-
1166 2259 1283 2338 posset,
1300 2257 1344 2320 ita
1364 2255 1436 2320 Mul.
1469 2253 1525 2318 dis.
1553 2258 1608 2330 ll3
1625 2253 1718 2319 Gard.
1735 2255 1781 2319 in.
1799 2253 1939 2332 l,crisit.

319 2349 417 2412 riculo
438 2344 565 2410 errandi
590 2364 598 2406 ε
625 2347 797 2426 nutantque
821 2361 941 2420 omnes,
965 2343 992 2405 si
1010 2341 1115 2412 adsint
1167 2349 1218 2424 lc,
1234 2364 1297 2409 cn.
1313 2347 1372 2408 ιιι]
1385 2364 1394 2419 ;
1408 2343 1532 2407 Petsch.
1549 2343 1584 2405 de
1597 2351 1665 2406 rest.
1681 2363 1712 2425 q.
1727 2347 1761 2421 5,
1777 2352 1837 2408 ort.
1859 2347 1885 2407 Ξ.
1896 2345 1940 2405 lla

317 2438 394 2500 talia
407 2435 555 2516 utrinqne
576 2432 706 2510 motiva,
731 2431 851 2494 licitum
875 2437 922 2493 est
940 2432 1053 2492 reilexe
1064 2427 1114 2510 ju·
1167 2433 1212 2498 tiu
1227 2435 1284 2509 est,
1301 2431 1376 2515 qnia
1389 2432 1430 2495 ad
1444 2431 1607 2494 vitandum
1621 2436 1804 2513 peccatum,
1816 2432 1863 2496 vel
1873 2431 1940 2494 dans

320 2528 426 2590 dhare
452 2526 618 2602 utramque
648 2525 771 2600 partem
799 2538 867 2582 esse
896 2519 1113 2600 probabilem,
1168 2539 1245 2584 num
1258 2520 1406 2599 Proximi,
1422 2521 1455 2582 in
1468 2523 1592 2582 tantum
1605 2521 1756 2600 praesumi
1771 2525 1871 2601 potest
1881 2519 1941 2582 alter

319 2632 433 2694 nempe
447 2609 610 2693 probabile
625 2627 706 2687 esse,
722 2607 807 2690 quod
821 2607 975 2671 aitmalus
989 2611 1022 2670 et
1041 2625 1115 2687 pro-
1168 2627 1236 2672 esse
1262 2610 1384 2686 malus,
1412 2612 1566 2689 quantum
1593 2627 1721 2672 necesse
1751 2614 1802 2672 est
1823 2608 1862 2672 ad
1883 2605 1940 2670 illud

319 2702 424 2766 babile
438 2718 518 2776 esse,
534 2697 618 2779 quod
632 2696 674 2759 sit
684 2697 797 2775 bonna,
814 2694 890 2758 nihil
906 2695 1114 2758 determinate
1168 2696 1430 2779 praecavendum,
1455 2695 1500 2758 uti
1525 2699 1635 2762 notant
1655 2695 1852 2760 sanareris
1872 2695 1938 2774 aput

320 2789 489 2855 asserendo
505 2787 545 2850 dc
560 2787 629 2866 ipso
643 2785 768 2866 objecto
783 2785 917 2863 directo,
934 2785 995 2847 boc
1008 2787 1114 2846 tumen
1171 2784 1265 2851 θανά.
1282 2785 1353 2849 talia
1367 2785 1451 2847 cuim
1464 2785 1667 2865 praesumptio
1682 2803 1748 2848 non
1761 2791 1868 2848 masat
1875 2782 1940 2866 judi·

317 2878 484 2964 judicium,
500 2894 562 2956 que
575 2874 738 2956 judicatur
752 2891 820 2936 ease
833 2871 1038 2953 probabiliter
1048 2889 1116 2934 rne-
1169 2875 1253 2938 cium
1268 2876 1308 2938 de
1321 2874 1523 2955 improbitate
1536 2873 1677 2951 eliacim,
1693 2873 1752 2938 sed
1767 2879 1883 2938 unum
1900 2872 1942 2934 du-

321 2972 382 3046 lus,
408 2966 503 3030 debet
522 2981 592 3025 esec
615 2966 737 3025 tantum
760 2962 987 3042 speculativum
1007 2964 1117 3023 ctuou
1168 2963 1373 3042 bitationem,
1399 2982 1471 3045 quae
1493 2963 1534 3026 cb
1561 2962 1816 3043 magnitudinem
1836 2959 1942 3043 pauenti

322 3057 509 3140 practicam,
520 3053 621 3130 idest,
633 3052 679 3114 sin
686 3051 832 3132 judicans
845 3051 940 3114 debet
949 3069 982 3113 se
993 3067 1116 3132 gerere,
1169 3051 1309 3132 prudens
1323 3055 1370 3114 est
1384 3057 1416 3112 et
1425 3049 1523 3132 juata,
1541 3049 1678 3132 ideoque
1690 3051 1775 3114 alter
1788 3068 1849 3116 non
1861 3051 1942 3131 ponat

324 3146 400 3208 acsi
415 3146 496 3206 alter
508 3146 592 3204 esset
605 3141 719 3218 honus,
736 3151 796 3204 nec·
806 3139 901 3204 debet
919 3137 981 3202 hoc
997 3137 1116 3220 jndicio
1171 3159 1239 3202 csse
1252 3139 1479 3204 rationabiliter
1492 3139 1627 3202 invitus:
1644 3138 1689 3203 sic
1703 3139 1730 3202 si
1745 3140 1853 3203 videas
1865 3137 1943 3204 bout-

324 3235 469 3315 regulare
484 3237 576 3293 auum
590 3231 748 3306 allectum,
765 3232 820 3293 ant
833 3229 931 3290 ullam
954 3228 1050 3290 aliam
1066 3245 1117 3290 ec·
1171 3248 1244 3294 nem
1258 3234 1352 3293 noctu
1367 3229 1540 3293 barentum
1553 3233 1626 3292 aute
1640 3229 1775 3292 domum
1789 3232 1943 3306 tuem,nuu

323 3327 443 3388 tionem
454 3320 488 3381 in
503 3314 845 3398 praejudiciumipsius.
1171 3337 1284 3400 peccas
1298 3318 1436 3381 timendo
1450 3317 1569 3380 malum
1589 3323 1622 3380 et
1642 3317 1789 3397 parando
1810 3316 1943 3380 defensio·

364 3413 383 3492 ᾖ
397 3415 436 3473 ,6.
461 3404 678 3484 'temerarium
701 3407 732 3466 et
752 3404 1004 3483 superstitiosum
1018 3406 1119 3466 estex
1173 3425 1246 3468 nem
1261 3425 1268 3468 :
1285 3406 1318 3468 in
1330 3424 1393 3486 quo
1408 3410 1513 3469 tannen
1526 3405 1692 3485 praesumis
1705 3406 1799 3468 illum
1822 3423 1886 3468 esse
1899 3401 1945 3464 ini·

325 3499 451 3564 nomine
473 3492 653 3574 baptismali
677 3491 846 3572 conjicere,
872 3512 914 3559 an
939 3493 1054 3574 aliquis
1077 3491 1104 3552 si
1173 3513 1286 3577 quum,
1311 3499 1482 3576 antequam
1502 3495 1638 3574 probes,
1660 3495 1865 3558 nibilominus
1880 3493 1945 3575 juste

324 3589 454 3672 probus,
479 3583 530 3646 vel
553 3581 731 3662 improbus,
756 3580 869 3660 fidelis,
894 3585 950 3646 eut
971 3579 1117 3655 infidelis,
1172 3585 1348 3666 praesumis,
1364 3584 1389 3646 si
1405 3603 1466 3646 non
1481 3584 1579 3646 iacies
1592 3583 1704 3664 magis,
1722 3603 1821 3665 quarn
1837 3580 1945 3664 mquid·

325 3682 385 3741 eto.
409 3673 455 3738 uti
479 3675 590 3734 contra
610 3668 748 3734 luristas
777 3669 900 3750 aliqum
916 3669 1120 3734 docentBar·
1172 3680 1226 3735 tur
1238 3674 1279 3735 ad
1292 3671 1493 3736 securitatem
1505 3676 1612 3735 tuam:
1630 3676 1721 3735 notat
1737 3669 1943 3748 tamcuslepl.

326 3768 380 3831 tol.
406 3767 508 3842 Rayn.
533 3757 649 3839 aliique
671 3757 924 3825 communissima
947 3775 1020 3822 cum
1040 3755 1117 3820 coh.
1174 3782 1205 3824 n.
1227 3764 1278 3839 to,
1303 3758 1450 3838 expedire
1473 3765 1541 3823 tum
1564 3760 1702 3822 formare
1720 3759 1943 3842 talejudicinn:

326 3857 359 3918 in
372 3871 438 3934 exp.
456 3859 478 3914 t.
491 3853 521 3926 2,
537 3867 601 3910 oc.
617 3848 689 3924 343,
703 3845 777 3927 quia
790 3845 919 3909 numina
941 3865 980 3908 ex
1002 3863 1036 3908 se
1057 3862 1121 3907 nen
1174 3870 1231 3912 seen
1244 3867 1317 3931 nepo
1329 3848 1473 3911 homiuem
1486 3847 1574 3910 illum
1585 3867 1644 3911 esee
1660 3847 1781 3918 bonum
1797 3849 1955 3929 tmolum>

327 3943 482 4008 inclinant
494 3937 536 4000 ad
550 3935 661 4012 ndns,
677 3936 728 3997 vel
741 3935 842 3998 bonus
856 3951 961 3998 mores
975 3938 1007 3995 et
1021 3934 1123 4012 impe-
1178 3945 1241 3998 tum
1255 3936 1297 3998 ud
1308 3937 1364 4016 me)
1379 3936 1468 4000 buteo
1478 3955 1536 4019 pro
1548 3936 1633 4008 ιοηο,
1653 3944 1753 4000 tomen
1765 3937 1836 4000 acto
1852 3941 1946 4019 propte·

327 4036 446 4095 nuntun
465 4023 716 4104 independenter
736 4041 755 4088 e
778 4023 993 4103 complexione
1019 4020 1123 4084 homi·
1176 4044 1228 4088 rec
1240 4025 1338 4088 subire
1350 4022 1946 4109 pericotom‚qaodsutescepcsaet,silorte

328 4121 387 4198 nis,
404 4133 474 4198 qnae
489 4118 565 4177 tnnc
580 4111 684 4180 adhuc
698 4111 807 4192 ignote
818 4117 866 4175 est
887 4116 919 4176 et
932 4109 1124 4176 antecedeu·
1176 4115 1214 4176 sit
1228 4115 1335 4177 molnes.

328 4215 378 4272 ter
392 4206 432 4268 ad
445 4205 551 4267 murra
566 4201 791 4281 contingentia,
808 4219 879 4286 que
892 4202 951 4265 soli
965 4203 1029 4264 Deo
1049 4202 1125 4262 nota
1217 4203 1279 4283 §a
1295 4206 1344 4265 Au
1358 4202 1409 4279 sit,
1425 4201 1475 4263 vel
1490 4219 1553 4264 uon
1567 4200 1608 4264 sit
1620 4203 1837 4279 temerarium,
1859 4199 1946 4262 sicne·

329 4299 413 4358 suut.
469 4330 470 4342 ι
1179 4292 1264 4369 dam,
1281 4291 1367 4373 quod
1380 4308 1461 4352 unus
1475 4289 1621 4368 affirmat,
1636 4290 1744 4371 colligi
1758 4282 1945 4370 nebotpraci·

249 4406 303 4459 tres
370 4385 431 4463 fil.
448 4380 481 4444 Si
495 4397 609 4458 eorpus
623 4376 769 4440 beminis
781 4376 831 4454 sit,
856 4393 920 4440 non
943 4395 982 4440 ex
999 4376 1122 4460 morbo,
1179 4397 1289 4460 puceu
1300 4378 1543 4442 circumstantiis
1556 4379 1650 4456 illius,
1666 4380 1721 4459 qui
1737 4377 1945 4454 dicitctdcuuo

331 4473 472 4548 vumere,
487 4472 544 4533 aut
557 4466 617 4530 alic
633 4465 806 4544 accidente,
823 4465 880 4528 scd
893 4485 932 4528 ex
946 4469 1058 4530 natura
1073 4467 1125 4530 de·
1179 4467 1257 4530 dicit
1276 4485 1283 4530 ι
1309 4483 1383 4530 nam
1403 4466 1429 4529 si
1453 4467 1515 4544 ille,
1540 4465 1593 4547 qni
1617 4467 1704 4544 dicit,
1728 4467 1771 4530 sit
1790 4456 1944 4540 humaui

330 4561 448 4637 forme,
474 4560 676 4636 ,praesumunt
707 4554 796 4618 mubi
830 4555 956 4619 luristae
986 4555 1127 4617 animam
1180 4555 1493 4619 communiternimis
1507 4555 1589 4616 liber
1609 4561 1658 4618 cst
1678 4555 1712 4616 in
1732 4552 1944 4636 loquendum

332 4649 434 4710 iueese
449 4644 653 4721 nonboaam,
668 4642 742 4706 binc
757 4643 900 4708 absolute
924 4663 1034 4707 verum
1057 4663 1126 4706 esse
1179 4645 1313 4707 multum
1325 4649 1425 4721 curat,
1449 4642 1530 4707 sitne
1553 4661 1674 4720 verum,
1692 4661 1734 4706 an
1749 4643 1868 4718 laisum,
1880 4631 1945 4719 quud

334 4735 410 4799 dicit
422 4733 527 4814 tiraq.
542 4733 647 4815 meere
659 4732 789 4814 corporis
802 4732 992 4796 simulacrum
1002 4739 1127 4796 cutmen·
1179 4733 1329 4814 loquitur,
1352 4737 1407 4796 aut
1424 4732 1449 4794 si
1473 4733 1515 4795 sit
1535 4732 1618 4794 male
1639 4733 1771 4796 ellectna
1784 4729 1943 4812 ergailnn,

333 4827 381 4904 tis,
396 4824 552 4907 fictoresque
570 4820 731 4904 probitatis
753 4827 786 4883 et
807 4821 953 4886 ltlenocb.
979 4821 1033 4900 ait,
1057 4821 1127 4885 lieri
1180 4822 1220 4884 de
1233 4839 1295 4902 qno
1309 4821 1395 4898 dicit,
1411 4825 1468 4883 eut
1480 4820 1506 4882 si
1520 4839 1559 4882 ea
1573 4820 1655 4882 illius
1676 4819 1878 4900 depressione
1892 4829 1945 4893 epe·

334 4933 399 4978 non
412 4915 526 4993 potest,
550 4916 586 4974 ut
608 4910 662 4990 qui
686 4909 814 4972 omnino
833 4909 983 4972 deformis
997 4915 1054 4989 cst,
1069 4911 1128 4974 bo·
1149 4978 1158 4996 ⁸
1180 4929 1252 4972 rare
1268 4909 1367 4989 possit
1393 4909 1606 4986 commodum,
1635 4897 1944 4975 eneruauerunt

335 5001 474 5078 nna-sit,
498 5003 691 5080 mutumne
713 5001 808 5062 beau.
833 4997 961 5062 ludices
983 4997 1016 5059 in
1038 5000 1128 5079 praxi
1181 4997 1329 5062 credam:
1345 4997 1384 5060 de
1399 5002 1515 5075 cetero,
1530 4997 1557 5059 si
1573 5016 1634 5060 non
1650 4997 1733 5060 adsit
1752 4997 1822 5060 talis
1841 4993 1945 5056 susan

335 5093 451 5167 iacere,
475 5090 511 5150 ut
531 5088 556 5152 si
578 5087 641 5150 duc
663 5104 737 5149 cnm
746 5086 879 5170 paribus
898 5085 1020 5150 indiciis
1034 5105 1129 5150 excu-
1181 5086 1307 5164 stantia,
1322 5105 1385 5150 non
1399 5104 1453 5148 erc
1469 5085 1665 5164 temerarius,
1681 5085 1707 5148 si
1722 5085 1855 5148 credam.

336 5185 461 5256 centur,
493 5177 581 5257 prins
607 5180 735 5241 torturae
767 5173 952 5256 subjiciatur
978 5175 1128 5238 deformis
1221 5177 1302 5255 §lu
1320 5172 1469 5247 Quamvis
1491 5173 1605 5236 mulier
1626 5173 1798 5254 conjugata
1821 5168 1943 5232 eluto

336 5283 433 5351 quum
446 5265 578 5347 puluinar
594 5286 601 5329 :
617 5263 674 5328 sed
686 5265 764 5328 Gob.
782 5273 822 5327 tr.
834 5268 882 5342 tt,
893 5283 924 5328 n.
939 5268 1029 5344 tete,
1043 5271 1128 5328 recte
1181 5263 1350 5339 inebriare,
1367 5261 1570 5324 temerarium
1583 5266 1633 5325 est
1648 5261 1773 5342 (saltem
1795 5259 1826 5322 iu
1844 5259 1943 5320 neruu-

337 5356 441 5438 rejicit,
450 5353 529 5420 illud
543 5354 662 5418 dictum
672 5351 852 5416 Menochiic
867 5352 1010 5433 quamvis
1023 5357 1129 5416 autem
1183 5351 1246 5431 nia)
1262 5351 1333 5412 idco
1345 5349 1490 5430 judicare
1504 5367 1573 5412 esse
1587 5348 1777 5427 mularum,
1791 5345 1859 5428 quis
1869 5339 1945 5404 scitur

339 5443 492 5527 ejusmodi
513 5441 640 5510 ludices
661 5458 724 5506 nnn
747 5440 890 5517 damnet,
916 5442 1000 5506 recte
1023 5443 1129 5504 tamen
1183 5439 1298 5504 mnus
1312 5436 1343 5502 in
1359 5437 1603 5504 Germaniaesse
1617 5437 1768 5504 bibaces:
1786 5436 1943 5522 panno
