3994 6344
671 543 723 612 titt
744 539 1044 608 aasrtrorlortt.
1628 544 1682 608 191

64 731 183 812 modom,
210 752 239 796 6.
269 751 319 814 gr.
348 730 547 809 maestitiam,
575 731 835 814 inquietudinem,
897 726 1046 808 obligatio
1070 727 1204 790 faciendi
1229 745 1266 789 ex
1288 725 1380 790 bouis
1412 727 1528 792 diversi
1559 727 1687 792 ordinis,

63 824 130 900 lites,
147 827 231 904 putat
244 825 349 884 Haun.
364 825 512 898 mairem,
525 821 551 882 61
562 821 653 882 611166
667 840 729 882 666
740 818 840 900 possit
896 815 979 878 Unde
994 814 1127 877 resolves:

64 927 247 988 compensare
258 909 387 985 damna,
401 925 463 968 non
478 907 579 969 teneri
594 926 688 986 66666
694 926 762 968 6666
776 923 840 966 666·
935 927 949 962 u
968 907 992 967 l.
1005 907 1065 966 Pro
1080 904 1165 965 lama
1178 903 1372 966 restituenda
1386 907 1434 966 est
1448 903 1550 967 fama:
1568 922 1640 967 cum
1659 903 1691 964 id

64 997 222 1060 titutionem
236 995 469 1058 manifestando
483 1015 490 1070 ;
506 996 562 1056 661
587 995 625 1055 16
645 995 705 1055 1666
718 997 837 1073 666166,
894 1013 956 1057 666
971 995 1075 1071 66166,
1098 1009 1160 1052 666
1181 991 1297 1054 teneris
1315 992 1354 1054 ad
1378 992 1546 1072 pecuniam
1564 996 1596 1053 61
1609 992 1693 1054 bona

15 1123 18 1182 6,
65 1085 172 1164 666616
186 1083 224 1146 16
238 1084 344 1146 666616
359 1084 584 1145 excusantibus
598 1101 617 1143 a
631 1082 837 1144 restitutione.
894 1083 1041 1157 16616666,
1059 1079 1118 1141 6161
1133 1099 1191 1160 666
1204 1081 1394 1143 seutentiam
1409 1099 1428 1142 a
1442 1082 1553 1144 161166
1569 1079 1693 1162 cogaris

15 1185 45 1246 pt
95 1173 149 1253 §R
165 1170 841 1250 11611666661666166666611616666666-
895 1171 940 1232 sic
954 1168 1144 1232 satisfacere.
1162 1170 1281 1231 Eadem
1296 1174 1343 1233 est
1370 1170 1451 1232 ratio
1476 1171 1514 1232 de
1539 1169 1682 1249 66116616.

15 1249 17 1266 '
64 1262 135 1322 uiam
141 1281 194 1341 pro
205 1261 463 1342 compensatione
477 1260 614 1341 injuriae,
628 1260 679 1321 661
692 1259 838 1336 infamiae,
896 1259 986 1332 Quod
1000 1258 1026 1319 si
1040 1263 1145 1320 tamen
1157 1258 1300 1320 laedendo
1311 1259 1439 1336 lamam,
1452 1257 1583 1320 inbonis
1599 1257 1695 1320 ctiam

64 1350 84 1410 si
96 1349 205 1411 lacinus
218 1351 299 1411 16616
316 1349 464 1429 eruperit,
487 1349 562 1429 6616
576 1349 712 1428 6666616
726 1353 773 1410 661
786 1347 841 1409 bc·
895 1349 1028 1410 fortunae
1043 1347 1132 1408 alteri
1148 1347 1299 1407 damnum
1315 1347 1444 1409 allatum
1460 1351 1552 1422 esset,
1570 1349 1695 1409 constat

15 1457 16 1462 ¹
66 1456 128 1498 uum
142 1438 267 1500 alterius
290 1437 419 1498 ordinis.
445 1435 478 1498 Si
501 1439 606 1497 tamen
621 1435 702 1498 banc
721 1436 840 1498 6666116
896 1435 1162 1514 exsupradictis,
1181 1436 1258 1516 quid
1276 1435 1520 1498 laciendumsit.
1537 1434 1693 1497 Porroda

15 1551 16 1554 ¹
65 1525 179 1602 dederit,
207 1525 343 1586 maritus
370 1526 474 1602 potest
496 1523 646 1602 retinere,
672 1523 717 1585 uti
746 1523 843 1585 habet
895 1523 1418 1605 1666166616666,616.1161116166.

65 1618 135 1676 boss.
150 1613 259 1676 Tamb.
275 1613 337 1674 Ills.
353 1632 384 1674 a.
401 1615 452 1690 95,
464 1611 650 1691 prohibetur
664 1615 769 1673 autem
784 1631 843 1690 pu·
936 1637 950 1672 u
970 1614 1008 1675 11.
1027 1614 1058 1676 Si
1075 1613 1144 1693 quis
1164 1614 1299 1675 alterum
1321 1613 1444 1676 induxit
1467 1614 1508 1674 ad
1529 1615 1695 1694 peccatum

15 1723 16 1752 ³
65 1701 216 1779 blieelieri,
241 1699 281 1762 L.
311 1697 507 1781 Troaefipere,
526 1703 573 1762 18.
593 1698 664 1762 Cod.
691 1698 735 1761 De
760 1709 841 1761 tran·
896 1701 1052 1778 suasione,
1070 1702 1273 1780 velexemplo
1288 1721 1356 1779 suo,
1371 1705 1497 1764 tenetur
1511 1701 1640 1782 quidem
1656 1719 1695 1762 ex

15 1787 17 1830 ἓ
65 1789 231 1868 cretionibus,
249 1809 288 1852 ne
300 1789 433 1851 maritus
448 1807 520 1850 eum
544 1788 692 1850 scandalo
716 1792 842 1868 6616166
896 1789 1037 1866 caritate,
1055 1791 1160 1870 66661
1175 1792 1289 1869 661661,
1316 1809 1388 1852 eum
1405 1807 1556 1852 revocare
1572 1790 1613 1851 ad
1629 1809 1697 1851 6666-

15 1877 16 1922 t
67 1894 236 1956 corpussuae
251 1875 394 1958 conjugis
407 1876 612 1955 adquaestum
626 1876 839 1956 prostituisse:
895 1877 1007 1939 liorem
1022 1883 1149 1956 statum,
1167 1879 1301 1941 sednon
1316 1878 1499 1959 exjustitia,
1511 1881 1597 1940 Less.
1616 1877 1639 1940 l.
1656 1883 1686 1954 1,

66 1970 173 2028 1666166
198 1969 307 2028 tamen
330 1972 396 2026 tam
425 1964 558 2042 adulter,
584 1983 679 2044 quam
699 1965 843 2026 adultera
896 1985 921 2027 c.
938 1969 968 2042 8,
985 1984 1015 2025 6.
1035 1969 1087 2041 10;
1105 1969 1215 2045 Laym.
1234 1966 1255 2030 1.
1274 1970 1303 2045 3,
1322 1979 1361 2029 tr.
1378 1973 1408 2036 2,
1424 1987 1449 2029 c.
1467 1969 1497 2044 8,
1515 1987 1545 2028 a.
1565 1970 1593 2030 1.

67 2055 304 2132 6616666661666,
328 2057 359 2115 61
378 2053 534 2113 bonorare
558 2053 716 2132 maritum,
737 2059 773 2114 61
797 2052 841 2114 616
935 2077 950 2112 6
971 2056 1023 2116 lll.
1041 2055 1073 2116 Si
1086 2053 1155 2134 quis
1170 2055 1304 2117 alterum
1318 2055 1442 2117 induxit
1465 2055 1588 2132 fraude,
1609 2055 1695 2133 1616,

67 2159 113 2222 pro
123 2142 359 2204 inhonoratione
370 2140 414 2201 illi
428 2140 631 2202 satisfaciant.
896 2142 1011 2223 injusto
1027 2149 1124 2221 metu,
1142 2148 1200 2206 etc.
1226 2150 1351 2207 tenetur
1372 2145 1413 2207 ad
1437 2145 1469 2206 id
1493 2163 1531 2205 ex
1553 2144 1695 2225 justitia:

15 2249 24 2295 ¹.
98 2233 168 2312 §lR
180 2233 237 2293 Hic
252 2250 292 2292 ex
307 2231 470 2292 occasione
486 2231 587 2291 notari
598 2235 729 2310 possunt
739 2247 841 2310 poenae
898 2231 972 2311 quia
986 2231 1117 2312 quisque
1132 2234 1229 2296 babet
1239 2233 1292 2316 jus
1307 2253 1346 2295 ne
1369 2233 1483 2314 injuste
1505 2233 1648 2310 laedatur,
1666 2233 1698 2293 in

67 2320 192 2382 adulterii
207 2339 214 2382 :
228 2317 324 2384 16611.
340 2324 390 2398 10,
406 2337 479 2381 cers.
493 2321 542 2398 10,
559 2320 678 2380 Denter.
697 2323 746 2398 11,
766 2338 839 2381 cere.
896 2319 987 2381 bouis
998 2321 1223 2399 spiritualibus.
1251 2323 1341 2385 Unde
1361 2323 1385 2382 si
1400 2322 1543 2400 ledetur,
1559 2321 1653 2383 debet
1666 2321 1698 2382 id

68 2413 115 2487 22,
129 2409 254 2490 punitur
265 2415 378 2486 morte,
394 2414 427 2471 et
441 2408 568 2488 quidem
583 2407 786 2487 lapidatione,
797 2409 840 2471 uti
897 2406 1058 2486 spirituale
1073 2409 1206 2486 restitui,
1225 2411 1249 2470 si
1265 2415 1379 2489 potest,
1395 2409 1474 2472 leid.

67 2496 184 2558 babetur
195 2497 283 2558 1666.
300 2499 330 2570 ὃς
343 2497 419 2558 1666
435 2495 527 2572 616111,
545 2494 619 2555 61616
634 2496 841 2558 6166161666
938 2519 953 2555 6
972 2497 1023 2557 lV.
1042 2495 1073 2558 Si
1089 2496 1157 2576 quis
1172 2497 1309 2577 aliquem
1318 2498 1425 2578 (etiam
1439 2497 1625 2578 novitium),
1643 2497 1700 2560 ab-

68 2591 168 2648 statuta
179 2592 227 2648 est
237 2603 332 2665 poeua
347 2585 468 2665 capitis,
485 2584 628 2647 aGarolo
641 2585 678 2661 V,
695 2584 843 2646 etiamfe·
898 2584 987 2647 duxit
1000 2583 1040 2646 ab
1064 2584 1208 2665 ingressu
1223 2586 1402 2665 Religionis,
1421 2590 1527 2648 tamen
1541 2587 1608 2647 sine
1622 2587 1654 2646 61
1669 2591 1700 2648 61

67 2674 166 2750 minis;
195 2676 272 2737 Jure
291 2673 443 2736 canonico
464 2672 605 2735 aufertur
626 2673 768 2735 adultero
789 2673 843 2754 jus
897 2673 1020 2749 fraude,
1042 2672 1098 2734 etsi
1121 2673 1261 2752 graviter
1284 2674 1427 2751 peccavit
1449 2674 1482 2735 id
1501 2673 1700 2736 irrationabi-

68 2763 195 2842 esigendi
225 2761 367 2825 debitum
397 2760 581 2843 conjugale,
608 2764 640 2821 et
662 2763 844 2824 conceditur
896 2761 968 2825 liter
990 2761 1134 2821 iaciendo
1155 2779 1192 2822 ac
1215 2761 1349 2842 proinde
1373 2765 1518 2824 teneatur
1540 2762 1568 2823 61
1592 2782 1700 2825 rursus

68 2850 208 2930 separatio
232 2851 293 2914 tori
320 2849 553 2912 adinstantiam
568 2849 753 2912 innocentis.
767 2853 842 2913 Jure
898 2849 1030 2912 suadere
1058 2848 1234 2928 ingressum
1258 2870 1296 2912 ex
1314 2851 1445 2912 caritate
1466 2869 1474 2924 ;
1506 2855 1699 2914 nontamen

68 2939 203 3002 16666166
219 2939 302 3001 16166
319 2955 470 3018 personas
489 2941 634 3016 vulgares
652 2937 755 3016 prima
774 2939 843 3002 6166
899 2935 1145 3017 exjustitia,ch
1165 2937 1220 3017 1111,
1237 2941 1287 3002 661
1308 2939 1461 3019 Religioni
1477 2943 1613 3018 tenetur,
1631 2960 1700 3021 quae

68 3028 245 3108 puniturper
261 3044 403 3088 mensem
417 3025 449 3085 in
472 3025 685 3087 canceratione
706 3025 737 3084 in
761 3043 842 3105 pane
898 3027 1020 3088 nullum
1034 3025 1138 3088 adhuc
1152 3026 1191 3088 in·
1199 3047 1272 3090 eum
1278 3027 1332 3109 jus
1342 3026 1518 3108 6666161611.
1531 3029 1569 3092 V.
1587 3031 1697 3110 Laym.

68 3113 844 3198 6166666661666616616616166161616,616166616-
898 3133 927 3175 a.
945 3117 974 3176 1.

69 3205 240 3268 6161661666
253 3205 326 3283 6161,
343 3204 648 3285 peuduutpraeterea
660 3202 843 3265 1311666666
938 3225 952 3262 6
972 3204 1010 3265 V.
1030 3203 1064 3265 Si
1085 3202 1155 3282 6616
1176 3202 1369 3284 Religiosum
1387 3204 1428 3268 ad
1449 3205 1639 3285 apostasiam
1654 3206 1702 3268 in-

69 3297 139 3356 6116
163 3295 356 3374 6666166666
383 3291 435 3371 661
457 3309 533 3354 6666
557 3290 721 3368 166616616,
737 3292 843 3354 media
899 3291 1023 3354 duxerit
1040 3291 1184 3352 suasione
1200 3291 1299 3355 aliave
1326 3294 1558 3373 cooperatione,
1584 3294 1701 3375 obliga-

69 3387 237 3466 66616666
252 3380 628 3462 66611661666116666616,
650 3382 845 3443 6166661166-
898 3385 950 3442 166
973 3399 1011 3444 ex
1028 3380 1100 3460 jure
1124 3380 1295 3458 Religionis
1318 3381 1359 3442 ad
1379 3382 1619 3461 restitutionem,
1638 3403 1700 3446 non

69 3471 148 3533 161661
164 3470 351 3552 :quiantem
366 3488 428 3530 non
443 3473 490 3530 est
504 3468 666 3546 solvendo,
690 3473 761 3547 post
774 3471 845 3531 1661-
900 3468 1028 3550 quidem
1041 3474 1077 3531 61
1090 3469 1156 3548 1666
1172 3467 1268 3549 (quod
1282 3469 1380 3548 aliqui
1393 3469 1526 3550 volunt),
1538 3471 1608 3535 loco
1623 3473 1702 3534 6116-

70 3560 127 3619 tum
141 3577 298 3622 carcerem
311 3577 369 3639 per
385 3562 449 3620 tres
468 3557 534 3618 dies
553 3556 731 3619 Dominicos
750 3559 845 3620 couti·
899 3558 965 3618 rius
981 3556 1193 3636 ingrediatur,
1214 3557 1270 3618 sed
1285 3557 1465 3620 utsuadeat
1479 3557 1579 3635 611661,
1597 3558 1702 3638 66661

73 3645 842 3724 66666161666666616166616166661116666,Η666.
900 3650 1021 3726 661661,
1052 3644 1205 3721 reditum,
1229 3649 1261 3707 et
1299 3652 1481 3724 compenset
1511 3647 1701 3710 Monastcrio

71 3739 171 3799 6105.
187 3737 286 3800 Hodie
301 3754 396 3816 poena
411 3735 568 3812 adulterii,
581 3734 683 3815 iuquit
701 3737 843 3816 Pcrring.
900 3731 1078 3809 commoda,
1095 3751 1165 3812 quae
1180 3751 1217 3793 ex
1233 3733 1429 3813 haereditate,
1448 3733 1555 3812 honis,
1581 3735 1631 3797 vel
1655 3736 1703 3797 in-

71 3821 89 3884 1.
97 3827 125 3902 5,
134 3828 207 3902 tlt,
222 3845 252 3887 a.
271 3826 319 3900 18,
330 3828 377 3886 661
391 3823 552 3903 relegati0,
563 3821 627 3884 sive
637 3824 774 3902 exilium,
791 3828 847 3887 aut
901 3821 1023 3884 dustria
1036 3821 1166 3885 alterius
1181 3823 1438 3902 expectabantur.

70 3911 122 3972 alia
130 3931 221 3991 prena
229 3911 406 3988 arbitraria,
422 3909 718 3988 etiampecuniaria:
736 3911 846 3974 innos·
940 3933 955 3970 6
974 3912 1026 3973 Vl.
1044 3911 1078 3973 Si
1092 3911 1162 3991 6616
1176 3930 1310 3988 666666,
1326 3911 1465 3992 phyltro,
1491 3911 1592 3976 611666
1607 3913 1702 3976 modo

70 3998 258 4079 trispartibus
268 3997 848 4079 (11111666161166666616)616661616661
901 3998 993 4060 alicui
1010 3998 1165 4060 destruxit
1182 3999 1380 4078 memoriam,
1399 3999 1565 4077 rationem,
1582 4007 1642 4063 ete.
1659 4005 1703 4063 16-

71 4086 157 4148 lribus
171 4087 278 4150 diebus
287 4083 470 4163 Dominicis,
487 4085 536 4146 661
551 4085 648 4163 166116,
664 4087 791 4166 666616
800 4091 847 4149 661
902 4091 994 4150 66166
1008 4087 1119 4150 eodem
1132 4087 1239 4164 mode,
1257 4105 1318 4167 666
1333 4089 1504 4166 mutilator,
1526 4089 1702 4150 66166166-

70 4189 225 4236 concursus
237 4172 438 4254 populi,ante
453 4172 536 4234 fores
552 4173 699 4236 Ecclesiae
708 4193 780 4235 com
795 4193 848 4236 ac·
902 4193 987 4251 raus,
1013 4174 1052 4235 de
1077 4192 1139 4252 666
1168 4192 1279 4252 66666,
1303 4174 1343 4234 61
1372 4174 1600 4236 restitutionem
1624 4175 1702 4236 lucri

70 4262 288 4324 censacaudela
303 4281 311 4323 :
328 4260 402 4324 alibi
418 4280 491 4324 cum
505 4261 606 4324 lodice
622 4261 680 4324 sub
697 4263 848 4324 cathedra
903 4261 1064 4341 cessantia,
1082 4267 1114 4324 61
1127 4261 1233 4324 damni
1255 4262 1327 4323 iude
1351 4263 1449 4326 secuti
1472 4262 1504 4324 in
1527 4261 1618 4326 bouis
1640 4264 1704 4326 166-

71 4351 304 4425 6666166616616;
320 4349 395 4414 alibi
410 4368 468 4429 per
482 4350 594 4412 urbem
610 4349 735 4429 publice
750 4351 852 4413 dedu-
902 4355 998 4416 tunae.
1455 4359 1458 4365 '

70 4443 207 4502 6661666
232 4439 382 4502 ministris
401 4437 531 4520 justitia
554 4458 627 4501 eum
650 4458 726 4501 vase
743 4439 847 4520 ligneo

70 4523 196 4588 humeris
209 4527 321 4609 injecto
335 4527 436 4590 instar
447 4527 597 4604 thoracis,
615 4525 717 4606 capite
732 4545 789 4606 per
802 4529 850 4593 lo-

71 4632 170 4677 666666
191 4617 333 4697 66666166
352 4616 520 4695 eminente,
536 4618 652 4680 vocant
673 4614 851 4697 Spooiseter
1180 4593 1432 4658 ADDENDA·

15 4729 17 4780 ς
70 4704 181 4780 1666161,
192 4707 240 4769 661
253 4705 363 4768 tettzeu
385 4703 539 4768 Wommes.

15 4783 18 4798 ¹
944 4783 1055 4861 Oaoest.
1072 4785 1122 4844 66.
1142 4781 1260 4857 Quanto
1272 4786 1311 4842 611
1325 4781 1440 4862 injuria
1457 4789 1486 4840 et
1503 4797 1570 4862 qcoe
1592 4779 1704 4864 611166-

904 4873 1044 4950 11661ἱὶ66,
1061 4871 1114 4953 qui
1127 4871 1223 4932 olium
1234 4871 1345 4931 inducit
1355 4869 1552 4950 adparatum
1563 4874 1578 4930 ?
1591 4871 1628 4933 R.
1643 4871 1699 4950 §b

300 4951 525 5019 nartcttbtts
542 4955 593 5019 vt.
904 4965 937 5025 Si
948 4960 1059 5043 661661
1073 4958 1123 5018 661
1137 4957 1247 5019 166616
1271 4957 1401 5018 1616661
1415 4957 1549 5018 alterum
1562 4955 1602 5017 ad
1618 4975 1702 5019 mor·

902 5052 976 5128 tale,
994 5051 1041 5110 est
1062 5046 1178 5127 injuria
1200 5045 1316 5126 gravis,
1342 5045 1417 5124 quia
1439 5048 1609 5105 causantur
1631 5061 1702 5126 gra-

902 5139 1030 5202 vissima
1053 5137 1186 5213 damna,
1213 5152 1325 5212 nempe
1347 5132 1480 5212 privatio
1502 5133 1627 5212 gratita,
1653 5135 1702 5196 vel

902 5244 1019 5289 novum
1030 5223 1182 5301 debitum,
1196 5226 1227 5283 61
1236 5226 1439 5300 augmentum
1449 5238 1552 5299 poenae
1563 5227 1700 5305 aeternae,

903 5335 939 5377 ac
967 5314 1063 5375 etiam
1089 5311 1192 5392 major
1215 5309 1382 5371 difficultas
1410 5307 1616 5387 resurgendi;
1639 5327 1701 5388 666

114 5409 457 5490 61166611661611616,
468 5411 494 5472 61
506 5409 625 5474 66611161
641 5427 702 5472 666
717 5411 848 5490 possunt
903 5404 987 5466 enim
1000 5401 1102 5480 magis
1117 5401 1272 5478 augentur
1285 5397 1442 5475 mortalia,
1460 5415 1496 5458 66
1511 5397 1628 5476 616666,
1645 5416 1703 5477 666

74 5491 305 5565 bonaablataex
319 5501 412 5566 bonis
426 5499 567 5582 ejusdem
582 5497 787 5578 ordinis,uou
801 5501 849 5559 est
902 5511 935 5554 se
958 5490 1134 5571 loquendo,
1159 5485 1387 5551 subtrabuntur
1409 5485 1517 5566 gratiae
1543 5486 1699 5566 actuales,

1730 4837 1770 4884 813

108 5089 183 5167 oute
193 5089 289 5160 161661
302 5097 422 5160 restitui
430 5115 487 5178 pro
495 5094 597 5174 foma,
624 5101 650 5154 et
669 5091 848 5173 1661166161-

72 5181 198 5260 coalito,
218 5194 249 5246 61
268 5185 433 5247 inductione
451 5181 849 5265 61666616666666611666

72 5285 90 5328 6
101 5266 260 5350 1161161661
