4086 6348
676 451 1120 562 nnnucnnuosnmcro.
1662 489 1721 556 nr

926 684 956 746 in
973 683 1093 765 judicio
1107 681 1275 765 relinquat,
1291 682 1594 760 canotasenus,
1609 697 1640 745 a.
1660 681 1718 754 {03

930 775 1015 836 Less.
1027 773 1095 835 Fill.
1105 774 1181 835 Bon.
1193 781 1214 835 t.
1225 777 1255 850 ἢ,
1271 771 1302 836 d.
1319 775 1368 850 lo,
1385 771 1416 832 in
1425 787 1593 854 procepq.
1603 775 1634 848 2,
1644 773 1721 852 pafo

342 899 508 962 CAPUT
549 897 618 960 ΠΙ.
930 881 958 924 fl.
979 865 1008 924 5.
1028 861 1108 924 vide
1121 863 1217 924 etlam
1231 864 1318 942 Ilugo
1341 877 1363 922 8.
1384 862 1420 932 53
1437 859 1533 922 Ttull.
1554 858 1576 922 Ι.
1595 861 1626 935 8,
1641 875 1667 919 C·
1687 857 1717 928 l,

930 949 960 1014 cf.
981 953 1027 1015 l3.
1048 953 1108 1015 Ubi
1131 955 1239 1014 umen
1260 951 1342 1012 bene
1355 949 1540 1026 notandum,
1556 945 1643 1030 quod
1663 943 1721 1008 otsi

929 1039 1006 1102 talia
1019 1040 1151 1101 crimina
1164 1038 1360 1120 excipiantur
1377 1056 1397 1098 a
1410 1036 1571 1100 communi
1590 1033 1723 1115 disposi-

928 1129 1015 1191 tione
1038 1130 1117 1208 legis
1135 1128 1277 1210 positiva
1301 1129 1333 1190 et
1351 1126 1432 1208 juris
1455 1124 1641 1201 communis,
1658 1139 1722 1184 non

929 1221 1034 1280 tamen
1049 1218 1126 1298 legis
1142 1237 1196 1280 scu
1213 1217 1293 1300 juria
1308 1221 1446 1289 naturae;
1469 1215 1604 1296 ideoque
1618 1211 1722 1292 gravi·

929 1310 978 1369 ter
987 1323 1118 1386 peccare
1129 1307 1280 1388 judicem,
1293 1305 1346 1388 qui
1359 1305 1392 1366 in
1406 1305 1460 1368 tali
1472 1321 1632 1384 processu,
1646 1319 1675 1364 v.
1686 1319 1718 1380 g.

929 1400 1039 1458 contra
1053 1413 1157 1474 sagas,
1173 1394 1299 1476 quidvis
1316 1394 1412 1456 licere
1432 1396 1533 1472 putat.
1550 1393 1588 1456 V.
1608 1391 1672 1470 Spe
1688 1389 1723 1450 in

344 1472 553 1538 DUBIUM
587 1474 610 1534 1·
928 1482 1235 1560 ceut.crlmin.d.li,
1253 1486 1301 1560 18,
1317 1485 1355 1544 3¹1
1370 1490 1489 1563 etsepp.

967 1595 982 1631 n
1001 1572 1152 1634 Tertium.
1178 1573 1274 1633 Recta
1296 1570 1439 1648 intentio,
1456 1574 1491 1632 ut
1509 1567 1628 1630 scilicet
1649 1583 1722 1646 pro·

133 1671 202 1750 (tac
214 1671 406 1755 secabantur
425 1669 466 1734 ed
479 1667 826 1753 leptatnamjudiaeme
926 1661 1060 1723 nodatur
1074 1678 1112 1722 ex
1125 1659 1298 1722 intentione
1319 1658 1460 1740 justitia.
1476 1658 1567 1723 Unde
1586 1656 1611 1717 si
1623 1655 1722 1736 judex

927 1750 1081 1832 procedat
1099 1768 1137 1810 ex
1158 1747 1243 1826 odio,
1260 1747 1362 1810 aliove
1381 1747 1449 1808 sino
1463 1747 1558 1824 malo,
1574 1764 1604 1808 v.
1619 1761 1651 1824 3.
1678 1743 1721 1806 ob

25 1901 65 1948 m
125 1867 410 1950 nltesp.Haectria
427 1887 434 1928 :
452 1863 665 1942 Primumest,
681 1863 871 1941 iurisdictio,
926 1840 1054 1942 {nstlffm
1068 1837 1213 1918 8¹⁰fi³mr
1225 1837 1379 1938 Ρῗθθᾶὗῆι
1392 1854 1455 1936 119ῐὶ
1469 1834 1597 1934 quidepn
1612 1834 1722 1894 ⁰⁰ss2?ss

87 1957 147 2020 sine
161 1976 224 2038 qua
237 1955 395 2018 sententia
417 1953 504 2016 nulla
518 1958 566 2016 est
586 1958 617 2015 et
630 1956 779 2033 peccatur
793 1971 873 2014 mor·
923 1933 1090 2010 l'JSl'tffiffle
1118 1925 1175 1986 sed
1197 1929 1361 1987 millam
1390 1925 1525 1986 fihfflnlss
1549 1925 1718 1995 willemi

85 2045 192 2121 tamer,
224 2050 261 2110 ut
288 2064 326 2106 ex
350 2045 387 2106 Β,
414 2043 524 2104 whom,
544 2045 574 2119 ᾖ,
597 2045 627 2118 2,
654 2060 682 2124 q,
698 2041 749 2118 50,
778 2039 874 2101 habet
926 2015 1102 2076 mortaliter
1125 2017 1181 2076 aut
1203 2013 1387 2090 venialiter,
1412 2014 1507 2091 prout
1529 2008 1601 2070 finis
1625 2007 1719 2082 illius,

85 2135 267 2198 communis.
287 2135 389 2208 Quare
410 2135 520 2211 peccat
540 2130 643 2193 ludex
662 2127 830 2204 saecularis,
847 2127 872 2188 si
926 2105 1067 2167 ffl⁰rll¹l⁵
1082 2107 1137 2166 aul
1149 2103 1281 2166 venialis
1302 2095 1601 2177 erit;130n.ca,d.
1623 2099 1673 2175 ¹⁰2
1689 2095 1721 2157 ὑὶ

85 2237 227 2304 personas
251 2227 308 2284 ant
330 2239 441 2282 causas
460 2235 547 2281 mere
569 2217 815 2294 Ecclesiasticus,
832 2215 872 2277 ad
919 2202 1063 2276 Praelell‘·
1079 2195 1151 2274 Ma
1164 2213 1194 2276 l·
1215 2195 1246 2256 3*

85 2331 115 2376 se
127 2313 230 2375 trabat
246 2333 253 2374 :
272 2309 319 2374 uti
339 2314 370 2373 et
388 2307 637 2385 Ecclesiasticus,
657 2307 683 2368 si
698 2325 783 2368 merc
799 2305 871 2366 civi·

85 2399 125 2462 les
141 2421 148 2462 :
164 2401 222 2462 nisi
237 2401 319 2462 forte
334 2417 391 2479 per
405 2397 562 2474 accidens,
582 2394 622 2458 ob
637 2395 794 2456 defectum
806 2391 871 2474 jus·

85 2489 153 2554 litia
166 2490 197 2551 in
212 2489 284 2552 foro
307 2486 461 2563 saculari,
479 2491 534 2547 aut
547 2485 606 2546 nisi
621 2483 684 2545 sint
697 2499 800 2544 causae
814 2479 871 2540 mi·
1192 2497 1397 2564 ADDEND
1408 2499 1445 2562 A·

85 2577 260 2640 sonabilium
274 2589 491 2654 personarum.
512 2573 608 2633 Porro
624 2589 694 2651 quae
709 2585 810 2630 causae
826 2567 870 2629 cli·
1292 2563 1301 2580 ⁶

86 2667 188 2727 antur
200 2678 289 2726 merc
300 2660 418 2737 civitae,
434 2673 504 2739 qua
517 2656 742 2721 Ecclesiasticus
754 2659 785 2718 et
800 2671 869 2736 quae

86 2753 196 2830 mixta,
210 2769 304 2814 nosse
325 2753 449 2829 oportet
461 2747 587 2810 ludices
601 2750 633 2808 et
656 2745 868 2825 iurisperitus,
965 2745 1073 2820 Quoest.
1090 2743 1159 2804 all.
1182 2771 1223 2786 -
1242 2735 1322 2815 Ouid
1336 2745 1481 2816 preterea
1501 2731 1668 2797 notandum
1683 2729 1723 2793 sit
1748 2733 1802 2782 Μ

85 2847 240 2924 potestque
254 2837 354 2900 videri
368 2837 453 2917 apud
467 2837 577 2916 Laym.
589 2833 610 2898 t.
621 2839 652 2912 t,
668 2853 691 2897 c.
703 2838 732 2908 23
749 2835 787 2896 V.
798 2833 871 2894 Gar·
924 2833 1007 2894 n'rcc
1014 2827 1253 2914 jurisdictionem
1266 2825 1405 2889 ludica?
1418 2827 1511 2903 Resp.
1529 2839 1618 2904 seqq.

31 3001 37 3016 ι
87 2929 144 2993 din.
161 2929 301 3008 debugo
315 2925 406 3004 d.3'l,
422 2927 485 2987 s.3.
965 2923 983 3002 g
1006 2924 1035 2983 l.
1061 2917 1212 2992 Quamvis
1234 2933 1327 2978 nemo
1348 2913 1448 2996 possit
1467 2931 1536 2974 essa
1559 2910 1662 2974 lodex
1689 2907 1722 2971 in

120 3016 332 3090 »Secundum
357 3036 364 3076 ε
390 3016 504 3076 ltectns
527 3029 706 3093 processus,
728 3029 758 3073 v.
782 3027 813 3092 g.
836 3013 872 3074 ut
925 3009 1054 3093 propria
1068 3025 1175 3084 causa,
1190 3009 1297 3069 nmen
1313 3003 1578 3084 excipiturcausa
1598 3015 1723 3078 compo·

86 3104 190 3167 citetur
203 3122 279 3166 reus
298 3106 330 3165 et
347 3103 504 3180 audiatur,
521 3106 581 3163 etc.
601 3099 665 3162 Nisi
684 3100 764 3163 forte
780 3117 870 3178 expe·
925 3099 1030 3164 tenbae
1053 3097 1131 3174 fori,
1159 3113 1232 3157 nam
1255 3097 1359 3174 potest
1380 3107 1563 3172 supremum
1584 3073 1721 3152 nbunal

86 3189 146 3252 diat
164 3191 347 3274 aliqnando,
364 3205 436 3252 cum
461 3189 574 3251 delicta
596 3193 670 3252 sunt
693 3187 823 3263 atrocia,
839 3186 872 3248 in
926 3205 1128 3268 cognoscere,
1144 3203 1185 3246 an
1202 3201 1296 3246 causa
1311 3182 1417 3262 aliqua
1437 3179 1478 3243 sit
1498 3197 1563 3240 sua
1573 3173 1723 3260 jurisdic-

85 3277 210 3360 fraganti
226 3277 358 3340 crimine
369 3275 595 3357 deprehensos,
609 3275 712 3338 subito
723 3275 869 3355 plectere,
925 3277 1034 3355 tionis,
1052 3291 1162 3351 necne,
1177 3275 1317 3352 tuncque
1330 3287 1389 3351 pro
1403 3287 1437 3330 se
1451 3268 1501 3330 vol
1515 3267 1576 3329 alio
1585 3281 1722 3345 pronun·

84 3367 172 3450 velia
187 3366 372 3430 criminibus
387 3367 524 3446 exceptis
541 3383 743 3428 communem
758 3363 872 3443 produ·
925 3367 1016 3442 liare,
1034 3367 1068 3425 ut
1078 3361 1194 3442 probat
1214 3359 1330 3438 praxis.
1355 3359 1395 3420 nt
1408 3357 1469 3418 hoc
1482 3353 1619 3416 maxime
1636 3367 1723 3414 com·

85 3455 170 3518 cendi
186 3455 319 3518 modum
338 3458 460 3517 mutare
479 3473 486 3515 :
502 3469 577 3516 nam
599 3451 703 3515 ludici
725 3467 872 3530 supremo
926 3454 1007 3536 petit
1021 3450 1095 3516 Sodi
1110 3447 1309 3528 apostolica,
1330 3465 1425 3528 quam
1448 3461 1517 3506 esse
1540 3453 1723 3522 supremam

84 3541 265 3624 (dnmmodo
290 3543 409 3604 crimen
438 3541 478 3604 sit
505 3541 678 3622 publicum)
703 3539 873 3619 aliquando
927 3541 1066 3607 tribunal
1088 3540 1202 3601 docent
1226 3533 1342 3599 Concil.
1370 3533 1503 3597 Florem.
1528 3535 1560 3594 ct
1580 3531 1637 3594 SS.
1659 3529 1721 3590 PP-

82 3631 183 3712 licere,
200 3633 269 3697 sine
284 3632 444 3710 citatione,
462 3630 643 3693 defensione
658 3632 690 3692 et
704 3629 787 3690 omni
801 3645 875 3708 pro·
926 3631 1008 3694 Vide
1026 3625 1163 3692 ltu-Bois
1177 3624 1219 3688 ad
1226 3643 1318 3708 prop.
1333 3623 1372 3686 at
1383 3623 1471 3688 Alea.
1490 3615 1560 3698 VII,
1571 3618 1724 3683 mm

87 3737 169 3782 cessa
195 3737 287 3784 reum
310 3719 405 3784 morti
429 3719 623 3800 adjudicare,
645 3737 682 3780 eo
707 3716 791 3798 quod
812 3716 874 3777 fao·
927 3740 993 3804 cap,
1008 3723 1038 3783 2,

84 3809 318 3873 tamnotorium
340 3810 372 3870 et
392 3807 554 3890 publicum
577 3807 617 3868 sit
629 3807 698 3868 loco
713 3810 875 3868 accusato·
968 3809 1041 3890 §a
1071 3807 1199 3870 cenum
1226 3807 1274 3867 ost
1298 3822 1319 3865 a
1343 3799 1485 3866 wanlai
1502 3795 1637 3884 judicari
1656 3807 1724 3858 noa
1751 3807 1804 3855 sno

86 3911 153 3958 rum
167 3902 199 3964 et
211 3897 354 3976 testium,
371 3913 474 3980 nequa
497 3913 552 3958 reo
572 3896 626 3978 jus
640 3893 827 3957 defendendi
842 3911 875 3955 sc
932 3915 1024 3979 posse
1044 3893 1214 3974 clericum,
1236 3891 1411 3957 secundum
1431 3889 1516 3954 dicta
1536 3907 1555 3950 c
1575 3905 1607 3950 n.
1632 3883 1722 3966 lust,

89 1097 218 1160 Dentato
231 1104 261 1158 et
279 1094 380 1178 officio
396 1112 587 1176 personarum
600 1091 789 1154 soecnlmam
802 1110 876 1175 qua·

199 1183 347 1263 rumdam,
365 1181 534 1266 maeotim
546 1179 753 1264 judt'ciclium.

60 4205 64 4212 '
89 4211 140 4250 cem
154 4204 185 4252 ut
200 4199 330 4264 primum,
341 4201 403 4249 ante
418 4198 491 4248 bunc
505 4203 630 4262 ponatur.
643 4197 719 4250 liade
729 4195 876 4260 appellatio
962 4199 990 4248 3ο
1004 4197 1082 4258 Quod
1106 4197 1139 4247 ad
1168 4194 1390 4246 intullibilitatcnr
1412 4192 1520 4250 attinet.
1539 4189 1626 4244 recole
1641 4203 1724 4256 supra

87 4281 102 4318 a
125 4269 254 4321 Pontiflce
277 4269 311 4320 ad
335 4268 487 4319 Concilium
511 4281 564 4332 qna
591 4265 792 4318 «blanciaco
814 4265 877 4317 crdo
931 4271 1043 4322 dictaet
1057 4265 1469 4334 nota,luxtaconventumanni
1484 4261 1724 4326 suspensionem

86 4355 98 4386 ι
115 4339 302 4405 confinditur»
320 4343 351 4391 ut
366 4341 404 4390 att
417 4340 480 4392 Pius
495 4339 515 4388 ll
533 4339 701 4403 gravissimis
716 4338 877 4402 prohibetur
931 4343 995 4393 licet
1006 4337 1454 4405 hebuerttproeepaasperteeunci‚
1465 4335 1724 4388 infallibilitatem

87 4411 170 4474 penis
185 4410 288 4462 alolto
306 4411 327 4461 lt
352 4411 411 4460 loto
425 4411 535 4474 mroepti
554 4409 696 4475 sponsus,
715 4421 731 4458 a
753 4405 877 4460 Leonafl
929 4414 1062 4478 gaudere,
1084 4412 1223 4477 quomodo
1252 4413 1338 4476 igitrn
1360 4409 1479 4476 episcopi
1502 4409 1613 4462 meam
1635 4411 1725 4472 μήθ

88 4485 154 4564 Ιξὲθ,
167 4484 282 4546 ΕΜ,
292 4486 343 4532 otc
354 4481 430 4534 Unde
443 4485 568 4534 auctores
581 4481 690 4544 quidam
707 4482 738 4528 ut
752 4481 778 4530 S.
795 4481 877 4532 Anto·
931 4483 1062 4536 babentes
1093 4481 1287 4534 infallibilitate
1317 4481 1502 4546 gaudebuntt
1530 4479 1606 4532 uncto
1634 4479 1724 4532 Contu

87 4565 165 4604 mnus
192 4554 222 4604 in
254 4555 363 4604 Summa
396 4553 429 4604 ΙΙΙ
456 4567 482 4617 1)-
512 4553 554 4603 tit·
583 4554 624 4613 33,
650 4565 673 4600 ⁰·
702 4551 726 4610 ³,
757 4550 875 4602 dieunt=
931 4557 1023 4607 dixit:
1042 4551 1724 4618 ailludassoroetfidenterquidemassero,pov

90 4625 213 4674 «sentim
229 4621 300 4688 quod
316 4623 349 4674 ad
364 4623 539 4674 conciliuma
556 4625 627 4686 Papa
642 4622 774 4688 appellari
789 4623 877 4686 possit
931 4641 944 4670 u
960 4629 1015 4675 tarn
1030 4639 1076 4675 eos
1098 4624 1220 4676 Ecclesiae
1237 4626 1264 4674 et
1278 4623 1426 4688 perniciem
1442 4620 1538 4674 afferre
1555 4619 1603 4684 qui
1624 4621 1724 4686 negant

88 4697 153 4746 nest
166 4693 333 4746 hereticum.
353 4712 365 4742 ι
387 4695 496 4758 sylvius
510 4694 581 4744 dixit
597 4707 604 4738 a
621 4709 634 4740 a
652 4692 811 4743 Nullatenus
823 4691 873 4742 ad·
927 4713 943 4742 a
961 4697 1109 4746 Romanum
1125 4694 1298 4756 Pontificem,
1316 4695 1393 4744 l’etro
1409 4694 1437 4742 in
1460 4692 1523 4743 fidoi
1538 4690 1724 4754 doctrinasque·

86 4765 275 4816 :nicensem
294 4765 420 4828 estquod
437 4763 722 4833 concilium'panorato
743 4763 779 4812 ait
796 4775 875 4826 supera
928 4784 943 4814 a
959 4767 1122 4818 auctoritate
1146 4767 1297 4824 aucceoora
1319 4768 1367 4816 aut
1388 4767 1461 4816 cerba
1479 4765 1627 4818 adunant
1649 4773 1727 4813 mnu·

89 4842 250 4884 »summum
266 4835 422 4884 Pontificem
447 4853 454 4886 ι
478 4835 524 4884 sect
550 4847 598 4897 pro
616 4834 740 4884 doctrina
763 4833 875 4884 omnino
929 4855 942 4885 ι
962 4851 1035 4888 mum
1054 4838 1177 4888 &dosia
1191 4841 1325 4903 pastorem
1340 4837 1496 4902 quicunque
1511 4835 1617 4896 illusit,
1633 4843 1723 4890 emto

88 4917 100 4948 ι
116 4907 186 4954 certa
200 4917 284 4968 eaque
302 4903 344 4954 val
359 4903 392 4956 ad
408 4903 488 4956 fldem
503 4905 638 4968 pertinere
656 4905 699 4954 vel
719 4908 791 4955 certe
812 4901 875 4954 tldci
930 4927 942 4956 u
960 4909 989 4960 in
1003 4907 1065 4959 fidei
1078 4909 1182 4973 judicio
1196 4921 1282 4972 posse.
1299 4925 1311 4954 o
1326 4909 1369 4968 (do
1385 4909 1446 4960 boc.
1461 4908 1480 4956 l.
1493 4905 1526 4966 V,
1540 4919 1563 4958 o.
1578 4903 1646 4966 llll.)

89 4989 104 5054 n¹
116 4975 236 5037 proxima
251 4976 399 5026 tenendum
413 4975 485 5040 quod
498 4977 524 5024 S.
541 4977 567 5024 Ρ.
583 4975 617 5024 sit
632 4987 711 5037 supro
729 4973 875 5023 concilium
962 4979 993 5030 nt
1008 4979 1069 5030 idco
1088 4980 1174 5043 palum
1195 4977 1278 5028 babos
1294 4988 1342 5028 cur
1359 4978 1439 5028 istius
1457 4977 1556 5041 placite
1579 4987 1607 5025 so
1629 4971 1724 5024 mode*

86 5043 321 5126 rpencraleadeo
336 5047 367 5096 nt
382 5046 409 5094 in
425 5045 623 5095 terrisnullurn
641 5049 876 5108 cognoscatanpe·
929 5054 1011 5110 ratos,
1039 5049 1200 5114 lectitabas,
1228 5049 1445 5112 exaggerationis
1457 5049 1527 5100 alios
1555 5048 1723 5105 monaulon,

90 5125 217 5164 urracam
240 5117 284 5166 cni
308 5117 420 5167 obedire
435 5116 540 5166 debeat.
556 5133 568 5161 ι
583 5115 686 5175 (Canta
710 5116 726 5166 1.
747 5117 779 5178 V,
801 5129 826 5180 q.
843 5117 874 5180 lt,
930 5119 982 5184 ipsi
999 5121 1100 5170 monim
1120 5118 1258 5172 Pontificio
1281 5119 1431 5170 Primatum
1453 5118 1490 5170 ita
1511 5115 1724 5171 moderabantur

90 5183 169 5264 alli).
178 5185 247 5264 llrgo
263 5199 316 5235 nou
331 5187 597 5264 legatur-canonibus
611 5189 638 5235 ct
651 5197 733 5249 sopor
747 5187 813 5250 ipsis
826 5199 874 5250 pro
930 5195 961 5240 ut
974 5203 1061 5254 neque
1076 5191 1182 5254 plenus,
1197 5191 1308 5256 dempta
1323 5189 1527 5254 infallibilitate,
1541 5200 1630 5251 nequa
1643 5200 1720 5240 outn-

90 5255 238 5306 rationibus
253 5254 306 5306 sihi
326 5255 462 5306 bonensis
483 5255 639 5318 dispensare
663 5258 760 5318 potect.
786 5257 876 5308 Prima
930 5275 989 5314 mus
1004 5263 1073 5313 esset
1088 5261 1113 5313 ei
1129 5263 1271 5328 {imposito
1286 5261 1408 5314 concilio.

91 5321 158 5374 selles
168 5321 200 5372 cle
215 5323 516 5394 cacuminantem
531 5337 588 5374 nero
601 5325 725 5375 cnemlac
737 5325 875 5391 jaccant.
1564 5325 1653 5400 (aa.)

92 5389 173 5450 iliaca.
190 5405 216 5456 p.
231 5391 264 5455 ll,
283 5391 368 5445 &aaa
384 5393 426 5454 lx,
442 5407 468 5458 q.
483 5397 517 5455 3.)
537 5393 602 5455 Qua
620 5395 712 5448 omnia
728 5397 763 5447 do
782 5397 874 5452 Ponti·

91 5458 138 5514 aa·
150 5463 215 5518 ain
225 5467 255 5518 at
267 5467 338 5534 φη
352 5463 529 5530 intellectus
543 5467 615 5518 urat.
