4166 6346
306 585 366 676 iat
961 593 1078 662 nvnaa
1099 581 1298 670 wantos.

309 798 346 864 nt
366 797 524 861 evidentia
551 791 679 858 moralis
700 811 707 854 :
725 807 799 870 ergo
817 787 891 852 licet
917 789 1042 851 Caram.
1072 787 1105 845 et
1158 785 1295 861 tactum,
1325 783 1365 844 ad
1392 781 1597 861 pollutionem
1626 781 1762 842 hominis
1790 776 1959 853 secularis,¹

310 905 392 948 unus
408 884 578 948 Summista
592 879 784 942 contrarium
798 881 914 954 teneat,
931 874 1035 956 opinio
1051 891 1105 934 eo·
1158 872 1276 934 violare
1290 875 1398 934 votum
1413 870 1578 946 castitatis3
1596 870 1639 933 ita
1649 869 1742 932 ilerd.
1760 868 1869 930 dicens
1882 883 1961 927 sen-

311 993 382 1037 rum
404 992 468 1035 non
491 976 538 1035 est
552 969 733 1052 probabilis.
751 969 837 1030 Conl.
864 964 938 1046 quia
952 965 984 1025 in
1003 977 1105 1046 quas·
1158 960 1289 1024 tentiam
1311 959 1487 1040 oppositam
1503 977 1570 1021 esse
1585 959 1768 1020 damnatam
1783 971 1803 1018 a
1817 957 1850 1017 S'.
1866 952 1960 1016 Fidei

278 1083 282 1092 ·
309 1065 395 1129 tione
406 1081 475 1144 qua
485 1055 905 1142 dependatasignillcatione
915 1053 1010 1130 vocis,
1021 1069 1104 1113 cum·
1158 1049 1317 1112 tribunali.
1339 1049 1429 1111 Ratio
1448 1051 1495 1110 est
1514 1049 1588 1128 quia
1606 1049 1704 1110 utitur
1725 1044 1878 1106 membris
1892 1044 1960 1104 suis

311 1152 540 1216 munissensus
561 1146 765 1209 omniumvel
788 1143 1009 1207 lereomnium
1031 1140 1107 1202 iacit
1160 1137 1201 1199 ed
1215 1135 1442 1216 impudicitiam
1460 1137 1637 1213 mortalem,
1654 1131 1961 1214 etiamsinedelec-
2078 1125 2080 1206 ζ

312 1239 502 1304 evidentiam
529 1237 700 1308 moralem;
731 1235 801 1296 talis
831 1233 937 1294 autem
965 1227 1012 1293 est
1039 1229 1106 1290 hac
1158 1226 1276 1288 tatione
1291 1226 1429 1304 propria,
1446 1227 1556 1305 peccat
1569 1224 1745 1286 mortaliter
1759 1227 1871 1283 contra
1885 1237 1962 1299 pre-
2078 1207 2080 1230 ¹

314 1328 455 1412 quaestio,
472 1329 502 1388 et
521 1324 633 1387 eodem
647 1325 832 1404 argumento
855 1319 1008 1384 evincitur
1021 1317 1106 1398 qued
1159 1315 1262 1395 priam
1276 1313 1471 1398 castitatem
1487 1312 1542 1373 sed
1563 1313 1615 1393 qui
1636 1315 1722 1374 tactu
1746 1311 1901 1390 provocat
1913 1307 1962 1368 al·

312 1423 420 1479 vrorum
440 1413 551 1498 jejunii
575 1411 824 1493 comprehendat
846 1407 1107 1471 abstinentiama
1160 1407 1263 1465 terum
1291 1398 1331 1461 ad
1358 1399 1579 1481 pollutionem,
1609 1400 1654 1461 sic
1679 1397 1780 1460 utitur
1809 1393 1962 1456 membris

312 1505 470 1579 carnibus,
487 1502 561 1584 quia
575 1520 647 1580 vox,
663 1501 826 1582 jejunium,
843 1499 938 1560 etiam
959 1496 1045 1557 illam
1066 1495 1108 1556 si·
1161 1491 1226 1552 suis
1241 1509 1251 1551 .·
1267 1504 1352 1569 ergo.
1378 1489 1478 1570 ltlajor
1498 1489 1588 1568 prob.
1617 1487 1692 1570 q'uia
1715 1487 1742 1549 si
1765 1486 1885 1548 femina
1906 1485 1963 1546 aut

313 1595 454 1678 gnificat3
472 1592 510 1652 de
530 1589 665 1651 essentia
680 1590 764 1650 enim
777 1588 863 1650 vocis
878 1583 1106 1667 significativa,
1161 1596 1230 1640 mas
1252 1578 1318 1642 sine
1342 1577 1550 1639 delectatione
1569 1574 1700 1657 propria
1722 1574 1873 1636 admittat
1885 1573 1965 1635 alte-

314 1677 854 1757 uttalisestcommunisusurpatie;
868 1673 1108 1737 communisau-
1162 1685 1233 1730 rum
1257 1669 1298 1730 ad
1315 1685 1370 1729 vas
1394 1666 1535 1730 naturale
1556 1665 1607 1727 vel
1630 1667 1872 1745 praeposterum,
1887 1661 1965 1743 quia

308 1773 378 1836 'tem
393 1767 554 1847 usurpatio
577 1765 673 1843 vocis,
699 1765 827 1843 restitas,
849 1767 896 1826 cst
918 1759 1108 1826 abstinentia
1163 1756 1262 1819 utitur
1283 1775 1356 1819 vase
1379 1769 1436 1844 suo
1457 1754 1498 1816 ad
1521 1752 1749 1834 impudicitiam
1779 1753 1962 1829 mortalem,

316 1862 357 1924 ab
372 1857 517 1922 omnibus
531 1853 674 1916 venereis
690 1873 697 1928 ;
715 1871 801 1934 ergo.
1162 1847 1273 1926 peccat
1287 1843 1461 1907 mortaliter
1470 1845 1579 1904 eontra
1592 1841 1755 1923 propriam
1769 1839 1963 1928 castitatem,

357 1949 453 2032 Objic.
466 1947 498 2009 S.
515 1946 596 2025 Aug.
614 1943 866 2018 contratulian.,
885 1941 907 2003 l.
923 1933 953 2020 1,
979 1939 1015 2002 de
1029 1937 1107 2008 Cio..
1165 1939 1196 1998 et
1222 1933 1388 1997 committit
1411 1931 1650 1996 fornicationem
1679 1931 1729 1992 val
1756 1927 1962 1991 sodomiam:
2080 1971 2081 2002 ,

318 2039 383 2114 tl,
401 2037 600 2103 clareret
621 2031 804 2112 pudicitiam
823 2029 970 2094 virtutem
985 2031 1108 2108 animae,
1165 2041 1250 2103 ergo.
1268 2022 1355 2085 Conl.
1377 2021 1451 2102 quia
1470 2019 1497 2081 si
1519 2019 1589 2101 quis
1612 2019 1732 2100 absque
1751 2015 1965 2078 delectatione
2080 2073 2081 2100 ἦ

317 2123 528 2206 virginitatem
541 2123 647 2182 autem
665 2119 730 2182 sive
745 2120 921 2184 castitatem
938 2120 1030 2179 vocat
1043 2135 1111 2179 rem
1165 2110 1294 2191 propria
1307 2108 1515 2171 dormientem
1532 2109 1617 2169 tactu
1644 2109 1795 2186 provocet
1808 2105 1849 2166 ad
1865 2105 1966 2185 pellu-

318 2211 477 2294 corporis3
507 2207 594 2288 atqui
617 2225 680 2268 non
703 2210 836 2270 vovetur
863 2204 1025 2286 pudicitia,
1055 2206 1111 2267 sed
1165 2199 1293 2276 tionem,
1311 2199 1421 2277 peccat
1439 2195 1614 2259 mortaliter
1633 2198 1744 2256 contra
1763 2193 1964 2266 castitatem,

317 2300 481 2382 virginitas
504 2300 560 2359 eut
582 2295 838 2376 casatam-go.
865 2298 958 2374 ltesp.
984 2298 1013 2358 l.
1043 2297 1112 2358 Non
1166 2287 1251 2348 idem
1265 2285 1357 2347 docet
1371 2283 1674 2362 Sauch.,deltotr.,
1692 2283 1712 2343 l.
1725 2285 1756 2360 9,
1771 2281 1802 2345 d.
1816 2283 1869 2352 2³,
1886 2285 1917 2345 a.
1931 2285 1965 2359 θ,
2079 2289 2081 2374 t

318 2386 424 2451 voveri
438 2385 649 2466 virginitatem
673 2383 728 2445 sed
750 2384 936 2462 castitatem,
954 2401 1024 2465 quae
1040 2403 1112 2447 cum
1167 2375 1192 2436 sl
1208 2373 1276 2455 quis
1290 2375 1391 2437 latites
1406 2371 1578 2452 conjungat
1597 2372 1637 2434 ad
1656 2373 1826 2452 copulam
1842 2371 1900 2434 sed
1919 2374 1968 2434 ta·

318 2475 469 2559 pudicitia
492 2473 618 2554 respicit
633 2473 728 2534 ctiam
754 2473 886 2535 interna.
904 2476 996 2553 Resp.
1021 2477 1050 2535 2.
1077 2475 1110 2536 S,
1166 2462 1204 2524 lis
1214 2479 1277 2524 non
1290 2465 1401 2542 peccat
1414 2464 1524 2523 contra
1536 2461 1711 2522 castitatem
1723 2460 1872 2538 alienam,
1891 2459 1970 2541 quia
2080 2485 2081 2488 ¹

319 2571 400 2646 Aug.
417 2581 480 2626 non
504 2562 579 2624 dicit
600 2559 782 2642 pudicitiam
797 2560 922 2623 differre
945 2580 964 2623 a
986 2561 1113 2642 virgini.
1168 2550 1358 2612 dormientes
1373 2552 1404 2610 et
1420 2548 1497 2610 fatui
1513 2566 1575 2609 non
1590 2554 1723 2627 peccant
1739 2569 1746 2610 :
1763 2564 1840 2629 ergo
1854 2555 1970 2611 contra
2080 2563 2082 2614 v

319 2657 383 2717 tate
398 2668 467 2732 quae
482 2655 529 2713 est
542 2649 651 2726 virtus,
663 2649 719 2710 sed
734 2647 774 2710 ab
789 2667 827 2712 ea
841 2667 910 2730 quae
926 2651 973 2710 est
987 2647 1113 2729 integri·
1167 2638 1347 2719 propriam
1364 2637 1427 2698 imo
1450 2637 1523 2699 licet
1545 2637 1717 2716 111011ἃ11ἰ118
1739 2638 1779 2699 ⁵st
1795 2637 1966 2715 Sententia,

319 2745 368 2805 tas
391 2738 542 2818 corporiS,
568 2755 639 2798 cum
662 2733 826 2814 virginitas
853 2753 922 2817 qua
944 2739 992 2798 est
1016 2737 1113 2798 virtus
1170 2727 1298 2805 Sanan,
1324 2730 1437 2803 caste,
1460 2727 1614 2807 Arriagae,
1641 2726 1734 2790 Pelia.
1762 2731 1797 2790 et·
1821 2727 1967 2804 (laram,

321 2847 383 2890 non
398 2826 496 2907 possit
508 2825 663 2886 violenter
676 2822 809 2897 auferri3
827 2823 924 2902 possit
938 2828 1043 2886 autem
1055 2843 1115 2904 au·
1169 2815 1361 2896 Religiosum
1380 2815 1432 2895 qui
1457 2833 1494 2876 ex
1516 2816 1588 2877 odio
1602 2815 1654 2878 vel
1668 2815 1787 2878 invidia
1806 2816 1972 2878 desiderat

321 2913 395 2978 ferri
408 2915 502 2993 prout
524 2913 571 2973 est
593 2909 755 2988 integritas
775 2909 925 2989 corporis,
942 2910 1115 2973 seeundum
1169 2903 1397 2985 impudicitiam
1424 2902 1559 2964 alienam
1582 2907 1638 2965 aut
1663 2903 1826 2965 suadendo
1846 2902 1972 2964 inducit

322 3003 408 3064 dicta
430 2999 452 3061 ἱ.
477 2999 506 3076 3,
523 3016 558 3079 p.
576 2999 605 3074 l,
621 3013 652 3060 n.
675 2998 754 3070 9173
771 2995 841 3056 ideo
861 3000 966 3059 autem
981 2999 1013 3060 S.
1031 3002 1112 3079 Aug.
1170 2993 1352 3056 secularem
1367 2992 1407 3053 ad
1422 3009 1492 3052 cam
1512 2991 1578 3053 'siue
1600 2991 1808 3054 delectatione
1823 2991 1969 3072 propria,

321 3089 398 3152 dicit
423 3084 607 3168 pudicitiam
630 3101 697 3146 esse
719 3082 867 3146 virtutem
890 3085 1014 3164 animae,
1041 3088 1117 3168 quia
1171 3101 1233 3145 nen
1248 3099 1380 3162 peecare
1394 3084 1504 3142 contra
1518 3087 1626 3142 votum
1640 3099 1751 3155 suum;
1768 3081 1969 3144 contrarium

322 3176 473 3257 recipitur
486 3179 517 3238 et
530 3175 734 3235 conservatur
757 3172 789 3233 iu
813 3173 928 3253 anima,
946 3193 1048 3257 neque
1063 3195 1116 3256 po·
1170 3174 1277 3235 tamen
1298 3169 1393 3232 veluti
1416 3167 1610 3248 probabilius
1641 3173 1728 3233 tenet
1754 3169 1863 3244 dard„
1893 3170 1973 3252 quia

321 3270 384 3330 teat
396 3264 437 3326 ab
451 3261 625 3325 extrinsece
639 3260 717 3338 tulli,
735 3261 778 3324 uti
793 3257 858 3323 tolli
873 3267 976 3342 potest
989 3263 1117 3346 virgini·
1170 3264 1279 3322 votum
1293 3257 1443 3319 castitatis
1457 3256 1620 3337 Religiosae
1636 3261 1684 3320 est
1696 3257 1737 3319 de
1751 3255 1888 3320 materia
1904 3261 1971 3319 om·

321 3349 371 3420 tas
384 3351 542 3433 corporis;
558 3350 614 3413 sed
637 3367 675 3411 ax
702 3348 761 3412 hoc
790 3369 852 3412 non
876 3351 1019 3433 sequitur
1032 3355 1117 3434 quod
1171 3343 1307 3408 ssimffllffi
1328 3345 1488 3423 6111111118,
1511 3345 1556 3406 uli
1580 3345 1677 3420 11111111
1699 3345 1878 3410 101111111111111
1898 3364 1974 3408 8011·

311 3440 474 3524 'pudicitia
488 3458 551 3502 neu
565 3435 712 3518 respiciat
725 3435 820 3500 etlam
831 3431 1052 3503 delectationes
1067 3461 1118 3504 ex·
1171 3435 1270 3496 tentia
1283 3433 1382 3496 relata
1401 3453 1432 3496 o.
1454 3433 1597 3515 31111111
1623 3435 1654 3496 111
1676 3435 1860 3498 omnimoda
1879 3434 1972 3498 0118ῐὶ·

323 3536 440 3608 ternas,
456 3532 491 3592 ut
504 3547 535 3594 n.
547 3527 604 3590 151
619 3525 737 3588 dictum
751 3529 808 3588 est.
820 3525 910 3589 Adde
925 3527 1009 3608 quod
1024 3531 1118 3593 casti-
1171 3525 1235 3586 tate
1250 3521 1426 3585 continetur
1436 3523 1562 3586 castitas
1573 3543 1723 3588 aversans
1737 3528 1827 3588 arbre
1840 3541 1972 3588 versan-

312 3623 372 3686 ‘tas
380 3637 448 3702 qua
457 3620 599 3696 vovetur,
615 3614 788 3677 secundum
799 3615 831 3678 S.
847 3617 942 3698 Aug„
959 3617 1054 3680 etiam
1065 3620 1115 3698 sit,
1171 3617 1218 3677 tes
1232 3613 1316 3675 circa
1329 3613 1484 3674 luxuriam
1498 3613 1654 3676 alienam:
1672 3633 1758 3696 ergo.
1775 3615 1869 3678 Adde
1880 3611 1972 3766 ,de

325 3709 425 3772 virtus
438 3706 571 3779 animee;
588 3721 662 3765 narn
677 3703 700 3765 t.
716 3703 751 3765 de
764 3703 921 3784 mecdardi,
938 3724 964 3769 r.
983 3709 1030 3784 19,
1047 3707 1115 3772 ait:
1172 3703 1199 3764 is
1220 3721 1283 3764 non
1306 3701 1346 3764 sit
1367 3720 1441 3764 vere
1463 3705 1569 3765 mente
1597 3710 1702 3765 castus
1725 3705 1784 3786 qui
1809 3703 1878 3766 desi
1904 3705 1973 3765 erat

326 3795 483 3862 Consensio
492 3793 532 3856 cd
537 3791 752 3875 impudicitiam
761 3791 944 3874 corporalem
957 3796 1119 3858 castitatem
1172 3789 1410 3852 fornicationem
1424 3787 1577 3865 alienam3
1591 3809 1743 3854 vovemus
1753 3795 1863 3854 antam
1879 3791 1973 3854 casd-

324 3882 418 3947 animi
427 3880 530 3959 violat,
545 3883 576 3950 et
588 3897 614 3942 c.
632 3883 663 3942 et
677 3878 750 3941 alibi
766 3895 848 3958 saepe
863 3880 977 3960 repetlt
991 3881 1048 3944 has
1063 3903 1118 3946 vo·
1172 3883 1269 3942 tatem
1292 3878 1387 3939 etiam
1414 3879 1538 3956 mentis,
1565 3885 1596 3940 et
1621 3876 1682 3942 hoc
1710 3879 1807 3943 habet
1832 3879 1971 3961 speciale

325 3992 377 4034 ces
394 3991 400 4033 :
419 3968 548 4033 Cortitos
561 3967 657 4029 animi
666 3987 678 4037 ,·
703 3969 753 4045 20,
770 3985 794 4032 r.
811 3970 878 4046 act,
896 3969 944 4046 19,
968 3971 1018 4048 20,
1047 3973 1115 4036 ait:
1173 3968 1300 4032 castitas
1320 3970 1355 4028 ut
1377 3971 1465 4029 aetus
1489 3967 1694 4032 adversantes
1715 3969 1876 4030 luxuriem'
1899 3969 1972 4031 alie·

327 4059 497 4144 Corporctis
524 4077 594 4142 erqo
617 4055 765 4138 pudicitia
789 4057 962 4136 commpi,
996 4059 1056 4121 orsi
1087 4061 1119 4123 io
1173 4076 1246 4120 nam
1261 4061 1448 4119 censeantur
1462 4056 1550 4120 actus
1566 4057 1717 4120 castitatis
1729 4057 1881 4141 propriae,
1898 4057 1973 4142 quia

325 4152 435 4227 ocimo,
459 4153 642 4232 oonlpotest,
662 4147 736 4228 quia
758 4162 871 4226 nempe
901 4149 949 4209 est
973 4165 1118 4229 corpora·
1173 4165 1286 4228 nempe
1301 4147 1444 4209 voluutas
1464 4147 1596 4208 luxuriae
1620 4145 1731 4208 aliene
1747 4149 1795 4210 est
1812 4145 1973 4211 contraria

324 4239 363 4302 lis
377 4233 573 4302 terminative
595 4235 627 4296 et
646 4233 818 4314 subjective
831 4234 863 4295 in
877 4234 994 4315 animo,
1011 4236 1042 4298 et
1061 4236 1120 4300 ibi-
1173 4233 1300 4315 puritati
1315 4234 1429 4298 mentis
1443 4235 1603 4315 propriae:
1620 4245 1707 4316 ergo.
1791 4298 1795 4302 .

326 4329 399 4389 dem
427 4321 523 4389 octies
548 4321 661 4407 repetit
686 4320 872 4401 pudicitiam
901 4323 1057 4403 corperis;
1087 4331 1120 4387 et
1216 4321 1312 4403 Odjic.
1331 4325 1358 4383 l.
1375 4323 1458 4404 Ergo
1474 4322 1498 4387 si
1515 4322 1691 4404 Religiosus
1706 4324 1774 4386 sine
1788 4323 1855 4388 ulla
1868 4318 1971 4388 dalea

325 4413 424 4499 Epist.
437 4415 494 4476 109
509 4431 516 4474 :
532 4409 579 4473 Ne
592 4409 693 4471 cibatis
714 4427 764 4471 voa
785 4408 890 4471 todeca
904 4410 1016 4472 animos
1027 4409 1119 4494 pudi—
1173 4411 1290 4473 tatione
1305 4411 1434 4492 propria
1453 4416 1603 4492 procuret
1620 4413 1651 4474 in
1670 4411 1771 4476 bestia
1785 4413 1971 4476 allusionem

326 4503 412 4568 cossi
424 4500 553 4566 amata
564 4498 843 4581 oculosimpcdicos,
863 4499 935 4584 quic
955 4493 1119 4581 impudicus
1174 4497 1311 4576 seminis,
1328 4501 1383 4562 aut
1395 4499 1506 4562 saltem
1529 4499 1553 4561 si
1575 4500 1670 4565 faciat
1692 4504 1727 4581 ut
1745 4499 1900 4584 conjugiis
1914 4500 1970 4564 sibi

326 4591 427 4656 oculas
450 4589 592 4673 impudici
613 4585 709 4649 cordia
731 4597 773 4650 est
792 4588 922 4664 nuntius,
944 4589 998 4651 ubi
1018 4589 1119 4670 impu·
1173 4587 1309 4650 reddant
1330 4587 1482 4667 debitum,
1496 4587 1640 4670 peccabit
1663 4593 1773 4653 centra
1793 4581 1972 4654 castitatem

327 4679 434 4743 dicitia
448 4678 509 4740 uon
525 4675 582 4738 soli
597 4673 694 4752 cordi,
707 4673 797 4738 idest
810 4674 941 4738 internis
955 4677 1118 4739 affectibus
1174 4677 1344 4757 propriam.
1357 4679 1386 4738 Ξ.
1398 4677 1480 4756 Ergo
1495 4667 1787 4759 similiterpeccabit
1797 4679 1971 4760 Religiosus

326 4763 484 4842 tribuitur,
500 4762 555 4824 sed
570 4759 664 4824 etiam
679 4761 776 4823 oculis
790 4759 959 4842 corporeis.
977 4763 1118 4846 Denique
1174 4758 1973 4846 contrarotumpaupertatisvelobedientiaesitaciat

328 4861 350 4915 t.
366 4857 397 4931 9,
413 4853 434 4914 l.
447 4853 495 4930 lt,
511 4851 547 4913 de
559 4849 737 4914 Abusioocm
750 4849 888 4934 proditus
900 4849 1008 4932 produ,
1025 4855 1055 4929 5,
1072 4854 1120 4915 di·
1175 4854 1298 4915 utalter
1311 4851 1350 4913 sit
1362 4852 1589 4936 proprietarius
1602 4855 1653 4916 vel
1671 4843 1858 4918 inobediens
1871 4873 1880 4930 ;
1896 4855 1971 4918 item

327 4943 370 5004 cit
388 4939 509 5004 duobus
527 4939 629 5022 modis
649 4944 792 5024 constare
822 4926 931 5000 vieram
960 4939 1118 5020 pudicitia
1171 4933 1317 5022 peccabit
1339 4945 1449 5003 contra
1470 4945 1665 5022 preceptum
1686 4941 1789 5006 Missa
1813 4940 1866 5005 dia
1893 4942 1971 5006 festo

327 5025 591 5110 exercitationem,
608 5026 748 5108 corporis
771 5027 882 5090 habitu
901 5025 933 5088 iu
952 5017 1116 5107 superlici'e
1175 5027 1238 5110 qui,
1260 5031 1425 5110 postquam
1451 5029 1572 5092 audivit
1593 5031 1733 5110 Missam,
1750 5033 1848 5094 causa
1869 5037 1918 5096 est
1938 5037 1974 5096 ut

328 5121 359 5180 et
372 5115 467 5179 animi
483 5117 595 5179 ellectu
610 5114 744 5179 interno.
1174 5117 1393 5182 alterllissam
1408 5133 1470 5181 non
1485 5118 1602 5182 audiat.
1625 5119 1710 5202 desp.
1727 5112 1768 5182 ad
1780 5119 1809 5184 l.
1825 5123 1866 5185 N.
1881 5139 1968 5202 seqq.

260 5249 301 5300 „5
354 5204 427 5300 ⁴53.
436 5204 602 5268 Probabile
613 5207 660 5268 cst
674 5206 758 5287 quod
773 5209 882 5270 votum
897 5207 1048 5272 castitatis
1061 5211 1118 5274 lle-
1169 5205 1248 5288 'quia
1265 5205 1344 5269 tales
1366 5207 1674 5270 allusionesseminia
1689 5209 1861 5292 nequidem
1876 5215 1971 5274 mate

327 5288 445 5373 ligidsa
460 5291 554 5355 etiam
573 5296 714 5355 versetur
734 5293 818 5356 circa
840 5298 928 5358 actus
943 5295 995 5375 qui
1010 5295 1119 5359 termi·
1171 5295 1291 5358 rialiter
1305 5299 1378 5357 sunt
1391 5295 1493 5374 malae,
1513 5297 1568 5359 sed
1584 5298 1616 5359 in
1626 5297 1733 5362 brutis.
1744 5301 1792 5360 est
1806 5317 1895 5364 mere
1916 5317 1972 5362 na-

328 5387 443 5444 nentur
455 5383 495 5444 ad
510 5382 737 5463 impudicitiam
751 5384 897 5462 alienam,
909 5385 1044 5465 ideoque
1060 5387 1118 5447 lle-
1171 5383 1281 5447 turalis
1302 5387 1333 5446 et
1355 5383 1489 5464 incapax
1512 5383 1698 5472 honestatis,
1725 5385 1758 5447 in
1780 5385 1971 5468 'conjugibus

321 5467 483 5550 ligiosum,
501 5471 553 5554 qui
569 5473 663 5534 etiam
681 5471 748 5534 siue
767 5471 896 5553 propria
910 5473 1116 5536 delectatione
1172 5478 1278 5537 autem
1292 5476 1339 5535 est
1352 5471 1485 5535 honesta
1501 5493 1509 5536 :
1525 5491 1601 5556 crgo
1612 5470 1832 5538 concu'r'rendd
1847 5475 1890 5538 ad
1904 5475 1971 5538 ibas

328 5559 485 5624 concurrit
504 5561 645 5642 proxime
666 5563 698 5626 et
718 5559 910 5641 immediate,
934 5581 965 5628 v.
991 5579 1037 5644 g.,
1059 5576 1116 5649 per
1173 5563 1241 5628 sine
1255 5551 1605 5654 delectetionepropria
1618 5567 1742 5631 nonest
1755 5555 1867 5646 ddntra
1881 5563 1969 5630 casti·
