4120 6348
317 549 377 622 tta

316 745 393 808 bent
411 745 464 807 diu
479 760 603 819 vacare,
628 739 661 804 C.
688 737 734 803 Ne
754 759 810 822 pro
833 735 1011 823 defecatae
1024 745 1105 805 elect.

316 853 381 916 cop.
396 832 435 897 Ut
443 833 532 906 circo,
544 829 579 892 de
586 829 668 891 elect.
680 829 812 910 inbcop.
829 829 868 891 se·
876 832 1056 912 Apostolico,
1073 833 1108 893 de

315 920 409 1004 preb.
426 920 458 981 ia
472 923 501 982 (ἰ.
514 918 569 980 His
582 935 645 978 non
658 917 863 994 obstantibus,
875 919 900 978 si
914 918 1012 981 Sedes
1021 919 1108 998 Epis-

318 1011 435 1090 copalis
448 1011 549 1084 vacet,
564 1007 668 1083 Gara,
684 1009 785 1084 Corn,
800 1011 894 1084 Lott.,
911 1013 942 1068 et
954 1007 1008 1068 alii
1024 1007 1108 1086 apud

317 1101 423 1176 Leon,
435 1115 470 1178 p.
488 1099 516 1172 l,
539 1115 569 1177 q.
594 1097 662 1170 171,
687 1095 800 1156 docent
818 1095 999 1157 collationes
1013 1096 1109 1156 bene·

317 1187 460 1248 liciorum
473 1187 615 1264 spectare
629 1183 670 1242 ad
691 1185 820 1262 Papam,
844 1188 875 1246 et
891 1201 952 1244 non
967 1184 1006 1245 ad
1022 1182 1109 1260 Capi·

318 1275 429 1352 tulum,
450 1272 508 1334 nisi
523 1275 626 1332 essent
639 1270 791 1332 benetioia
805 1271 999 1332 simultaneae
1014 1272 1110 1332 colia-

318 1361 412 1424 tionis
434 1359 579 1441 Episcopi
603 1376 676 1419 cum
699 1358 860 1436 Capitulo;
890 1363 995 1435 Leuc,
1019 1379 1050 1440 p.
1078 1361 1108 1432 2,

319 1470 348 1531 p.
363 1453 422 1513 708
437 1452 469 1511 et
482 1465 569 1528 seqq.
584 1445 773 1526 parochialis
787 1451 892 1508 autem
907 1451 981 1508 tunc
994 1464 1110 1508 vacans

320 1541 352 1601 in
366 1556 473 1600 meuse
487 1534 654 1611 ordinarii,
679 1539 859 1596 reservatur
872 1535 1025 1614 Episcopo
1040 1552 1111 1594 suc·

320 1626 446 1703 cessari,
460 1625 485 1686 si
499 1625 539 1686 ad
554 1623 745 1703 Episcopum
759 1621 1107 1702 spectabatprovidere3

319 1718 429 1790 dona,
454 1716 557 1788 Gara,
582 1713 688 1784 Leuc,
716 1728 744 1789 p.
770 1712 852 1783 'lli;
880 1715 983 1789 potest
1005 1714 1111 1771 tamen

320 1803 497 1883 Capitulum
511 1800 649 1862 indicere
664 1803 695 1860 et
709 1798 825 1860 habere
841 1815 1039 1873 concursum,
1056 1797 1112 1857 sed

219 1909 222 1916 ’
321 1893 430 1954 electio
453 1888 605 1970 dignioris
618 1890 797 1948 reservatur
810 1887 963 1966 Episcopo
988 1905 1113 1948 sueces-

262 2021 267 2038 .
322 1980 399 2054 sori;
412 1979 499 2056 Mol,
515 1979 628 2052 Casta,
645 1975 730 2055 apud
744 1978 850 2051 Leon,
866 1974 941 2036 ibid.
959 1979 991 2036 et
1004 1993 1112 2036 secun·

322 2067 398 2128 dum
418 2067 543 2143 Laym.,
564 2064 671 2138 Acon,
695 2062 829 2138 nabun,
852 2065 966 2136 Leon,
995 2062 1112 2122 ibidem

322 2157 424 2234 potest
437 2151 616 2230 Capitulum
630 2151 819 2212 constituere
834 2167 1043 2226 oeconomum,
1059 2152 1114 2209 aut

323 2239 544 2302 commendare
561 2238 601 2298 ad
622 2257 677 2298 sex
697 2255 840 2298 menses:
864 2237 903 2298 de
925 2244 1041 2314 cetero,
1057 2237 1113 2296 be·

153 2333 162 2353 ⁶
197 2350 215 2409 j
324 2327 445 2404 noticia,
469 2327 550 2388 Sede
572 2330 714 2400 vacante,
740 2324 886 2385 vacantia
908 2325 939 2384 in
954 2324 1142 2385 mensibus.

323 2414 492 2492 Ordinarii,
522 2413 618 2474 etiam
640 2431 697 2491 per
720 2411 917 2474 Concordata
940 2412 1113 2474 Cerrnaniae

323 2505 526 2568 reservantur
537 2501 691 2580 Episcopo
705 2500 888 2573 successori3
901 2503 1006 2578 Leuc,
1018 2517 1045 2578 p.
1057 2503 1115 2560 702

324 2599 356 2656 et
378 2590 556 2671 Capitulum
579 2587 746 2670 nequidem
772 2587 811 2649 de
835 2585 989 2650 devolutis
1012 2589 1116 2666 potest

323 2679 515 2761 providere;
545 2676 650 2751 Acon,
683 2675 827 2752 Barbos,
862 2677 965 2751 Cara,
998 2677 1113 2748 Castr,

324 2773 431 2845 Leon,
446 2785 475 2848 p.
491 2768 561 2841 712,
581 2768 691 2828 contra
705 2764 819 2841 Zet-ob,
841 2763 964 2842 bamb,
981 2762 1055 2824 Mol.
1084 2766 1116 2822 et

313 2853 414 2916 ¹alios.

257 2957 299 3004 aaa
365 2941 427 3020 §5-
451 2939 483 3004 Si
505 2938 594 3001 sedes
609 2936 789 3019 Apostolica
805 2943 906 3014 vacet,
929 2937 1113 3017 Episcopus,

327 3036 382 3092 aut
395 3029 496 3109 quivis
506 3028 584 3089 alius
599 3027 718 3089 habens
728 3026 781 3108 jus
792 3025 985 3089 ordinarium
997 3025 1117 3087 confert

325 3117 503 3198 parochias,
519 3116 657 3196 alioquin
675 3117 768 3196 Papae
788 3121 973 3191 reservatas,
990 3133 1053 3176 non
1069 3119 1117 3176 ta-

326 3205 475 3268 meualia
487 3204 640 3266 beneficia
653 3209 772 3281 curata,
789 3203 834 3265 uti
848 3222 907 3264 nec
921 3202 1031 3264 h'abitu
1045 3205 1117 3263 tan-

326 3301 394 3358 tum
407 3289 610 3372 parochialia,
630 3309 695 3372 cop.
713 3289 753 3352 Si
766 3289 946 3373 Apostolicc,
962 3289 998 3350 de
1014 3287 1113 3370 prceb.

326 3383 358 3445 in
370 3386 400 3448 6.
418 3384 528 3457 Gona,
553 3381 654 3456 Corn,
679 3381 785 3457 baur„
805 3399 840 3461 p.
859 3382 887 3457 l,
912 3399 943 3461 q.
968 3381 1036 3456 (72,
1062 3378 1118 3439 sed

327 3489 383 3551 per
397 3467 593 3532 Concordata
611 3471 742 3546 possunt
759 3466 904 3546 Episcopi
924 3466 1038 3547 aliique
1052 3466 1117 3527 col-

326 3560 442 3622 latores
456 3556 488 3618 in
509 3554 676 3617 Germania
693 3559 760 3616 tum
777 3553 942 3634 providere
961 3554 1001 3614 de
1016 3552 1118 3615 omni-

326 3647 386 3709 bus
399 3643 569 3719 beneficiis,
593 3641 715 3705 etiamsi
739 3641 771 3702 in
793 3659 900 3702 mense
919 3641 1027 3722 Papali
1042 3641 1118 3703 inci·

327 3734 416 3816 piant
437 3749 562 3807 vacare,
590 3729 703 3807 Chok.,
733 3729 832 3806 Pirh,
862 3731 968 3805 Leuc,
992 3746 1023 3808 q.
1048 3729 1117 3789 rvt.

328 3820 409 3894 Ouid
422 3823 529 3882 autem
549 3816 717 3879 dicendum
737 3815 787 3893 sit,
810 3816 836 3878 si
850 3816 1038 3878 beneficium
1050 3814 1119 3894 jam

327 3911 401 3970 ante
433 3909 568 3968 mortem
599 3906 692 3983 Papae
718 3903 888 3981 vacaverit,
920 3901 1039 3964 dictum
1074 3905 1121 3964 est

327 4013 358 4057 ιι.
374 3995 443 4070 598,
459 3992 485 4054 si
497 3997 603 4056 tamen
626 3992 667 4054 sit
686 3991 878 4072 parochiale,
904 3997 934 4052 ct
948 3993 1033 4070 Papa
1048 3993 1121 4051 ante

328 4100 421 4146 suum
430 4081 549 4144 obitum
559 4081 598 4142 de
609 4099 645 4142 co
656 4097 718 4143 uon
728 4079 910 4158 providerit,
923 4079 960 4157 is,
973 4079 1119 4158 adquam

223 4183 225 4186 ·
329 4169 485 4232 ordinarie
497 4169 642 4248 pertinet,
666 4172 768 4248 potest
787 4167 885 4229 libere
907 4167 946 4228 de
963 4185 1000 4227 eo
1015 4163 1122 4245 provi-

330 4259 416 4335 dere,
433 4255 468 4322 C.
486 4255 526 4319 si
536 4256 717 4340 Apostote'co,
732 4273 833 4337 supro.

261 4383 305 4433 ω,
369 4347 430 4425 §a
446 4346 642 4408 parochialia
659 4345 814 4407 beneficia
831 4343 991 4424 provideri
1006 4342 1123 4405 debent

330 4452 386 4514 per
400 4450 596 4509 concursum,
609 4432 653 4494 uti
668 4433 829 4493 dicetura.
841 4431 911 4495 610.
925 4433 964 4492 Et
978 4429 1122 4511 quamvis

330 4522 361 4584 id
377 4539 438 4583 uon
453 4521 518 4598 frat,
529 4527 635 4582 mmeu
650 4538 758 4582 omues
773 4517 960 4581 admittendi
975 4519 1015 4579 ed
1029 4517 1122 4601 bene·

330 4607 402 4672 licia
415 4612 525 4670 curata
538 4607 653 4670 debent
669 4613 741 4670 ante
760 4607 993 4688 possessionem
1008 4607 1123 4668 exami-

331 4693 1121 4778 nari,abiis,quosEpiscopusconstituerit,Paria,

332 4788 436 4864 Gara,
448 4785 556 4862 Barb.,
572 4788 686 4862 Casta,
702 4793 790 4846 tract.
809 4787 858 4861 13,
877 4782 907 4846 d.
924 4786 954 4862 3,
961 4802 996 4864 p.
1013 4787 1044 4860 2,
1060 4784 1078 4862 5
1092 4788 1122 4861 l,

330 4893 361 4935 a.
388 4874 435 4936 lb.
466 4871 567 4934 Etiam
587 4873 759 4934 examinari
781 4872 910 4950 debent,
937 4871 991 4952 qui
1015 4872 1126 4932 volunt

330 4961 448 5042 praefici
465 4959 624 5022 parochiis
642 4960 736 5022 unitis
754 4960 947 5024 Monosterio
965 4964 1122 5038 exempto,

330 5051 426 5128 Luca,
449 5047 489 5112 ad
503 5048 602 5126 Trid,
626 5047 657 5110 d.
676 5051 724 5126 (2,
748 5067 778 5108 n.
796 5051 855 5123 36;
882 5051 989 5124 Leuc,
1005 5069 1035 5130 q.
1053 5050 1122 5110 209.

330 5137 434 5203 Etiam
455 5136 499 5200 illi
522 5137 693 5199 examiuari
708 5135 834 5215 debent,
863 5136 918 5218 qui
944 5154 963 5197 a
985 5135 1125 5215 petronis

361 5365 373 5414 t
388 5363 475 5428 Atque
496 5359 613 5425 idipsum
636 5357 757 5409 decrevit
779 5359 859 5410 Socra
874 5358 1004 5421 congreg.
1021 5357 1050 5408 in
1065 5355 1125 5406 Pto-

331 5435 430 5485 centv'no
450 5435 489 5484 26.
512 5433 622 5494 August.
648 5443 711 5480 ann.
738 5427 882 5480 1628etin
897 5427 1123 5478 selerciaco.

333 5505 392 5560 (635
407 5507 434 5576 et
448 5503 476 5554 lu
486 5500 675 5580 lampttoaeasi
694 5502 705 5551 l
725 5504 752 5550 et
768 5503 807 5551 22.
824 5501 896 5566 Sept.
913 5500 972 5549 1668
987 5503 1014 5549 et
1029 5499 1056 5565 iu
1073 5497 1122 5550 Ce-

972 544 1089 620 'claua
1111 549 1306 632 QUARTUS.

1161 742 1248 804 laicis
1263 745 1503 822 presentantur,
1529 740 1574 802 uti
1590 735 1686 802 babet
1708 737 1810 816 reid,
1826 757 1892 800 sess.
1913 737 1971 812 27,

1162 850 1188 891 c.
1206 834 1255 908 18,
1276 828 1391 908 deltos.
1413 828 1476 890 Nec
1489 828 1591 908 refert,
1613 827 1698 908 quod
1714 831 1839 889 constet
1853 826 1893 886 dc
1912 825 1976 885 ali-

1163 917 1252 998 cujus
1267 917 1437 979 idoneitate
1452 915 1556 996 quoad
1573 917 1689 991 omnia,
1714 935 1744 976 v.
1762 935 1810 994 g.‚
1827 915 1906 995 quia
1922 915 1977 973 est

1164 1006 1274 1067 doctor
1288 1005 1479 1082 Theologiae,
1503 1009 1559 1065 aut
1580 1002 1675 1064 etiarn
1690 1002 1836 1063 Vicarius
1855 1003 1886 1062 in
1904 1000 1976 1080 spi-

1164 1092 1339 1169 ritualibus,
1365 1093 1437 1173 poto
1461 1109 1593 1152 examen
1620 1093 1742 1168 spectat
1765 1089 1807 1150 ad
1832 1093 1978 1150 formam

1163 1180 1361 1260 provisionis,
1380 1179 1492 1255 Paris,
1507 1181 1611 1253 Gara,
1623 1181 1725 1252 (ἰοιτ,
1742 1180 1842 1253 Lott.,
1858 1181 1973 1250 Leur.,

1164 1287 1191 1348 p.
1208 1273 1276 1330 207.
1301 1269 1403 1330 Etiam
1425 1267 1537 1328 merito
1559 1265 1675 1328 iterum
1696 1265 1901 1327 examinatur
1915 1281 1977 1343 pa-

1164 1358 1280 1419 rochus
1310 1357 1350 1418 ad
1381 1357 1476 1418 aliam
1504 1353 1689 1434 parochiam
1714 1353 1975 1426 transferendus,

1166 1445 1240 1525 quia
1261 1445 1313 1524 qui
1329 1444 1461 1506 idoneus
1475 1443 1546 1518 luit,
1572 1446 1676 1522 potest
1688 1461 1747 1522 per
1762 1442 1975 1514 oblivionem,

1165 1533 1343 1594 socordiam
1357 1532 1407 1594 vel
1425 1532 1520 1592 aliam
1536 1548 1675 1607 causum,
1695 1531 1799 1591 faetus
1820 1549 1888 1590 esse
1906 1529 1977 1589 ido-

1166 1640 1254 1698 neuS,
1272 1629 1327 1683 aut
1340 1620 1491 1682 defecisse
1506 1620 1538 1680 in
1553 1619 1706 1696 moribus,
1727 1621 1857 1697 haym„
1871 1617 1930 1679 od.
1948 1635 1975 1677 c.

1170 1712 1217 1769 Ec
1230 1710 1348 1785 litteris,
1364 1710 1402 1770 de
1418 1708 1529 1776 Const„
1546 1728 1576 1770 n.
1594 1711 1632 1778 2;
1660 1711 1765 1785 Caro,
1788 1727 1824 1788 p.
1843 1711 1874 1784 6,
1895 1725 1926 1768 c.
1944 1709 1976 1780 2,

1166 1816 1197 1858 a.
1223 1800 1280 1858 253
1293 1805 1322 1857 et
1336 1800 1413 1869 266;
1435 1799 1531 1872 erca,
1549 1795 1585 1858 de
1605 1794 1760 1872 Pcrocbr's,
1778 1795 1811 1856 d.
1830 1798 1862 1870 6,
1879 1815 1911 1856 n.
1933 1798 1975 1865 ὃς

1167 1889 1221 1947 aut
1234 1885 1336 1965 major
1350 1885 1492 1947 doctrina
1512 1886 1593 1947 forte
1610 1884 1793 1945 necessaria
1808 1887 1859 1944 est
1872 1883 1917 1942 ad
1933 1881 1978 1942 al-

1167 1979 1266 2035 teram
1281 1973 1488 2034 difficiliorem
1503 1972 1698 2052 parochiam.
1723 1971 1820 2044 Ouod
1835 1970 1862 2030 si
1877 1971 1978 2030 bene-

1167 2061 1272 2122 ficium
1287 2060 1327 2122 sit
1341 2067 1462 2124 tanturn
1483 2060 1669 2122 secundario
1686 2065 1850 2137 curatum,
1867 2058 1978 2120 adhuc

1167 2148 1291 2209 videtur
1312 2149 1567 2228 praemittendum
1588 2167 1733 2225 examen,
1759 2149 1806 2210 uti
1822 2148 1979 2210 observa-

1167 2244 1234 2298 tum
1249 2241 1296 2296 est
1319 2238 1349 2297 in
1373 2237 1501 2298 dioecesi
1525 2237 1778 2313 Monosteriensi,
1805 2255 1847 2298 ne
1862 2253 1978 2297 curam

1168 2325 1327 2405 suscipiat,
1344 2326 1397 2405 qui
1413 2326 1492 2387 forte
1507 2326 1631 2404 ineptus
1647 2331 1707 2404 est,
1725 2331 1758 2388 ct
1772 2329 1848 2405 post
1862 2325 1979 2387 obten-

1167 2420 1234 2474 tum
1250 2414 1377 2492 plenum
1394 2413 1446 2494 jus
1460 2413 1492 2474 in
1513 2433 1547 2474 re
1569 2431 1642 2475 cum
1656 2413 1838 2494 maj0ribus
1853 2413 1978 2474 incom-

1168 2501 1270 2562 modis
1286 2503 1440 2562 removeri
1454 2501 1579 2562 debeat.

1209 2591 1227 2669 ἓ
1242 2595 1270 2650 7.
1283 2590 1314 2652 Si
1331 2589 1400 2669 quis
1415 2590 1446 2651 in
1462 2590 1563 2668 primo
1578 2590 1723 2650 examine
1740 2607 1799 2667 pro
1817 2589 1977 2652 beneficio
2000 2615 2036 2662 η

1170 2683 1279 2739 curato
1295 2695 1358 2738 noo
1373 2677 1548 2756 reperiatur
1563 2678 1716 2755 idoneus,
1735 2677 1864 2740 videtur
1878 2695 1977 2757 posse

1170 2766 1213 2827 illi
1228 2765 1357 2827 concedi
1374 2771 1498 2844 tempus
1512 2784 1569 2844 pro
1585 2767 1820 2845 praeparatione
1831 2767 1873 2828 ad
1886 2765 1977 2826 alind

1171 2873 1302 2915 examen
1326 2859 1357 2916 et
1377 2856 1402 2916 si
1424 2859 1491 2916 tum
1512 2855 1687 2933 reperiatur
1700 2855 1849 2934 idoneus,
1866 2857 1979 2934 provi-

1171 2943 1238 3003 deri
1256 2963 1262 3004 :
1285 2949 1317 3003 et
1336 2943 1380 3005 ita
1402 2942 1464 3003 vidi
1481 2943 1661 3022 practicari,
1678 2943 1836 3024 quidquid
1851 2944 1886 3005 in
1901 2963 1977 3006 con·

1171 3031 1302 3093 trarium
1322 3031 1429 3092 dicant
1453 3033 1544 3092 Garc.
1561 3035 1593 3092 et
1608 3034 1713 3108 Leun,
1730 3053 1762 3114 q.
1779 3036 1850 3110 200,
1866 3033 1980 3094 verifi-

1171 3123 1260 3181 catur
1274 3119 1368 3195 enim,
1386 3119 1471 3199 quod
1485 3136 1543 3197 per
1557 3137 1689 3179 examen
1704 3121 1887 3199 reperiatur
1908 3121 1979 3182 ido-

1172 3226 1260 3286 neus,
1279 3227 1335 3268 nee
1350 3208 1448 3268 verba
1464 3207 1609 3268 videntur
1622 3207 1730 3268 odiose
1746 3209 1979 3288 restringenda

1172 3298 1213 3358 ad
1228 3315 1361 3358 examen
1375 3297 1517 3357 unicum.

1212 3387 1230 3464 ἓ
1252 3388 1281 3448 8.
1311 3384 1471 3446 Paroehus
1495 3384 1589 3447 etiam
1615 3385 1644 3444 in
1670 3403 1827 3446 concursu
1852 3389 1888 3447 ct
1909 3387 1977 3448 siue
2001 3415 2033 3462 η

1174 3474 1369 3536 restrictione
1390 3473 1583 3552 approbatus
1598 3477 1701 3552 potest
1715 3493 1754 3534 ex
1768 3493 1867 3534 causa
1883 3491 1979 3536 revo-

1175 3562 1237 3624 cari
1253 3561 1294 3622 ad
1309 3578 1453 3637 examen,
1469 3581 1499 3622 v.
1520 3581 1552 3639 g.
1575 3561 1599 3620 si
1619 3561 1702 3622 adsit
1719 3561 1858 3639 prudens
1873 3559 1982 3641 suspi·'

1174 3647 1222 3711 cio
1237 3648 1411 3723 oblivionis,
1428 3648 1453 3708 si
1470 3667 1502 3708 se
1518 3649 1649 3709 nimium
1665 3649 1806 3710 effundat
1820 3649 1862 3710 ad
1881 3667 1979 3711 occu·

1174 3737 1316 3815 potiones
1331 3736 1511 3812 exteriores,
1535 3737 1560 3797 si
1578 3736 1715 3816 negligat
1728 3737 1886 3814 studium,
1907 3736 1978 3796 siin

1174 3824 1262 3904 praxi
1277 3842 1359 3902 saepe
1382 3824 1464 3884 male
1487 3823 1660 3901 procedat:
1685 3827 1716 3884 et
1737 3822 1788 3883 ubi
1805 3841 1871 3882 non
1893 3823 1978 3884 bene

1175 3912 1332 3988 subsistet,
1349 3910 1497 3989 suspendi
1511 3915 1612 3989 potest
1626 3929 1646 3971 a
1660 3929 1748 3986 cura,
1761 3910 1837 3990 quia
1847 3917 1979 3990 spectat

1176 4001 1214 4062 od
1240 3999 1376 4060 officium
1400 3999 1544 4077 Episcopi
1575 3998 1761 4078 providere,
1786 4005 1821 4058 ut
1845 4017 1979 4079 semper

1175 4087 1280 4149 idonei
1289 4105 1397 4148 curam
1406 4087 1613 4162 administret,
1628 4087 1725 4163 llice,
1736 4090 1847 4164 Gonz.,
1860 4089 1976 4160 Barb,

1176 4179 1275 4254 Lugo,
1292 4178 1378 4236 Luca
1391 4179 1422 4235 et
1436 4174 1487 4234 alii
1503 4193 1575 4234 cum
1599 4177 1690 4236 Lcur.
1702 4221 1711 4251 ,
1724 4193 1758 4255 p.
1776 4177 1804 4250 l,
1819 4195 1853 4256 q.
1871 4179 1951 4238 270.
1967 4177 1975 4209 ¹

1216 4260 1455 4342 §accomodo
1476 4266 1507 4322 et
1528 4260 1586 4321 sub
1607 4279 1670 4340 qua
1688 4277 1782 4338 poena
1801 4265 1980 4342 tenearptur
2001 4295 2034 4346 μ

1178 4349 1313 4412 residere
1330 4348 1462 4409 Paroclri
1477 4347 1596 4409 dietum
1612 4353 1659 4411 ast
1674 4348 1696 4408 l.
1712 4351 1743 4426 3,
1758 4368 1789 4429 p.
1807 4351 1840 4425 l,
1858 4367 1896 4410 n.
1920 4352 1980 4412 736

1178 4443 1209 4498 ot
1223 4435 1385 4515 speciatim
1409 4435 1447 4495 dc
1470 4436 1583 4514 poenis,
1610 4435 1681 4495 vide
1696 4437 1802 4510 Leuc,
1819 4455 1853 4516 q.
1870 4438 1939 4500 398
1954 4446 1980 4498 et

1177 4545 1254 4607 seqq.
1276 4524 1365 4596 Quod
1389 4523 1413 4584 si
1438 4523 1597 4584 Parochus
1612 4528 1757 4583 evnaneat
1770 4523 1822 4583 diu
1841 4524 1935 4586 ultra
1948 4526 1980 4586 li·

1178 4611 1313 4673 centiam
1336 4615 1367 4672 et
1390 4611 1528 4690 negligat
1545 4611 1750 4672 monitionem
1764 4611 1805 4670 ad
1821 4631 1881 4672 sex
1901 4613 1980 4675 alios

1178 4718 1312 4776 menses,
1329 4699 1445 4778 privari
1461 4702 1574 4777 potest,
1591 4700 1686 4774 Lott.,
1713 4697 1767 4759 tio.
1791 4701 1822 4776 3,
1840 4720 1873 4781 q.
1892 4705 1980 4777 27,α

1178 4806 1209 4849 n.
1225 4791 1276 4848 79.
1301 4787 1333 4848 Si
1356 4792 1462 4847 autem
1477 4785 1651 4864 ignoretur,
1670 4785 1722 4846 ubi
1741 4785 1800 4858 sit;
1816 4793 1877 4849 aut
1892 4788 1980 4851 sitin

1178 4875 1259 4950 loco,
1283 4893 1345 4954 quo
1367 4873 1526 4934 conveniri
1551 4891 1611 4934 non
1631 4876 1745 4951 potest,
1767 4873 1861 4936 citari
1881 4877 1981 4938 debet

1179 4963 1278 5025 tribus
1293 4961 1412 5023 vicibus
1427 4967 1458 5023 et
1472 4966 1546 5040 post
1556 4967 1736 5040 expectatos
1746 4962 1866 5041 elapsu
1877 4965 1979 5027 olbmi

1180 5047 1381 5128 peremptorii
1406 5048 1483 5110 alios
1507 5067 1561 5109 sex
1582 5067 1718 5125 menses,
1734 5049 1829 5111 debet
1844 5051 1978 5128 privari,

1180 5139 1245 5200 sive
1260 5136 1411 5201 declarari
1427 5137 1567 5216 privatus
1587 5137 1740 5216 parochia
1762 5139 1803 5198 ob
1818 5157 1885 5201 non
1902 5142 1981 5204 resi·

1178 5360 1224 5425 jet.
1242 5363 1278 5411 ro.
1292 5360 1359 5411 Nov.
1372 5361 1432 5411 (684
1450 5363 1477 5412 et
1492 5359 1680 5427 inlepoaieaai
1692 5361 1730 5412 1⁵.
1742 5361 1805 5414 Dec.
1825 5364 1897 5414 tras.
1916 5365 1945 5416 T.
1955 5365 1977 5416 8.

1178 5431 1270 5482 Resol.
1287 5447 1311 5495 p.
1327 5434 1371 5482 250
1387 5435 1414 5482 et
1428 5444 1500 5497 seqq.
