4032 6340
312 537 352 596 lt
796 541 847 602 DE
874 539 1136 604 contencione
1164 541 1445 604 Paaoellcacnl.

312 741 365 784 sus
384 729 415 785 et
435 726 611 804 corruptela
632 726 765 790 dicenda
787 731 843 806 est,
860 728 976 789 nemini
991 731 1102 790 suflra-
1156 728 1304 789 nitatibus
1327 727 1446 790 Vestris
1470 728 1646 791 custodiam
1673 731 1944 806 commendamus,

311 813 389 888 geri.
406 812 603 876 AliiaMissa
613 834 668 894 pro
679 816 934 878 benefactoribus
945 817 976 877 in
986 833 1102 896 genere
1156 816 1377 894 praescribitur,
1401 821 1435 878 ut
1459 817 1551 877 certis
1575 818 1686 880 debus
1710 839 1773 881 nou
1797 838 1872 894 uua,
1894 819 1947 880 sed

311 901 498 978 applicanda
511 922 544 964 se
556 907 908 982 excusatosvoluisseut‚
922 926 958 966 ex
970 924 1006 966 eo
1018 906 1101 986 quod
1155 903 1257 979 eiua,
1274 909 1367 983 atque
1383 904 1477 966 etiam
1492 905 1662 984 aliquando
1677 910 1741 968 tres
1755 908 1857 970 Missae
1871 909 1948 968 Cou-

311 988 371 1048 alio
396 991 543 1069 quopiam
564 994 727 1054 Missarum
744 1013 838 1056 onere
861 995 1000 1056 obstricti
1015 994 1103 1056 inve·
1156 993 1316 1054 cantuales
1337 1011 1398 1052 una
1422 992 1472 1054 dic
1497 994 1705 1055 celebrentur.
1723 998 1833 1076 ltaque
1854 1013 1948 1074 quum

312 1076 447 1154 alantur,
469 1080 517 1140 vel
537 1081 657 1142 ratione
677 1083 794 1161 proprii
810 1083 1028 1157 canonicatus,
1048 1085 1103 1142 ant
1156 1099 1257 1158 nuper
1271 1098 1289 1140 a
1305 1080 1400 1142 Nobis
1415 1081 1533 1142 dictum
1548 1081 1657 1157 fuerit,
1673 1084 1809 1161 primam
1823 1084 1948 1144 Missam

311 1165 438 1226 alterius
459 1168 603 1229 Beneficii
628 1171 847 1248 Ecclesiastici,
871 1171 954 1250 quod
976 1169 1102 1230 insimul
1156 1170 1399 1230 Conventualem
1414 1169 1553 1249 qnotidie
1575 1188 1631 1249 pro
1646 1171 1905 1234 Bcnefectoribus
1919 1169 1948 1229 in

310 1268 383 1311 cum
397 1253 572 1316 Canonicali
587 1257 757 1334 praebenda
770 1257 928 1328 obtineut;
945 1257 994 1316 rel
1010 1256 1100 1335 quia,
1156 1275 1270 1334 genere
1285 1257 1483 1318 calebradam
1498 1262 1530 1318 ct
1543 1257 1764 1336 applicandam
1776 1278 1856 1332 esse;
1869 1277 1949 1320 nnnc

310 1343 424 1416 praeter
444 1358 559 1403 munus
580 1345 746 1420 canonici,
764 1364 818 1406 seu
833 1345 1031 1418 Beneficiati,
1049 1349 1103 1404 aut
1156 1343 1396 1420 expendendum
1415 1349 1568 1420 superest,
1585 1363 1625 1404 an
1641 1346 1825 1406 earumdem
1845 1346 1949 1408 Eccle-

311 1427 510 1490 Mansicnarii
526 1431 557 1490 in
577 1433 716 1494 Ecclesia
731 1434 908 1494 Gatbedrali
928 1453 981 1493 seu
1004 1433 1103 1494 Colle·
1156 1430 1271 1491 siarum
1296 1431 1436 1509 Capitale
1456 1431 1671 1494 iurisdictioui
1689 1435 1807 1494 Vestrae
1824 1451 1949 1512 respec-

310 1514 406 1593 giata,
430 1536 526 1596 quum
548 1520 643 1582 etiam
657 1521 689 1582 in
714 1524 836 1598 eadem,
853 1523 902 1583 vel
922 1523 954 1583 in
969 1523 1030 1583 alia
1045 1524 1102 1582 lde-
1158 1519 1218 1580 five
1229 1519 1368 1598 subjecta
1383 1520 1509 1600 adigere
1521 1521 1673 1597 debeatis,
1687 1521 1808 1583 utalias
1824 1539 1948 1602 quoque

311 1604 406 1666 alesia
432 1609 647 1670 Parochialem
676 1630 784 1672 curam
813 1615 995 1685 exerceant,
1026 1611 1103 1670 duim
1155 1607 1275 1683 Missae,
1292 1607 1448 1684 sipiares,
1466 1613 1501 1668 ut
1514 1609 1690 1685 praefertur,
1708 1609 1861 1669 celebrari
1878 1627 1949 1668 con-

310 1690 436 1754 Missarn
449 1695 692 1758 conventualem
708 1702 824 1760 canunt
837 1699 947 1759 diebus
962 1697 1047 1758 lestis
1062 1696 1101 1756 de
1155 1694 1271 1772 tigerit,
1289 1712 1346 1771 pro
1362 1695 1616 1756 benefactoribus
1631 1694 1662 1756 in
1677 1715 1793 1775 genere
1808 1696 1950 1759 similiter

310 1784 484 1858 praecepto,
502 1783 617 1846 debent
638 1803 694 1864 pro
716 1787 833 1865 Populo
856 1787 913 1847 sibi
935 1784 1100 1847 commisso
1156 1782 1323 1859 applicent.

311 1885 380 1927 eam
396 1870 570 1948 applicare;
587 1891 623 1933 ac
642 1873 773 1951 proinde
789 1873 1101 1953 nequeunteamdem
1195 1893 1210 1926 u
1229 1867 1415 1947 llujusmcdi
1430 1870 1559 1948 quaestio
1575 1869 1615 1931 ab
1630 1870 1787 1950 aliquibus
1801 1891 1838 1932 cx
1857 1872 1950 1935 Vobis

296 1975 367 2036 ,pro
383 1958 528 2020 Ecclesiae
544 1963 797 2024 benefactoribus
811 1963 993 2041 'specialiter
1010 1963 1102 2021 ofler-
1155 1957 1372 2018 Ecclesiastico
1409 1958 1475 2017 zelo
1517 1959 1722 2037 flagrantibus
1764 1960 1949 2038 supradicta

310 2063 354 2105 rc.
373 2047 435 2107 Sed
450 2045 498 2107 his
513 2067 637 2129 queque
653 2051 778 2110 obviam
793 2050 870 2112 itum
886 2056 946 2126 est,
960 2049 1100 2130 jubendo
1155 2051 1268 2124 Congu.
1294 2049 1319 2108 V
1322 2065 1372 2108 cn.
1400 2049 1451 2107 Fr.
1478 2049 1662 2108 Nostrorum
1676 2051 1770 2110 Cone.
1793 2048 1881 2109 'l'rid.
1904 2051 1950 2110 lu-

310 2132 439 2210 siugulis
462 2135 635 2212 pradictiS,
653 2141 687 2198 nt
701 2138 827 2198 Missam
842 2138 1098 2212 Conventualem,
1156 2138 1327 2213 terpretum
1351 2133 1511 2212 proposita
1535 2139 1591 2196 est.
1619 2137 1753 2214 Jamque
1778 2141 1851 2197 ante
1871 2136 1950 2198 illius

310 2237 404 2298 quam
424 2228 551 2298 canunt,
567 2241 624 2302 pro
640 2225 784 2285 Ecclesiae
800 2225 1054 2286 benefactoribus
1069 2223 1100 2284 iu
1155 2220 1399 2300 propositionem
1415 2225 1610 2300 compertum
1625 2221 1738 2299 fuerat,
1755 2223 1834 2283 alias
1850 2223 1891 2284 ab
1902 2241 1948 2282 ca·

309 2326 425 2384 genere
440 2311 613 2388 applieeut3
631 2331 687 2390 pro
709 2312 776 2373 aliis
792 2331 884 2389 vero,
907 2331 963 2391 pro
988 2312 1100 2392 quibus
1155 2309 1226 2368 dem
1248 2311 1361 2385 Curiga
1379 2325 1564 2384 responsum
1580 2309 1691 2386 fuisse,
1708 2309 1949 2370 concedendum

309 2395 368 2473 ipsi
387 2389 586 2474 peculiariter
605 2401 731 2461 Missam
755 2401 912 2480 applicare
941 2405 1098 2475 tenantur,
1155 2415 1222 2455 esse
1238 2393 1467 2472 curruptionem
1482 2395 1522 2455 ab
1537 2413 1632 2456 onere
1648 2397 1826 2476 applicandi
1844 2416 1949 2458 secuu-

309 2485 441 2546 alterum
456 2487 653 2565 substituant,
671 2489 723 2568 qui
739 2488 878 2568 ipsorum
893 2489 961 2549 loco
973 2489 1100 2549 Missam
1155 2485 1227 2545 dam
1240 2489 1270 2546 ct
1285 2483 1409 2544 tertiam
1424 2483 1551 2544 Missam
1565 2485 1812 2546 Conventualem
1826 2504 1886 2564 pro
1896 2487 1949 2546 Βο-

310 2573 487 2653 hujusmodi
502 2576 639 2636 celebret
653 2578 863 2658 applicatque.
1155 2573 1365 2633 uelocioribus
1378 2571 1410 2630 iu
1425 2590 1552 2649 genere,
1569 2577 1688 2634 attenta
1702 2574 1948 2634 Canonicatuum

349 2685 363 2719 u
381 2663 522 2723 Aliorum
536 2665 653 2742 pariter
667 2667 807 2743 exceptio
823 2667 890 2740 fuit,
909 2665 992 2744 quod
1007 2664 1101 2725 Missa
1155 2666 1186 2723 ct
1204 2659 1431 2722 Beneficiorum
1451 2661 1620 2733 tenuitate;
1638 2679 1676 2722 ex
1697 2679 1759 2740 quo
1776 2661 1885 2722 iulerri
1900 2680 1948 2740 po·

309 2748 527 2810 Conventualis
543 2769 602 2810 non
627 2771 751 2830 semper
765 2771 784 2812 a
798 2752 961 2815 Canonicis
980 2758 1034 2812 uut
1048 2753 1100 2812 Di·
1154 2754 1245 2824 terat,
1263 2747 1439 2827 hujusmodi
1455 2747 1672 2827 applicationis
1687 2748 1830 2811 debiturn
1847 2767 1949 2810 mane·

308 2835 479 2912 gnitetibus
503 2840 686 2914 celebretur,
710 2841 765 2900 sed
787 2841 954 2921 aliquando
970 2841 1064 2902 etiam
1081 2859 1101 2901 a
1154 2856 1199 2913 rc,
1217 2837 1268 2898 ubi
1284 2836 1323 2896 de
1338 2836 1484 2896 Ecclesiis
1499 2837 1693 2916 pauperibus
1709 2856 1771 2899 nen
1787 2841 1947 2916 ageretur.

309 2923 505 2986 beneficiatis
524 2932 578 2986 aut
599 2928 833 3000 Mansionariis;
850 2948 928 3008 quos
942 2929 1045 2988 ruinas
1060 2947 1100 2988 ee·
1155 2927 1272 2986 Verum
1286 2941 1382 3003 quum
1398 2923 1478 2984 hanc
1499 2924 1684 2986 definiendae
1700 2926 1886 3005 questionis
1903 2944 1949 2985 re-

309 3029 407 3092 quam
431 3013 554 3076 videtur
576 3035 632 3094 pro
661 3017 762 3078 Missae
784 3017 993 3078 celebratione
1015 3015 1100 3076 omui
1153 3011 1260 3090 gulam
1277 3012 1359 3089 apud
1375 3011 1680 3091 praedictamGongr.
1699 3032 1762 3074 non
1776 3014 1948 3075 admodum

310 3102 509 3180 eleemosyna
522 3122 640 3181 carere,
658 3123 727 3185 quar
747 3106 829 3166 unde
846 3105 965 3166 desumi
983 3106 1096 3180 valeat,
1154 3099 1251 3160 rctcri
1266 3099 1465 3161 observantia
1480 3101 1635 3162 firmatam
1650 3102 1947 3179 probenorerimus,

309 3187 482 3267 ignoratur.
508 3190 563 3252 Cui
587 3196 691 3253 Mmeu
715 3193 761 3253 rei
784 3193 901 3271 pariter
923 3195 1099 3254 consultum
1154 3206 1288 3268 cumque
1304 3188 1433 3268 hujusce
1450 3189 1535 3250 dubii
1551 3190 1865 3252 solutionemeadcm
1875 3195 1948 3254 Gou-

309 3283 373 3354 cst,
397 3277 633 3358 demandanda,
651 3288 685 3343 ut
699 3300 736 3342 ca
750 3282 932 3344 desumatur
946 3301 982 3343 ex
998 3285 1100 3344 blaesa
1154 3296 1242 3356 greg.
1260 3296 1359 3356 nuper
1370 3277 1489 3356 judicio
1514 3281 1624 3340 Nostro
1645 3279 1870 3340 remittendam
1885 3298 1949 3340 csse

309 3365 572 3432 distributionum.
1154 3367 1320 3440 censuerit,
1339 3367 1401 3426 b'os
1421 3365 1463 3426 ita
1474 3365 1665 3446 judicamus
1682 3366 1777 3446 idque
1793 3366 1893 3429 Vobis
1907 3371 1949 3427 te-

348 3477 362 3512 u
381 3455 441 3517 Alii
457 3456 591 3537 denique
607 3458 815 3522 obtendat-unt
825 3459 1026 3538 exiguitatem
1042 3459 1100 3520 hu.
1154 3453 1292 3513 nendum
1306 3453 1472 3514 indicimus
1487 3473 1494 3527 ;
1509 3454 1683 3516 laudandos
1697 3473 1811 3534 nempe
1832 3461 1866 3516 et
1880 3471 1949 3514 con·

305 3543 443 3622 jusmodi
466 3544 737 3624 distributionum,
755 3567 836 3626 qua,
862 3548 902 3608 ob
925 3549 1098 3608 detractam
1153 3541 1324 3602 fluitardus
1348 3561 1426 3618 esse,
1452 3549 1606 3622 quotquot
1624 3555 1735 3621 sponte
1758 3562 1818 3604 sua
1842 3563 1946 3604 sccun-

309 3633 539 3710 elecmosyuam
550 3633 763 3712 quotidianum
780 3653 835 3713 pre
851 3635 944 3696 Missa
958 3637 1100 3696 Conveu-
1154 3629 1242 3705 dum,
1259 3633 1313 3691 aut
1327 3630 1450 3690 tertiam
1475 3632 1720 3694 conventualem
1743 3631 1874 3693 Missam
1893 3650 1946 3710 pro

308 3717 394 3796 tuali,
412 3720 452 3780 nd
467 3720 672 3783 nilrilumfere
683 3723 829 3798 reuecta,
845 3723 897 3782 rix
911 3724 1002 3800 foret,
1015 3725 1098 3785 utab
1156 3719 1410 3779 benefactoribus
1426 3718 1457 3778 in
1478 3737 1593 3798 genere
1608 3719 1786 3798 applicarit
1805 3722 1860 3801 qui
1876 3737 1947 3780 vern

308 3808 412 3888 aliquo
441 3815 643 3886 curarentur,
669 3828 740 3872 cum
768 3827 883 3888 magno
912 3810 1098 3874 detrimento
1153 3804 1237 3865 idem
1266 3809 1364 3884 ngnni
1388 3823 1425 3866 nn
1449 3805 1480 3866 vi
1504 3806 1739 3868 consuetudinis
1759 3808 1792 3868 in
1809 3807 1947 3887 ipsnnnn

307 3895 424 3957 servitii
439 3897 778 3978 Ecclesiaeprcestandi.
795 3898 880 3959 Trid.
896 3899 1024 3978 quidem
1039 3903 1099 3979 Sy·
1153 3891 1293 3954 Ecclesia
1315 3893 1460 3972 vigentia,
1485 3895 1522 3954 iis
1544 3894 1776 3973 imperandum,
1800 3899 1836 3957 nt
1856 3895 1889 3955 in
1912 3913 1948 3956 ea

308 3984 381 4045 nod.
396 4003 461 4046 sess.
474 3990 524 4062 ῆι,
536 4005 561 4048 e.
580 3987 980 4066 15,0pporfuuasrationes
995 3995 1099 4051 osten.
1154 3979 1378 4041 consuetudine
1393 3987 1603 4058 perseverent.
1616 3983 1675 4044 Ubi
1691 4000 1766 4043 uero
1781 3982 1813 4042 id
1829 4002 1889 4044 usu
1901 4002 1947 4043 rc·

308 4073 363 4150 dit,
381 4074 493 4152 quibus
508 4075 740 4136 canonicalium
764 4075 1009 4138 praebendarum
1032 4075 1099 4136 ino·
1153 4073 1278 4146 ceptum
1293 4086 1354 4128 non
1369 4067 1536 4144 iuvenitur,
1549 4071 1680 4130 liberam
1697 4070 1824 4132 omuino
1840 4090 1947 4132 secuu-

307 4162 367 4239 pire
390 4162 492 4224 ualeat
514 4163 683 4241 provideri,
708 4163 739 4225 Si
762 4181 835 4225 ivero
861 4163 1055 4242 designatam
1080 4184 1099 4226 a
1153 4155 1216 4232 die,
1233 4156 1394 4235 tertiaeque
1409 4157 1510 4218 Missa
1526 4159 1745 4220 Conventualis
1765 4159 1947 4238 applicatio-

307 4254 401 4313 Conc.
418 4250 513 4326 viam,
527 4256 560 4311 ut
574 4251 637 4310 fere
653 4251 777 4311 evenire
792 4252 880 4327 solet,
898 4271 1098 4334 nequaquam
1153 4263 1225 4304 nem
1240 4245 1470 4306 celebr-autibus
1493 4245 1732 4326 relinquendam
1756 4265 1836 4322 esse,
1861 4247 1946 4307 dum-

307 4337 377 4397 iuiri
392 4355 482 4416 posse
497 4338 667 4418 contingat,
684 4340 838 4418 reliquum
854 4340 912 4400 erit
926 4341 966 4400 ad
981 4343 1094 4418 Ceugr.
1153 4333 1246 4393 modo
1261 4333 1292 4392 in
1309 4333 1609 4395 commemoratione
1624 4352 1681 4414 pro
1697 4335 1874 4411 Defunatis,
1891 4337 1947 4396 Ec·

307 4430 401 4489 Gonc.
419 4445 579 4488 recursum
595 4428 726 4501 habere3
744 4428 833 4508 cujus
848 4429 916 4505 erit,
933 4433 1096 4508 perspecte
1152 4421 1253 4482 alesia
1277 4421 1515 4482 benefactorum
1539 4422 1570 4482 in
1593 4440 1708 4501 genere
1733 4441 1796 4484 non
1821 4423 1944 4485 oblivis·

308 4533 345 4574 ex
359 4515 477 4576 Vestris
496 4515 697 4577 relationibus
719 4535 823 4576 rerum
843 4520 941 4590 statu,
963 4517 1099 4578 auctori·
1152 4515 1274 4572 cantur.
2003 4587 2004 4596 ἵ

307 4607 370 4665 fate
393 4604 903 4683 ApostolicaaPreedeccssoribus
922 4605 1041 4665 Nostris
1056 4605 1098 4666 ei·
1191 4621 1205 4656 u
1226 4597 1304 4658 llnic
1324 4597 1450 4659 demum
1471 4597 1617 4677 epistula
1641 4606 1756 4662 nostrae
1775 4601 1871 4661 finem
1892 4600 1944 4660 im·
2003 4603 2004 4652 1

306 4693 379 4753 dem
394 4691 563 4770 impartita,
580 4697 611 4753 et
634 4711 652 4751 a
674 4692 769 4752 Nobis
785 4692 879 4752 ctiam
895 4693 1097 4770 presentium
1152 4687 1561 4767 ponentes,1irureruitates
1581 4689 1709 4752 Vestras
1730 4688 1820 4748 enixe
1840 4690 1945 4750 horta-
2002 4695 2004 4734 ἓ

306 4784 414 4841 tenore
444 4781 647 4855 confirmata,
673 4779 887 4857 quotidianam
914 4779 1097 4856 applicatio·
1152 4795 1233 4850 ruur,
1250 4779 1285 4836 ut
1304 4775 1474 4836 maximam
1490 4793 1598 4836 curram
1614 4782 1645 4836 et
1658 4776 1854 4855 rigibrutiam
1868 4778 1900 4836 iu
1915 4775 1943 4836 id
2001 4763 2004 4882 ἱ

307 4883 379 4926 nem
397 4867 499 4927 Missae
522 4868 741 4930 Corrvcntualis
765 4885 820 4945 pre
842 4867 1096 4928 benefactoribus
1151 4864 1329 4938 conferatis,
1348 4863 1850 4927 utinlicclesiarumVcstrarum
1865 4865 1943 4926 Clio·
2001 4885 2003 4962 q

306 4957 339 5016 in
362 4974 487 5034 genere,
512 4962 547 5018 ut
569 4957 655 5033 alias,
682 4957 722 5017 ad
747 4961 854 5019 Festos
879 4957 1096 5017 tautummodo
1152 4952 1205 5028 ris,
1226 4951 1500 5031 praefer-devotam
1515 4953 1777 5030 celebrationem,
1795 4952 1942 5014 debitam·
2001 4971 2003 5080 q

307 5045 374 5107 dies
388 5043 549 5106 reducere.
1152 5061 1212 5120 que
1228 5040 1470 5119 applicationem
1484 5040 1585 5102 Missa
1600 5042 1837 5117 ConventualiS,
1854 5044 1941 5102 Hora

347 5155 361 5190 u
380 5135 446 5192 Non
462 5131 556 5192 modo
575 5130 721 5191 Ecclesiis
735 5129 1019 5203 patriarchalibus,
1036 5131 1097 5190 Mc·
1153 5129 1315 5191 canonice
1331 5147 1393 5190 non
1409 5141 1619 5207 praepropere,
1636 5130 1691 5190 sed
1708 5137 1941 5208 exactc,paesa

306 5219 519 5300 tropolitauiS,
545 5218 781 5280 Catbcdralibus
805 5223 836 5278 ct
857 5217 1033 5294 Collegiatis
1052 5218 1098 5277 in·
1153 5235 1264 5293 nempe
1279 5217 1472 5295 interposita,
1490 5220 1522 5278 ct
1539 5217 1686 5293 maxima,
1703 5237 1766 5297 qua
1781 5219 1881 5294 decet,
1898 5235 1940 5276 re·

304 5310 448 5388 junctum
467 5307 631 5386 reperitur,
648 5314 682 5367 ut
696 5305 833 5385 quotidie
849 5306 942 5366 Missa
957 5307 1098 5370 Conuen-
1152 5306 1302 5382 verentia,
1319 5324 1356 5365 ac
1371 5305 1520 5384 religione
1534 5309 1697 5366 canantur.
1716 5307 1870 5386 Equidem
1885 5303 1940 5365 scl-

308 5396 399 5457 tualis
414 5396 444 5454 in
460 5396 577 5457 eisdem
594 5399 735 5469 careatur,
753 5393 916 5455 sedetiam
939 5394 968 5454 in
986 5395 1099 5455 ltubri-
1152 5413 1232 5470 inne,
1248 5393 1280 5454 iu
1295 5393 1452 5472 aliquibus
1466 5395 1714 5472 Metropolitanis
1729 5402 1761 5456 et
1775 5393 1939 5457 Catbcdra·

308 5489 352 5550 cis
367 5485 578 5560 Gener-atibus,
592 5499 723 5566 (quercum
736 5482 1098 5544 exactissimamFrater·
1152 5481 1233 5544 libus
1256 5480 1412 5557 Ecclesiis,
1438 5481 1519 5543 inter
1539 5481 1711 5543 Canonicos
1735 5501 1806 5544 eam
1824 5481 1939 5560 opinio-
