3994 6344
313 541 374 604 ato
878 543 993 606 LIBER
1014 538 1194 616 TERTIUS,
1218 539 1320 602 PARS
1341 539 1378 605 11.

317 729 354 788 R.
370 727 427 790 Jus
441 745 504 790 non
518 731 621 806 potest
633 727 812 790 immediate
824 729 909 790 nasci
925 747 962 790 ex
976 726 1105 808 injuria,
1161 726 1257 804 riosa,
1273 745 1345 788 cum
1357 727 1470 789 cedere
1484 727 1583 806 possit
1591 727 1655 810 juri
1671 747 1729 792 suo
1744 733 1776 794 et
1791 748 1885 792 nemo
1899 729 1950 796 sibi

316 819 466 892 transeat,
483 817 628 894 mediate,
645 836 677 879 n.
694 835 766 878 nam
780 817 806 878 si
821 817 901 879 tilius
915 817 1038 880 occidat
1051 834 1108 895 pa·
1160 813 1723 894 1111111111111111111111111111τί1
1738 822 1785 881 est
1794 818 1948 900 injuriosa,

316 907 409 980 trem,
424 903 505 966 filius
519 923 576 985 per
589 906 818 968 successionem
832 907 872 967 ab
887 906 1032 967 intestato
1048 906 1107 966 im·
1160 904 1216 965 sed
1230 903 1270 964 ad
1286 904 1366 965 banc
1380 902 1431 965 fur
1444 923 1506 966 non
1521 904 1618 968 habet
1628 905 1691 986 jus.

317 993 453 1056 mediate
468 995 600 1075 acquirit
619 994 726 1075 jasad
741 995 967 1070 hereditatem,
984 1013 1041 1073 per
1060 993 1107 1054 in·
1200 990 1272 1052 last.
1295 995 1324 1051 2.
1351 990 1452 1052 Habet
1466 991 1518 1071 jus
1541 993 1582 1054 ad
1603 994 1776 1072 petendum
1798 998 1832 1057 et
1853 997 1949 1059 tamen

313 1078 441 1162 juniam,
454 1100 517 1162 qua
527 1083 640 1146 occidit
652 1090 786 1163 patrem,
797 1083 934 1146 mediate
946 1103 953 1146 :
966 1081 1108 1144 similiter
1160 1079 1268 1159 petitio
1284 1081 1331 1140 est
1344 1077 1506 1158 injuriosa.
1524 1083 1560 1142 R.
1578 1081 1680 1143 Habet
1689 1083 1743 1162 jus
1757 1083 1949 1162 absolutum,

317 1168 342 1229 si
371 1187 408 1230 ex
436 1168 507 1231 dolo
535 1172 585 1231 vel
611 1175 696 1233 metu
723 1171 795 1248 levi,
812 1174 949 1232 attamen
968 1169 1104 1251 injusto,
1160 1167 1210 1227 vel
1221 1166 1273 1246 jus
1287 1167 1327 1226 ad
1342 1167 1525 1244 petitionem
1536 1168 1730 1249 simpliciter,
1747 1173 1784 1233 N.
1798 1171 1951 1253 habctjus

317 1255 440 1318 ineatur
460 1261 655 1334 contractus,
669 1259 721 1339 jus
736 1259 871 1320 mediate
894 1263 1040 1318 nascetur
1068 1275 1106 1316 ex
1161 1254 1419 1332 conditionatum,
1436 1256 1460 1316 si
1483 1274 1595 1336 nempe
1616 1258 1709 1318 lesus
1734 1277 1797 1320 non
1820 1267 1951 1340 opponat

318 1343 443 1423 injuria,
463 1344 642 1408 immediate
667 1367 705 1407 cx
718 1365 870 1408 consensu
895 1343 1107 1407 contrahentis
1161 1342 1376 1421 exceptionem
1400 1343 1539 1420 iniuriae;
1555 1344 1630 1407 item
1645 1345 1744 1408 habet
1762 1347 1817 1428 jus
1836 1353 1950 1412 tantum

317 1451 411 1512 quem
425 1433 567 1496 causabit
580 1433 694 1516 injuria
708 1436 796 1497 etita
810 1435 904 1497 etiam
913 1437 948 1496 fit
958 1434 989 1494 in
1000 1437 1106 1494 nostro
1161 1451 1200 1493 ex
1222 1433 1383 1510 supposita
1408 1434 1624 1512 promissione,
1642 1453 1679 1498 ac
1696 1435 1792 1498 etiam
1806 1437 1867 1498 sub
1881 1438 1950 1500 obli-

317 1539 402 1582 casu.
418 1519 505 1598 otei,
525 1525 622 1584 trans.
645 1523 757 1584 namsi
773 1523 823 1585 sur
843 1522 1010 1601 pecuniam
1031 1521 1107 1582 alie·
1161 1521 1287 1600 gationa
1302 1522 1407 1582 statim
1431 1522 1626 1600 restituendi,
1643 1525 1677 1587 C.
1694 1523 1764 1586 hec
1782 1530 1891 1586 autem
1904 1543 1950 1602 pa-

316 1625 388 1670 nam
404 1607 535 1671 misceat
548 1628 624 1687 suae,
640 1611 773 1691 acquirit
783 1611 955 1671 dominium
966 1608 1107 1688 pecunie
1161 1609 1227 1671 titio
1243 1627 1306 1670 non
1321 1612 1368 1670 est
1382 1609 1543 1691 injuriosa,
1560 1629 1618 1671 nec
1632 1611 1756 1686 11111111;
1774 1611 1851 1692 quia
1865 1612 1890 1672 si
1904 1613 1950 1673 ta·

317 1695 426 1757 alienae
440 1715 497 1775 per
510 1696 704 1775 mixtionem,
721 1716 791 1778 quae
805 1702 911 1760 tamen
926 1696 1037 1758 mixtio
1061 1700 1108 1758 est
1161 1715 1213 1757 aus
1229 1715 1290 1758 non
1314 1700 1453 1776 opponat
1467 1699 1700 1778 exceptionem,
1717 1704 1868 1763 censetur
1884 1717 1950 1762 con-

316 1803 391 1845 vero
406 1783 532 1846 domino
548 1785 708 1866 injuriosa,
721 1787 864 1866 quamvis
875 1786 969 1847 etiam
979 1785 1030 1846 hic
1045 1785 1105 1846 dici
1161 1785 1275 1846 sentire
1291 1784 1323 1844 in
1337 1787 1433 1846 talam
1447 1786 1606 1848 dationem
1621 1791 1654 1850 et
1665 1788 1863 1868 petitionem.

316 1870 414 1951 possit
423 1873 585 1951 acquirere
595 1874 768 1936 dominium
783 1875 961 1936 immediate
977 1893 1033 1953 per
1043 1874 1107 1936 dis·
1201 1871 1275 1934 last.
1291 1875 1321 1933 3.
1347 1873 1381 1935 Si
1394 1873 1508 1934 latroni
1529 1873 1709 1936 tradidisset
1732 1875 1812 1936 iilud
1827 1892 1947 1950 aurum,

316 1958 503 2038 positionem
515 1960 596 2042 juris
610 1962 744 2042 positivi,
761 1963 897 2026 mediata
911 1981 969 2043 per
982 1961 1107 2025 mixtio·
1160 1960 1240 2022 latro
1264 1978 1327 2021 non
1350 1960 1566 2040 acquisivisset
1580 1961 1648 2041 ejus
1663 1962 1842 2024 dominium
1857 1983 1865 2025 :
1882 1983 1946 2042 ergo

316 2065 400 2110 nem.
1160 2048 1284 2127 signum
1299 2047 1441 2127 estquod
1456 2049 1619 2126 promissio
1644 2048 1739 2112 fuerit
1748 2050 1849 2112 irrita.
1864 2050 1945 2112 Prot.

355 2135 429 2198 inst.
445 2137 502 2200 Jus
515 2139 634 2198 naturae
649 2157 711 2200 non
725 2141 828 2218 potest
839 2138 944 2200 favere
959 2137 1080 2219 injuriee
1096 2157 1103 2201 :
1160 2147 1223 2198 aar.
1240 2135 1315 2216 quia
1329 2136 1363 2197 L.
1379 2135 1498 2214 tiletum,
1513 2141 1543 2214 9,
1566 2138 1585 2216 ἓ
1603 2137 1726 2216 Valenti,
1743 2148 1771 2200 cr
1790 2137 1943 2219 §licetffi

316 2243 392 2304 ergo
406 2228 584 2288 contactus
597 2224 766 2305 injuriosus
776 2245 838 2289 non
853 2231 956 2306 potest
966 2226 1037 2307 jure
1053 2245 1107 2288 na·
1161 2222 1246 2299 Quod
1260 2233 1350 2285 metm
1363 2244 1461 2302 causo,
1477 2231 1596 2288 metum
1606 2245 1698 2306 passo
1712 2229 1896 2290 conceditur
1905 2246 1946 2289 ac·

315 2319 395 2375 turae
410 2330 477 2374 essa
491 2312 624 2391 validus,
636 2314 680 2375 ite
694 2316 773 2378 Onn.
791 2317 826 2376 R.
843 2319 900 2379 Jus
911 2319 1031 2376 naturae
1043 2333 1106 2376 non
1160 2312 1215 2388 tio,
1232 2330 1293 2373 non
1308 2312 1409 2374 solum
1424 2312 1456 2373 in
1470 2332 1648 2392 personam,
1660 2315 1717 2378 sed
1728 2315 1866 2378 etiamin
1876 2335 1942 2394 rem,

315 2405 418 2483 potest
437 2400 542 2462 favere
562 2399 699 2480 injuriae,
725 2402 932 2482 approbando
947 2402 1051 2479 illam,
1070 2403 1103 2464 C.
1161 2401 1350 2480 ubicumque
1365 2400 1496 2463 existat:
1513 2401 1725 2482 ergosignum
1740 2405 1882 2484 estquod
1903 2404 1944 2467 bio

315 2508 377 2552 non
392 2486 555 2564 irritando,
573 2490 609 2550 N.
627 2491 691 2552 ant.
708 2496 740 2552 et
762 2509 848 2554 cons.
864 2490 1008 2571 quamvis
1023 2492 1106 2552 enim
1160 2485 1324 2549 retinuerit
1346 2488 1413 2568 ejus
1434 2489 1619 2552 dominium.
1636 2493 1672 2552 R.
1696 2493 1733 2553 N.
1751 2496 1818 2553 ant.
1845 2491 1945 2554 dicitur

314 2577 479 2655 probibeat
501 2577 598 2640 talem
620 2577 786 2659 injuriam,
811 2583 918 2642 tamen
941 2597 1004 2640 non
1028 2579 1107 2641 tollit
1161 2576 1245 2638 enim
1259 2574 1376 2636 habere
1397 2576 1553 2639 actionem
1565 2577 1598 2638 in
1612 2595 1690 2654 ram,
1708 2596 1771 2641 non
1787 2580 1872 2659 quod
1887 2598 1944 2641 ma-

315 2665 383 2745 ejus
401 2667 598 2728 existentiam
612 2672 644 2730 et
657 2670 813 2731 effectum.
1160 2667 1233 2724 neat
1255 2663 1400 2725 dominus
1423 2664 1479 2740 rei,
1496 2664 1551 2726 sad
1566 2665 1640 2746 quia
1654 2665 1864 2728 rescindendo
1882 2686 1942 2730 con·

246 2779 290 2828 ω
357 2752 451 2834 Objic.
467 2759 496 2816 1.
513 2757 562 2817 Ad
576 2755 716 2816 valorem
737 2759 916 2819 contractus
937 2755 1107 2836 requiritur
1160 2756 1296 2816 uectum
1309 2756 1413 2831 potest
1426 2753 1529 2814 iacere
1544 2771 1634 2815 suam
1648 2757 1680 2815 et
1694 2755 1878 2817 conceditur
1894 2755 1942 2836 ipsi

315 2859 485 2904 consensus
508 2843 552 2905 ita
573 2844 653 2905 liber
671 2848 706 2908 ut
733 2845 901 2924 nequidem
932 2846 1106 2907 secundum
1160 2839 1313 2903 restitutio
1327 2840 1360 2901 in
1374 2841 1542 2921 integrum,
1558 2841 1632 2903 hinc
1645 2860 1696 2904 res
1711 2843 1808 2906 debet
1821 2843 1878 2922 ipsi
1890 2862 1943 2906 ree

316 2930 392 3012 quid
412 2930 453 2992 sit
470 2930 697 2994 involuntariae
714 2952 721 2994 :
738 2933 794 2994 sed
807 2950 977 2994 consensus
998 2951 1106 3011 proce·
1159 2928 1229 2992 titui
1251 2948 1325 2991 cum
1344 2929 1512 3004 fructibus;
1530 2948 1622 2991 nemo
1647 2933 1756 2992 autem
1776 2931 1888 2993 dicitur
1900 2950 1941 2992 ex·

316 3019 393 3080 dens
413 3037 452 3080 ex
471 3021 557 3079 metu
576 3020 665 3097 gravi
680 3038 743 3082 non
766 3021 813 3081 est
828 3019 872 3082 ita
895 3020 985 3099 plene
1000 3021 1080 3083 liber
1096 3041 1103 3084 ι
1160 3017 1263 3079 clusus
1278 3035 1297 3077 a
1310 3035 1345 3079 re
1360 3018 1401 3079 ad
1431 3036 1527 3098 quam
1541 3017 1585 3079 ita
1599 3018 1691 3098 plene
1704 3020 1941 3099 recuperandam

315 3125 401 3187 ergo.
418 3109 465 3169 lta
479 3107 559 3169 Onn.
586 3107 621 3166 11.
638 3107 687 3167 Ad
701 3108 841 3169 valorem
859 3113 1059 3187 contractus,
1080 3110 1105 3172 si
1160 3105 1241 3167 actio
1256 3105 1313 3184 ipsi
1333 3106 1525 3185 conceditur,
1542 3107 1587 3168 uti
1603 3107 1739 3170 babetur
1752 3107 1791 3172 L.
1813 3109 1900 3172 Nemo
1910 3107 1939 3186 ff.

315 3212 378 3256 non
392 3195 433 3256 sit
450 3191 673 3271 rescindihilis,
689 3195 860 3274 requiritur
874 3215 1044 3259 consensus
1063 3197 1107 3259 ite
1160 3192 1195 3254 de
1213 3193 1243 3252 in
1266 3193 1371 3274 inteqr.
1387 3203 1455 3256 rest.
1472 3197 1504 3256 et
1526 3195 1600 3275 quie
1614 3195 1667 3276 qui
1686 3196 1845 3259 actionem
1857 3196 1941 3258 babet

313 3282 406 3361 plene
420 3282 510 3358 liber,
525 3286 623 3344 11111.
640 3281 665 3343 si
680 3283 1044 3362 maneatrescindihilis,
1065 3286 1103 3347 N.
1161 3281 1202 3343 ad
1224 3299 1311 3359 rem,
1336 3300 1404 3344 rem
1426 3282 1527 3361 ipsam
1551 3283 1669 3344 habere
1692 3284 1832 3362 videtur,
1854 3281 1939 3364 inquit

314 3369 388 3448 Maj.
405 3373 436 3431 et
449 3371 539 3432 Cone.
1160 3369 1232 3452 Req.
1250 3373 1298 3446 15,
1314 3369 1407 3449 ss..dc
1429 3370 1536 3432 divers.
1552 3389 1614 3451 rep.
1623 3370 1817 3452 jurirrhinc
1835 3376 1938 3433 metum

355 3456 428 3520 Ince.
446 3457 521 3540 Cap.
539 3455 614 3521 Cum
627 3457 732 3536 11111,
752 3456 788 3520 de
799 3477 894 3540 spons.
920 3458 1044 3536 dicitur,
1061 3458 1104 3521 ibi
1160 3473 1270 3535 pessus
1285 3456 1400 3520 dicitur
1411 3457 1499 3538 quasi
1512 3457 1617 3519 adhuc
1631 3457 1749 3520 babere
1764 3478 1842 3536 rem,
1858 3463 1937 3538 atque

313 3544 418 3606 locum
444 3563 506 3606 non
530 3545 626 3608 habet
648 3563 819 3608 consensus
853 3547 907 3609 ubi
943 3551 1045 3609 metus
1074 3550 1106 3611 et
1160 3544 1255 3605 etiam
1277 3543 1348 3607 ideo
1372 3546 1466 3607 debet
1485 3549 1629 3624 respectu
1643 3545 1733 3609 istius
1746 3548 1796 3610 rei
1814 3545 1936 3626 preferri

314 3633 433 3694 coactio
457 3632 632 3710 intercedit,
653 3633 729 3695 item
751 3634 824 3717 Rep.
842 3637 910 3711 116,
930 3635 971 3715 ss.
993 3633 1028 3696 de
1041 3635 1101 3698 dre.
1159 3633 1304 3694 omnibus
1323 3634 1391 3695 aliis
1412 3633 1634 3712 creditoribus,
1651 3653 1726 3696 nam
1744 3633 1935 3698 rescindendo

314 3741 375 3803 rep.
384 3721 469 3802 juris
483 3719 596 3783 dicitur
610 3721 687 3783 nibil
715 3721 881 3785 consensui
903 3725 968 3784 tam
982 3726 1104 3786 contra·
1159 3724 1355 3783 contractum
1368 3721 1449 3784 tollit
1463 3739 1554 3784 omne
1565 3721 1618 3802 jus
1640 3723 1725 3802 quod
1752 3723 1887 3786 babebat
1897 3721 1935 3781 in·

312 3812 396 3872 rium
410 3828 505 3891 quam
519 3810 566 3871 vis
580 3814 611 3873 et
623 3817 733 3873 metus.
753 3814 788 3873 R.
807 3811 929 3873 Primus
944 3815 1046 3874 textus
1058 3812 1104 3874 in·
1157 3809 1261 3872 ferens
1274 3809 1422 3891 injuriam
1437 3831 1443 3872 :
1461 3829 1536 3889 ergo
1547 3811 1642 3872 etiam
1656 3811 1737 3873 tollit
1751 3811 1807 3892 jus
1820 3810 1933 3873 aliorum

312 3897 462 3976 telligitur
471 3898 510 3959 de
524 3916 678 3960 consensu
692 3898 833 3962 absolute
847 3900 958 3976 libero,
969 3900 1059 3964 firme
1073 3904 1105 3964 et
1158 3898 1359 3976 creditorum,
1372 3898 1458 3978 quod
1467 3897 1659 3960 fundabatur
1668 3898 1782 3980 injure
1792 3896 1933 3962 inferentis

314 4002 376 4047 nou
396 3985 575 4048 revocabiii.
599 3987 645 4047 Ex
659 3990 688 4047 1.
706 3987 778 4048 Plus
793 3987 899 4048 inferri
919 4005 982 4047 non
1002 3992 1105 4066 potest
1158 3984 1324 4065 injuriam,
1341 3989 1428 4066 Lago
1441 4006 1472 4048 a.
1492 3988 1559 4064 119,
1576 3990 1607 4047 11
1625 3986 1687 4050 lus.
1704 4006 1736 4049 n.
1752 3990 1824 4066 250,
1840 3987 1886 4068 qui
1900 3983 1933 4046 vi·

314 4091 410 4154 quam
432 4091 620 4135 consensum
644 4072 760 4135 debere
787 4091 916 4136 manere
943 4073 1103 4137 revocabi·
1158 4072 1224 4135 deri
1240 4077 1351 4152 potest.
1369 4077 1414 4136 Ex
1428 4073 1501 4136 his:

313 4161 386 4236 iem,
403 4159 457 4222 ubi
471 4163 650 4224 contractus
665 4165 712 4223 est
725 4160 894 4226 irritabilis.
1197 4160 1372 4240 Inserantur
1391 4182 1468 4244 seqq.
1494 4167 1522 4226 1.
1548 4163 1606 4237 Oui
1629 4181 1697 4224 rem
1721 4183 1781 4244 per
1799 4159 1930 4246 ejusmodi
1947 4179 1985 4242 tr·

244 4278 287 4328 q,
355 4247 447 4330 Otjic.
462 4255 494 4312 3.
512 4248 545 4310 Si
558 4247 641 4309 valet
654 4251 832 4310 contractus
850 4253 935 4312 metu
950 4251 1101 4325 extortus,
1158 4253 1352 4312 contractum
1367 4255 1524 4314 extortum
1547 4254 1595 4312 est
1613 4255 1812 4330 consecutus,
1827 4255 1931 4313 tenetur

312 4356 343 4400 v.
359 4355 391 4416 g.
407 4333 571 4416 promissio
586 4334 654 4398 auri
668 4336 751 4397 faeta
762 4337 874 4399 latroni
889 4336 1006 4399 volenti
1021 4335 1104 4398 occi·
1158 4355 1231 4398 eam
1253 4338 1428 4414 restituere,
1450 4339 1516 4400 siva
1538 4337 1617 4418 ipsa,
1638 4337 1703 4400 sive
1727 4339 1810 4402 eiius
1831 4341 1929 4400 metum

312 4425 410 4486 dere:
430 4441 506 4504 ergo
526 4426 645 4486 metum
665 4442 776 4503 passus
795 4424 951 4487 tenebitur
964 4425 1024 4486 boc
1047 4443 1104 4486 au·
1157 4443 1287 4506 gravem
1306 4424 1420 4506 injuste
1435 4425 1610 4503 incusserit,
1629 4425 1705 4506 quia
1713 4424 1768 4506 jus
1783 4424 1929 4507 positivum

312 4527 383 4572 rum
404 4510 541 4587 tradere,
565 4509 707 4590 adeoque
731 4512 811 4574 latro
834 4511 965 4575 habebit
984 4512 1036 4592 jus
1059 4511 1101 4574 ad
1157 4512 1275 4595 datjus
1288 4513 1321 4574 in
1331 4531 1398 4574 rem
1408 4513 1508 4594 ipsam
1520 4512 1606 4592 apud
1618 4531 1849 4596 quemcumque
1865 4509 1928 4572 exis·

311 4597 642 4661 obtinendumaurum
656 4597 885 4680 perinjurium,
902 4599 986 4682 quod
1006 4599 1101 4662 etiam
1156 4606 1212 4680 tat,
1238 4602 1283 4665 uti
1301 4600 1370 4682 jam
1391 4601 1585 4678 dictumest,
1608 4602 1785 4683 probatque
1809 4597 1927 4682 pluribus

310 4686 415 4749 statim
429 4685 586 4749 tenebitur
599 4686 773 4750 restituere.
789 4690 837 4749 111
850 4689 886 4750 B.
903 4691 993 4750 Pont.
1011 4690 1047 4749 R.
1061 4689 1099 4749 N.
1157 4692 1237 4754 Onn.
1253 4711 1284 4752 n.
1307 4693 1376 4768 220,
1402 4691 1488 4770 quod
1509 4694 1606 4767 tenet,
1622 4691 1696 4752 licet
1710 4689 1774 4769 ille,
1798 4689 1847 4772 qui
1861 4700 1927 4750 nuno

312 4790 377 4854 seq.
394 4791 468 4836 nam
490 4776 609 4835 metum
623 4792 733 4854 passus
755 4778 867 4854 potest,
887 4775 1103 4855 quandocum—
1155 4779 1263 4855 babet,
1280 4779 1364 4840 bona
1377 4778 1439 4840 fida
1454 4777 1612 4858 acceperit
1625 4797 1644 4839 a
1657 4779 1773 4858 primo,
1786 4780 1828 4842 uti
1839 4775 1926 4839 noant

312 4881 373 4943 qua
386 4862 463 4941 vult,
476 4881 548 4924 aum
562 4867 756 4926 contractum
766 4863 954 4942 rescindere,
967 4863 1011 4925 ita
1020 4865 1098 4944 Lug.
1157 4867 1243 4946 Sylv.
1261 4869 1350 4930 Garz.
1369 4865 1484 4930 Sancb.
1501 4870 1588 4947 Lugo
1603 4887 1633 4929 a.
1650 4869 1719 4930 186.
1736 4871 1767 4930 2.
1785 4869 1817 4931 81
1843 4865 1924 4928 metu

310 4971 340 5012 n.
358 4954 426 5016 116.
1157 4971 1196 5014 ex
1222 4972 1285 5035 quo
1300 4958 1446 5018 causatus
1458 4957 1506 5016 est
1519 4959 1698 5017 conuectos
1712 4955 1821 5020 fuisset
1840 4954 1876 5016 ita
1892 4949 1923 5010 lt*

352 5037 425 5101 inst.
441 5042 469 5102 1.
487 5040 555 5101 Non
569 5038 663 5102 datur
673 5039 726 5120 jus
747 5040 787 5102 ad
802 5037 968 5121 injuriam,
989 5058 1102 5121 nempe
1156 5041 1203 5104 vis
1226 5046 1261 5105 ut
1282 5061 1315 5105 se
1329 5044 1395 5106 solo
1416 5061 1479 5104 non
1502 5046 1672 5121 causasset,
1703 5041 1870 5106 causaverit
1888 5041 1923 5100 ta-

312 5127 353 5189 ed
376 5127 532 5189 actionem
555 5126 718 5190 illicitam:
742 5128 797 5190 sed
810 5128 891 5190 latro
910 5127 1039 5192 habebit
1048 5127 1101 5209 jus
1156 5147 1240 5208 men,
1257 5134 1349 5212 prout
1359 5131 1544 5213 conjunctus
1554 5131 1622 5194 aliis
1632 5130 1770 5209 motivis,
1784 5123 1922 5194 essetcbli·

311 5216 351 5279 ad
367 5214 524 5298 injuriam,
541 5235 653 5297 nempe
667 5217 708 5278 ad
722 5216 935 5279 obtentionem
949 5217 1018 5277 auri
1031 5235 1102 5296 pro·
1156 5218 1240 5297 gatto
1255 5220 1479 5298 compensandi
1493 5224 1616 5282 tantum
1631 5225 1755 5300 partem
1770 5217 1875 5292 damni,
1888 5211 1921 5273 uti

311 5304 408 5379 missi,
421 5304 560 5385 quandiu
574 5309 751 5368 contractus
766 5323 828 5366 non
847 5303 1044 5367 rescinditur.
1063 5307 1098 5369 R.
1156 5306 1248 5368 docet
1262 5311 1348 5387 bugu
1362 5329 1393 5384 n,
1410 5311 1485 5381 138;
1502 5306 1601 5370 videri
1616 5313 1723 5370 tamen
1738 5310 1847 5372 debent
1857 5303 1920 5365 dicit

313 5393 417 5455 Habet
439 5396 560 5454 tantum
580 5392 632 5472 jus
646 5391 687 5452 ad
702 5391 860 5454 dationem
870 5393 910 5454 ab
934 5392 1032 5454 altero
1056 5392 1102 5453 fa·
1156 5415 1186 5455 a.
1203 5397 1252 5456 53.
1271 5395 1351 5467 Quid
1369 5399 1474 5458 autem
1502 5394 1680 5456 iaciendum
1697 5397 1739 5459 sit
1752 5396 1785 5458 in
1798 5391 1918 5457 dubitat

312 5479 467 5558 ciendam,
488 5497 557 5561 qua
573 5479 659 5542 danti
674 5499 732 5545 nec
746 5478 853 5543 illicite
871 5485 928 5560 est,
951 5499 1008 5544 nec
1022 5480 1101 5562 inju·
1156 5487 1259 5546 metus
1291 5483 1384 5548 suerit
1406 5501 1503 5548 causa
1535 5483 1676 5564 partialis
1699 5503 1821 5562 necne,
1845 5477 1917 5541 tfiflffl
