4120 6348
293 495 362 558 ,529
953 497 1070 558 LIBER
1093 497 1290 570 QUARTUS.

301 679 611 765 quocEectericaticro
635 685 781 746 ceutodiri
807 686 861 748 ille
887 687 962 747 ordo
984 684 1092 762 detuit,
1149 704 1181 766 p.
1200 685 1322 763 l3,§l,
1338 703 1370 746 n.
1386 687 1530 762 2,Luca,
1546 683 1582 746 dc
1599 683 1719 766 Buces,
1746 685 1777 748 d.
1801 689 1853 762 93,
1876 687 1944 747 aa

302 775 527 858 cmswrdatur?
540 776 619 838 Hinc
633 776 775 855 pluribus
789 776 925 855 probat,
942 775 982 836 ud
993 775 1096 855 Req.8
1151 781 1179 835 ct
1193 780 1223 836 7.
1240 775 1278 836 Et
1292 793 1329 834 ex
1343 780 1484 853 tempore
1508 774 1718 838 adnotationis
1741 775 1824 842 illius
1849 774 1946 837 babet
2045 761 2047 828 i

305 863 438 944 Cancer,
455 867 487 926 in
498 885 637 948 prorem,
655 867 715 944 51,
734 866 773 926 55
788 866 886 926 multa
897 865 1096 925 incommoda
1150 862 1320 941 Episcopus
1331 863 1384 942 jus
1398 865 1603 942 alternative,
1621 871 1652 942 ct
1666 869 1791 926 cessant
1811 867 1831 924 1
1855 881 1945 924 meu·
2046 867 2047 918 ῑ

302 973 367 1018 555
377 963 449 1018 'esse
464 957 629 1019 honestum
645 961 679 1017 ut
693 957 779 1034 Papa
792 955 825 1015 id
840 954 943 1030 iaciat,
961 953 1094 1033 ideoque
1149 970 1199 1012 ses
1214 951 1381 1024 ordinarii;
1410 955 1548 1014 attamen
1571 954 1655 1016 licite
1684 971 1747 1014 non
1771 953 1870 1014 utitur
1886 952 1944 1014 boc

302 1044 335 1105 in
347 1042 442 1107 dubio
454 1061 515 1106 555
526 1045 724 1124 praesumitur
732 1044 865 1106 voluisse
876 1042 994 1115 iacere;
1007 1041 1095 1102 Gbok
1146 1039 1217 1119 jure
1233 1043 1304 1100 ante
1321 1040 1462 1102 notitiam
1477 1041 1767 1118 adnotationis,nisi
1778 1040 1944 1121 provideat

302 1148 413 1210 supra;
435 1132 519 1214 quod
542 1133 677 1194 maxime
698 1132 783 1192 valet
805 1131 830 1190 si
847 1130 1096 1210 (1555555555-
1149 1128 1207 1189 sub
1222 1128 1410 1205 conditione,
1428 1147 1490 1209 quo
1505 1135 1610 1192 tamen
1626 1149 1699 1192 casu
1715 1129 1860 1208 provisus
1871 1147 1943 1210 ,non

303 1218 410 1280 aiendi
437 1219 608 1284 intentione
638 1221 756 1282 nullam
782 1220 877 1282 faciat
903 1219 1095 1281 mentionem
1149 1216 1265 1295 poterit
1287 1233 1399 1294 capere
1426 1218 1672 1296 possessionem,
1698 1218 1756 1278 nisi
1781 1221 1945 1296 acceptata

303 1307 381 1370 Vide
396 1311 501 1387 Leon,
518 1329 548 1392 q.
565 1312 633 1386 599,
649 1329 681 1370 5.
698 1313 728 1370 6.
1149 1305 1278 1378 notitia;
1304 1305 1407 1381 Gara,
1443 1308 1557 1382 Casta,
1583 1308 1685 1384 Corn,
1714 1309 1823 1382 Leon,
1845 1325 1880 1386 p.
1911 1309 1941 1382 2,

341 1397 401 1476 55.
438 1401 544 1477 Aaou,
582 1400 686 1474 Gara,
722 1400 818 1472 Luca,
850 1397 950 1474 Pirb.,
985 1401 1091 1474 Lean,
1147 1413 1177 1474 q.
1193 1396 1263 1454 511.
1280 1391 1370 1464 Quod
1385 1392 1410 1452 si
1427 1391 1510 1453 idem
1525 1394 1698 1474 Episcopus
1722 1394 1841 1455 babeat
1863 1393 1943 1454 duas

300 1503 332 1564 q.
348 1487 406 1546 919
420 1492 448 1546 et
462 1488 532 1562 391,
549 1489 661 1564 putant
674 1486 793 1562 Papam
800 1485 890 1564 juxta
903 1503 970 1565 cop.
981 1485 1054 1559 055
1064 1485 1093 1544 in
1148 1481 1314 1558 Ecclesiae,
1331 1481 1396 1543 sive
1411 1481 1537 1557 divisae,
1554 1484 1619 1544 sive
1635 1485 1729 1544 etiam
1745 1500 1835 1563 mque
1859 1482 1944 1561 prin-

300 1572 512 1651 Ecclesiurum,
529 1573 573 1635 De
585 1573 712 1649 constit,
729 1590 821 1652 posse
843 1592 879 1633 cr
902 1575 966 1635 alta
989 1578 1094 1653 potes·
1148 1568 1290 1647 cipaliter
1305 1567 1417 1646 unitas,
1434 1573 1465 1630 et
1478 1577 1620 1650 acceptet
1635 1572 1693 1632 sub
1709 1571 1837 1632 nomine
1850 1571 1944 1631 unius

300 1663 365 1723 tate
378 1662 488 1739 cuivis,
506 1663 601 1724 etiam
615 1661 682 1722 sine
707 1679 813 1737 causa,
836 1661 975 1722 adimere
997 1663 1094 1724 bene·
1148 1657 1826 1736 55515555555551555551515551155155ς
1844 1661 1940 1722 Gouz.

296 1749 421 1825 ·ticium;
448 1751 504 1812 sed
529 1750 751 1813 contradicunt
773 1751 824 1810 alii
853 1769 925 1811 cum
943 1753 1041 1828 Lesa,
1058 1749 1095 1812 dc
1147 1747 1254 1823 Leon,
1269 1748 1365 1824 Luca,
1377 1766 1407 1827 q.
1425 1751 1494 1810 579.
1511 1750 1544 1811 Si
1557 1754 1664 1812 autem
1678 1749 1723 1811 sic
1737 1748 1897 1810 scribatur
1911 1751 1942 1812 et

299 1836 481 1916 1551.,1.9,
507 1859 533 1902 e.
560 1843 609 1917 34,
636 1859 667 1900 n.
686 1841 714 1916 3,
732 1844 877 1918 putantes
892 1841 1011 1918 Papam
1026 1857 1093 1901 esso
1148 1833 1326 1910 adnotetur,
1354 1834 1457 1911 Gaius,
1483 1837 1655 1916 Episcopus
1678 1836 1785 1917 bajus,
1809 1841 1842 1898 et
1859 1836 1941 1896 illius

299 1929 422 1987 tantum
442 1944 624 2006 supremum
645 1927 902 2006 Dispensatorem
927 1927 1093 1990 beneficio·
1148 1922 1293 1984 Ecclesia
1320 1925 1496 2003 acceptavit
1523 1925 1763 2003 alternativam,
1792 1923 1940 2004 presumi

300 2030 371 2074 rum
385 2015 427 2076 ad
442 2015 607 2077 utilitatem
620 2016 777 2092 Ecclesiae,
794 2019 824 2076 et
839 2033 900 2075 non
915 2016 1093 2078 absolutum
1148 2009 1242 2072 debet
1256 2016 1435 2092 acceptasse
1450 2031 1506 2093 pro
1521 2017 1672 2095 utraque,
1688 2017 1786 2092 Luca,
1802 2033 1832 2075 5.
1847 2017 1898 2091 99,
1913 2021 1941 2074 51

300 2099 473 2181 dominum,
489 2104 581 2166 sicuti
596 2109 643 2166 est
656 2109 777 2169 tantum
803 2123 968 2183 supremus
991 2106 1092 2166 admi·
1147 2099 1217 2162 dite.
1235 2103 1283 2164 19.

235 1372 277 1422 aa

299 2189 617 2256 nistratorbonorum
632 2193 790 2270 Ecclesiae,
819 2193 863 2254 uti
888 2197 995 2255 tenent
1011 2196 1089 2256 Nav.
1186 2191 1260 2268 §3-
1287 2193 1328 2252 Ut
1358 2193 1518 2270 competat
1546 2191 1743 2268 alternative,
1773 2191 1941 2273 requiritur
1962 2229 1995 2275 m
2046 2225 2047 2232 2

299 2277 428 2358 Diceret,
444 2279 584 2358 delusa,
603 2281 624 2343 1.
642 2285 672 2358 9,
690 2291 712 2342 t.
727 2284 757 2358 3,
773 2301 804 2342 5.
822 2287 890 2354 919;
908 2283 971 2344 imo
982 2301 1093 2362 quam·
1146 2281 1299 2357 preterea
1312 2279 1457 2358 Episcopi
1473 2279 1651 2357 residentia,
1678 2298 1783 2360 neque
1806 2281 1859 2344 hic
1887 2279 1939 2361 ju-

298 2367 346 2429 vis
368 2369 568 2447 permittatur
593 2389 664 2430 cum
689 2369 847 2447 Menooh.,
873 2372 977 2448 Burs,
993 2373 1088 2448 Lutt,
1146 2371 1199 2428 vat
1213 2367 1277 2428 ulla
1290 2386 1385 2428 causa
1404 2369 1499 2430 etiam
1516 2368 1690 2447 justissima
1704 2369 1867 2447 absentiae,
1887 2387 1938 2430 ne·

300 2455 323 2518 1.
339 2462 369 2533 9,
385 2474 415 2536 q.
441 2459 491 2534 99,
516 2476 547 2518 n.
573 2461 622 2535 ll,
646 2475 713 2518 esse
736 2457 914 2519 absolutum
929 2458 1091 2521 dominum
1146 2455 1308 2535 quidemsi
1324 2456 1828 2521 extradioecesimdeserviatSedi
1844 2460 1937 2538 Apos-

297 2543 534 2622 beneficiorum,
550 2549 656 2606 temen
671 2545 780 2607 dicunt
793 2546 819 2606 si
833 2547 929 2607 semel
951 2549 1091 2609 contule·
1146 2543 1258 2606 tolicee.
1275 2545 1652 2607 Adduotcumcommuni
1665 2547 1770 2622 Gara,
1782 2549 1934 2626 castrop,

298 2631 350 2709 rit,
374 2633 494 2713 acquiri
517 2634 570 2716 jus
593 2635 689 2697 ctiam
714 2636 941 2714 contraipsum
957 2638 1087 2716 Papam,
1144 2634 1205 2710 §Q
1230 2653 1261 2694 5.
1285 2637 1445 2711 9;1.555.,
1470 2656 1500 2716 q.
1523 2639 1593 2712 519,
1618 2656 1649 2696 5.
1675 2639 1707 2712 9,
1732 2635 1878 2716 quamvis
1899 2651 1935 2696 ex

297 2719 343 2782 ita
357 2724 392 2782 ut
405 2721 472 2782 sine
486 2739 582 2783 causa
592 2721 645 2783 illo
660 2723 785 2801 privare
805 2741 867 2784 non
882 2723 981 2803 possit
1004 2724 1048 2786 uti
1064 2725 1090 2786 si
1142 2720 1228 2800 justa
1237 2740 1332 2784 causa
1340 2722 1464 2785 abesset
1473 2724 1567 2785 etiam
1577 2724 1617 2785 ad
1631 2724 1712 2786 duos
1720 2725 1789 2786 dies
1797 2728 1934 2797 tantam

298 2808 446 2872 domiuus
459 2827 527 2870 rem
542 2828 631 2872 suam
641 2810 777 2886 donarit,
790 2811 972 2873 donatarius
981 2813 1025 2875 sic
1038 2831 1091 2877 acs
1146 2809 1171 2869 si
1194 2813 1300 2871 tamen
1315 2810 1435 2872 interea
1448 2815 1539 2874 vacet
1561 2812 1760 2890 beneficium,
1778 2831 1851 2876 eum
1876 2829 1935 2874 nou

299 2896 404 2978 quirat
414 2897 467 2977 jus
481 2902 516 2960 ut
529 2898 596 2960 sine
611 2917 708 2960 causa
720 2899 786 2961 tolli
800 2919 862 2960 non
878 2901 970 2979 posit.
1145 2897 1284 2976 gaudere
1299 2898 1472 2977 privilegio,
1489 2899 1563 2961 licet
1576 2903 1641 2962 toto
1652 2919 1760 2962 mense
1775 2901 1933 2970 adficissct,

215 2970 273 3018 '⁴⁷⁴
337 2987 400 3066 §a
416 2986 613 3050 Probabilius
629 2993 675 3049 est
689 2991 798 3049 contra
809 2989 913 3065 Suan,
936 2991 1031 3070 Vasq.
1059 2993 1090 3052 et
1144 2985 1199 3046 sed
1215 2985 1331 3065 requiri
1346 2986 1549 3049 residentiam
1568 2989 1735 3065 actualem,
1752 2991 1879 3070 quaudo
1892 2991 1935 3052 iu·

297 3073 376 3138 dios
390 3075 474 3154 apud
487 3076 594 3154 Barb,
610 3075 844 3154 55555951,
862 3077 883 3140 1.
901 3081 929 3155 1,
945 3097 970 3140 c.
985 3081 1013 3156 l,
1030 3080 1090 3139 Pa·
1144 3073 1219 3151 cipit
1238 3092 1352 3136 vacare
1367 3076 1570 3151 Beneficium,
1587 3081 1620 3138 et
1633 3076 1677 3137 ita
1691 3078 1821 3140 resolvit
1836 3079 1932 3151 ltotaz

297 3179 372 3244 pam
386 3181 448 3224 uon
462 3169 583 3227 tantum
598 3184 729 3245 peccare
745 3166 769 3226 si
783 3167 930 3246 disponat
940 3168 979 3228 de
990 3170 1088 3246 Papa·
1143 3163 1216 3225 hinc
1237 3166 1347 3241 11555,
1363 3163 1404 3225 cd
1420 3165 1493 3246 ch.
1509 3169 1546 3239 8;
1564 3166 1625 3242 cl,
1645 3167 1695 3243 13,
1719 3185 1750 3228 5.
1769 3169 1807 3227 11
1826 3175 1853 3228 et
1881 3169 1934 3229 111

296 3256 343 3328 15,
357 3255 391 3314 et
410 3252 578 3315 constituat
599 3253 657 3315 sibi
680 3271 905 3330 successorem,
921 3254 977 3315 scd
992 3255 1088 3316 etiam
1143 3260 1172 3312 et
1184 3269 1276 3333 seqq,
1292 3252 1353 3312 late
1369 3252 1483 3330 probet
1493 3257 1653 3316 momento
1668 3271 1731 3334 quo
1747 3258 1849 3317 cessat
1861 3255 1935 3316 resi-

296 3339 1087 3422 5155555555,551555555515555155155555155
1144 3339 1260 3416 dentia,
1290 3340 1385 3401 ctiam
1405 3358 1529 3402 cessare
1547 3341 1598 3422 jus
1619 3342 1826 3404 alternative.
1851 3344 1935 3406 Idem
2046 3401 2047 3404 ,

290 3425 386 3491 sicuti
410 3427 460 3488 vir
480 3429 522 3489 ad
544 3447 686 3506 uxorem,
710 3429 759 3490 vir
784 3433 888 3492 autem
909 3449 972 3492 non
986 3436 1089 3510 potest
1143 3427 1250 3488 dicunt
1265 3429 1353 3488 Garz.
1371 3432 1402 3488 et
1416 3428 1468 3488 alii
1483 3447 1555 3489 cum
1566 3431 1671 3505 Leuc,
1689 3429 1835 3509 quamvis
1848 3429 1933 3492 abes·

298 3515 389 3578 uxori
403 3533 521 3595 ponere
536 3534 748 3578 successorem
762 3517 883 3592 virnm3
901 3519 1014 3580 deinde
1030 3537 1087 3580 nec
1142 3521 1189 3578 set
1214 3517 1325 3578 timore
1352 3518 1472 3593 mortis,
1501 3518 1550 3578 vel
1578 3518 1726 3581 violentia
1746 3518 1931 3599 impeditum

297 3606 369 3666 autc
391 3607 526 3666 mortem
546 3607 652 3684 posset
676 3604 720 3666 illi
743 3624 925 3668 successuro
945 3607 1087 3668 conferre
1142 3603 1330 3667 contradicit
1343 3609 1449 3667 tamen
1464 3607 1497 3667 in
1512 3606 1572 3668 hoc
1587 3609 1684 3670 Gonz.
1702 3606 1792 3681 Quod
1816 3607 1840 3669 si
1856 3608 1934 3672 absit

292 3689 356 3772 jus,
370 3691 510 3773 alioquin
525 3693 675 3756 darentur
688 3694 780 3756 simul
795 3697 857 3758 duo
872 3697 1016 3776 capitain
1031 3699 1087 3758 Ee
1141 3693 1241 3754 tribus
1255 3693 1425 3770 mensibus,
1442 3695 1542 3772 Trid,
1565 3693 1638 3757 Serv.
1656 3699 1707 3773 93,
1722 3716 1748 3758 c.
1766 3700 1795 3775 1,
1812 3697 1848 3758 de
1864 3696 1930 3778 lies.

287 3780 401 3857 alesia,
419 3799 476 3842 nec
492 3786 719 3862 postmortem,
737 3783 811 3863 quia
825 3788 898 3846 tunc
913 3803 974 3846 non
987 3789 1044 3847 cst.
1141 3783 1280 3844 concessis
1293 3802 1299 3856 ;
1314 3785 1416 3858 Gara,
1428 3803 1460 3865 p·
1482 3788 1512 3861 5,
1528 3803 1554 3846 θ·
1573 3789 1601 3862 i,
1618 3788 1767 3856 1115461,
1783 3795 1812 3848 01
1833 3785 1930 3864 Com,

228 3874 270 3923 115
338 3868 446 3944 05551.
461 3872 512 3932 69.
529 3870 976 3945 -05515555555155115555
988 3873 1086 3954 jesol-
1143 3871 1164 3933 1.
1182 3874 1212 3946 3,
1228 3891 1254 3932 5.
1270 3873 1300 3948 6,
1322 3889 1384 3932 55.
1409 3877 1459 3949 al,
1477 3873 1638 3936 dicenter
1661 3873 1873 3938 declaratione
1897 3877 1928 3938 S.

293 3958 437 4019 ¹toreutice
454 3957 628 4040 conferendi
647 3977 703 4040 per
724 3966 851 4022 moues?
872 3963 965 4040 Resp.
995 3980 1084 4044 seqq.
1139 3960 1327 4038 congregat.
1345 3975 1408 4020 non
1433 3960 1572 4038 gaudere
1597 3959 1784 4022 alternative
1797 3979 1855 4042 pro
1869 3961 1931 4025 istis

291 4046 312 4126 ξ
327 4049 355 4108 1.
371 4047 611 4112 Praescindeudo
627 4049 847 4128 especialibus
870 4048 1082 4127 concordatis,
1140 4047 1312 4108 mensibus.
1325 4048 1455 4109 Etbanc
1467 4049 1595 4129 quidem
1605 4049 1808 4113 residentiam
1819 4052 1929 4133 requiri

289 4133 335 4195 de
350 4134 465 4216 quibus
479 4135 631 4200 dicetura
646 4156 677 4198 n.
694 4139 763 4215 599,
780 4140 877 4215 Papa,
895 4142 929 4201 ut
951 4137 992 4198 ad
1007 4137 1085 4199 resi·
1141 4135 1244 4196 auimo
1272 4141 1452 4198 constanter
1477 4137 1634 4200 residendi
1661 4143 1693 4201 et
1722 4141 1928 4204 satisfaciendi

293 4221 434 4284 dentiam
468 4223 608 4288 alliceret
640 4224 821 4305 Episcopus,
857 4230 876 4288 1
911 4227 1082 4306 mensibus,
1139 4223 1343 4301 suumuneri,
1361 4242 1423 4284 non
1445 4229 1551 4286 autem
1577 4226 1815 4307 exaliacausa,
1832 4247 1928 4310 neque

290 4328 409 4390 nempe
422 4313 544 4388 Martio,
561 4313 666 4391 lunio,
692 4313 879 4391 Septembri,
905 4315 1080 4392 Decembri,
1139 4312 1284 4372 affectata
1309 4329 1365 4390 pro
1395 4312 1446 4374 illo
1470 4317 1625 4392 tempore,
1655 4314 1773 4378 docent
1795 4319 1876 4382 butt.
1900 4319 1929 4379 et

293 4417 428 4482 quorum
441 4401 652 4481 provisionem
663 4400 903 4481 jurecommuni
924 4402 1083 4467 habebant
1138 4401 1233 4476 Luca,
1251 4401 1395 4479 quamvis
1413 4399 1464 4462 alii
1485 4419 1558 4461 cum
1578 4405 1687 4480 Goon,
1706 4406 1812 4482 Gara,
1826 4409 1926 4479 beura

290 4483 450 4568 Episcopi,
467 4489 582 4570 adjecit
591 4507 647 4569 per
659 4490 728 4572 Req.
741 4493 770 4568 8,
787 4489 982 4554 cancellarie
991 4493 1081 4571 duos,
1138 4507 1168 4548 5.
1177 4492 1207 4564 7,
1221 4487 1332 4549 merito
1346 4491 1468 4550 tantum
1483 4489 1645 4570 requirant
1659 4509 1768 4552 veram
1778 4492 1929 4555 actualem

288 4575 338 4641 ita
350 4583 386 4638 ut
395 4577 463 4661 jam
478 4579 655 4641 alternatim
670 4580 790 4658 possint
803 4580 980 4659 providere,
997 4584 1084 4662 Popc
1138 4575 1341 4637 residentiam
1354 4578 1595 4655 proscindendo
1606 4580 1647 4641 ab
1668 4580 1853 4644 intentione.

290 4665 420 4746 quidem
433 4667 466 4728 in
480 4668 641 4745 Januario,
657 4669 780 4747 Martio,
797 4669 889 4746 Maio,
901 4672 918 4733 J
922 4671 994 4747 ulio,
1008 4673 1083 4752 Sep·
1177 4665 1194 4742 §
1209 4667 1237 4724 1.
1254 4665 1726 4728 Haecrcsidentiadebetessein
1737 4668 1929 4748 1555155555-

288 4755 417 4832 tembri,
442 4756 622 4833 Novembri,
647 4757 820 4836 Episcopus
838 4763 945 4819 autem
970 4759 1001 4818 in
1026 4761 1083 4820 Fc-
1137 4751 1208 4814 liter
1219 4753 1349 4814 Dioeeesi
1365 4755 1522 4834 Episcopi,
1538 4773 1596 4816 nec
1609 4755 1725 4818 sufficit
1738 4775 1808 4818 esse
1823 4757 1855 4820 in
1865 4759 1929 4821 locu

290 4840 431 4919 bruerio,
447 4841 557 4983 Aprili,
573 4843 679 4921 lunio,
695 4847 847 4922 Augusto,
865 4846 1002 4922 Octobri,
1020 4847 1081 4907 De·
1139 4841 1233 4902 etium
1248 4841 1449 4919 vicinissime,
1467 4844 1542 4923 quia
1563 4843 1724 4906 concessio
1746 4844 1824 4908 dicit
1848 4845 1928 4926 apud

287 4921 466 4998 cembri,et
502 4923 1000 5001 eecgratiadicituralternativa.
1138 4927 1319 4996 Ecclesiam,
1350 4929 1440 4990 sicuti
1468 4947 1581 5010 nempe
1607 4935 1716 5010 pastor
1742 4933 1840 4995 debet
1865 4951 1928 4996 esse

223 5045 265 5095 ῃ,
331 5009 391 5090 §E
407 5009 456 5072 Ad
471 5010 689 5072 alternativam
714 5012 894 5074 babendum
915 5017 988 5075 ante
1016 5032 1082 5076 om·
1137 5014 1222 5096 apud
1237 5021 1267 5076 et
1289 5017 1370 5079 inter
1397 5035 1492 5087 oves:
1506 5020 1614 5096 Barb,
1642 5019 1752 5099 Deoff.
1782 5019 1859 5104 Ep..
1875 5021 1925 5084 511.

290 5098 345 5163 aia
357 5099 538 5180 requiritur,
561 5103 596 5162 ut
613 5101 785 5180 Episcopus
807 5121 865 5182 par
886 5101 1005 5164 lit-teras
1028 5122 1081 5184 pa·
1136 5107 1185 5180 53,
1202 5124 1232 5165 5.
1250 5108 1278 5166 1.
1303 5107 1368 5166 lmo
1384 5108 1473 5168 Gara.
1491 5111 1522 5169 et
1536 5109 1677 5188 Castrop.
1695 5111 1809 5188 putant
1823 5115 1928 5173 contra

287 5192 392 5254 antes
414 5188 606 5269 subscriptas
626 5189 658 5250 in
673 5190 801 5252 dioecesi
825 5209 893 5268 sua,
917 5191 1079 5272 sigillatas,
1138 5196 1232 5255 Gonz.
1257 5198 1288 5254 et
1301 5196 1388 5257 Gorr.
1410 5213 1472 5256 555
1488 5195 1630 5257 sufficere
1645 5197 1670 5258 si
1685 5197 1727 5259 sit
1739 5197 1773 5258 iu
1787 5199 1857 5262 loeo
1881 5217 1927 5260 ex·

289 5277 401 5342 missas
415 5277 457 5339 ad
471 5278 1082 5362 1151551555,555551555511551555555-
1137 5285 1241 5360 empto
1256 5282 1338 5344 intra
1350 5283 1522 5362 diaecesim,
1543 5285 1602 5346 nisi
1623 5285 1666 5346 ibi
1681 5291 1765 5349 esset
1783 5287 1825 5349 ad
1844 5305 1928 5348 exer-

289 5365 375 5443 tarit,
391 5369 424 5428 et
436 5366 496 5428 hcc
510 5366 550 5430 sit
563 5367 747 5431 adnotatum
763 5371 880 5446 bomae,
905 5373 973 5432 tum
997 5371 1082 5432 enim
1137 5371 1270 5432 cendam
1291 5371 1542 5451 jurisdictionem
1560 5374 1860 5449 extraordinariam
1877 5373 1926 5436 ad·

291 5456 438 5522 aaran
463 5455 648 5540 approbata,
679 5459 833 5542 Castrcp„
864 5467 887 5520 t.
913 5461 961 5536 13,
991 5457 1021 5521 d.
1048 5463 1077 5538 9,
1137 5459 1265 5523 mittunt
1286 5465 1393 5524 tamen
1416 5462 1491 5524 satis
1516 5479 1584 5524 esse
1603 5462 1629 5526 ai
1653 5462 1739 5526 sitin
1766 5465 1837 5529 loco
1863 5477 1924 5528 sua

1950 4722 1990 4782 tul
