4086 6348
319 531 378 596 736
976 535 1093 604 ulcha
1114 535 1313 614 QUARTUS.

314 737 513 802 eaquesacra
531 721 792 804 confugientibus,
812 724 838 786 si
856 725 973 788 luerint
987 727 1104 807 publici
1160 727 1452 792 teriiscommittcre
1476 747 1539 792 non
1549 735 1709 808 verentur,
1717 727 1771 813 qui
1781 729 1946 810 proditioue

312 809 1106 896 latrones,viarumquegrassatores,quiitinerafre·
1159 819 1338 899 proximum
1366 836 1459 880 suum
1477 818 1678 892 occiderunt;
1705 823 1760 882 aut
1787 820 1946 897 assassiuii,

314 901 476 977 quentata,
490 899 980 982 velpublicasstratasobsident,
996 904 1107 966 aevia·
1160 911 1215 970 aut
1238 905 1383 984 haeresis,
1406 907 1456 968 vel
1479 906 1740 988 leeseeMajestatis
1764 907 1810 968 rei
1830 908 1862 968 in
1884 926 1948 987 per-

313 989 397 1048 tores
408 1007 446 1049 ax
454 988 575 1051 insidiis
590 991 829 1071 aggrediuntur,
840 993 890 1055 vel
904 993 1107 1073 depopulato·
1160 1013 1239 1057 sona
1252 995 1350 1074 ipsius
1369 994 1522 1074 Principis
1543 995 1725 1058 immunitas
1740 997 1950 1058 Ecclesiastico

313 1093 364 1136 res
372 1093 532 1156 agrorum,
545 1079 637 1161 quive
646 1079 1107 1146 homicidiavelmutilationem
1161 1102 1225 1146 nou
1248 1086 1447 1164 suffragetur.
1471 1085 1510 1147 ht
1532 1083 1617 1147 eirea
1635 1085 1704 1148 haro
1725 1085 1866 1149 notanda
1887 1091 1950 1148 suut

258 1237 270 1262 .
313 1163 1108 1252 membromminipsisCoclesiisearumquecoeme-
1161 1190 1251 1253 seqq.

378 1459 705 1525 annumeras
760 1463 1047 1530 EPISGOPUS
1163 1466 1950 1552 praedictorumdelinquentiumalocisimmunibus

1164 1559 1393 1621 observandam
1421 1559 1582 1637 stabilivit,
1612 1564 1643 1622 et
1669 1558 1891 1622 iuviolabiliter
1912 1559 1948 1620 ab

1166 1648 1311 1711 omnibus
1330 1653 1482 1728 perpetuo
1506 1648 1666 1710 observari
1685 1647 1859 1726 mandavit,
1880 1665 1950 1728 que-

353 1915 492 1997 Exque,
522 1916 629 1978 divina
649 1918 834 1998 disponente
863 1919 1039 1998 clementia,
1069 1919 1110 1982 ad
1163 1914 1247 1977 Junii
1262 1914 1461 1993 promulgata
1474 1914 1604 1976 ulterius
1619 1874 1808 1977 continetur.

312 2022 495 2086 supremum
509 2006 647 2068 universi
664 2009 830 2071 Christiani
846 2009 953 2089 populi
969 2010 1110 2089 regimen
1204 2003 1358 2076 Quoniam
1371 2021 1446 2065 vero
1461 2007 1533 2082 post
1542 2003 1659 2065 editam
1672 2002 1851 2084 hujusmodi
1862 2003 1948 2064 Cone

311 2093 463 2172 assumpti
476 2093 603 2171 fuimus,
622 2095 863 2168 considerantes
878 2096 1029 2174 debitum,
1047 2115 1109 2178 quo
1163 2093 1340 2158 titutionem
1355 2092 1395 2154 ob
1409 2093 1513 2154 varias
1534 2095 1703 2154 Doctorum
1719 2110 1790 2153 eam
1804 2091 1951 2169 interpre-

311 2180 595 2261 obstn'ugebamur,
621 2183 844 2262 boclasiarum,
876 2186 1109 2266 sacrorumque
1163 2177 1949 2257 tantiumSententiae,etvariamitidemCuriamm

310 2271 465 2332 Locorum
479 2272 711 2336 lmmuuitatem
731 2281 849 2336 sartam
863 2278 990 2352 tectam,
1009 2275 1108 2338 iuvio-
1163 2270 1453 2334 Ecclesiastiearum
1470 2270 1501 2330 in
1517 2269 1600 2330 illius
1613 2269 1812 2330 exsecutione
1832 2268 1949 2346 praxim

311 2358 419 2436 latam,
436 2360 552 2440 ubique
567 2362 764 2424 custodiendi
774 2363 856 2426 inter
866 2364 1027 2443 graviores
1040 2383 1106 2426 sus·
1163 2357 1350 2438 multiplices
1365 2357 1580 2420 contentiones
1594 2375 1689 2436 super
1703 2375 1791 2434 vero,
1808 2361 1949 2436 rectoque

310 2446 392 2527 cepti
406 2448 748 2527 Apostolicilllinisterii
764 2450 980 2513 curasmerito
996 2471 1107 2515 recen·
1162 2448 1230 2529 ejus
1253 2465 1345 2508 sensu
1370 2447 1452 2509 inter
1473 2445 1703 2523 Ecclesiastico,
1732 2449 1765 2508 et
1788 2444 1950 2508 secularia

310 2533 392 2595 seri:
409 2533 474 2611 diu,
490 2536 686 2618 multumque
700 2539 848 2616 rationes,
868 2557 904 2600 ae
920 2539 1025 2601 media
1044 2544 1107 2602 No·
1162 2535 1344 2599 'tribunalia
1363 2539 1479 2597 exortae
1497 2536 1646 2608 fuerunt;
1667 2534 1872 2614 quamplures
1894 2536 1949 2594 llo-

308 2621 430 2685 biscum
445 2624 621 2704 expendere
637 2645 699 2688 non
715 2627 888 2706 omisimus,
907 2629 1022 2709 quibus
1038 2628 1108 2710 ipsa
1161 2625 1245 2686 mani
1262 2623 1438 2700 Pontifices,
1456 2643 1493 2685 ac
1509 2622 1686 2702 presertim
1700 2621 1760 2701 piae
1775 2640 1870 2682 mem.
1887 2622 1949 2684 Cle-

310 2710 491 2772 immunitas
506 2711 537 2772 in
550 2713 718 2791 pristinum
732 2716 954 2794 venerationis,
972 2722 1003 2781 et
1017 2738 1108 2780 reve·
1161 2733 1250 2777 mens
1264 2715 1317 2790 IX,
1334 2714 1478 2776 Clemens
1493 2715 1519 2775 X
1539 2717 1570 2774 et
1592 2712 1737 2775 Clemens
1759 2713 1812 2789 lll,
1831 2711 1948 2773 Praede·

310 2798 418 2861 rentiae
437 2800 541 2862 locum
565 2803 686 2864 restitui
707 2809 823 2884 posset,
848 2824 885 2868 ac
907 2807 939 2868 in
960 2808 1106 2870 omnibus
1162 2821 1301 2864 cessores
1314 2801 1561 2863 similiternostri
1576 2801 1615 2861 de
1630 2799 1949 2880 praefatiscontentio·

311 2886 401 2950 Orbis
422 2889 588 2951 Catholicis
608 2892 792 2970 regionibus
812 2894 856 2956 ita
874 2896 1104 2974 observaretur,
1161 2888 1948 2969 nibusdilueidacasuumexceptorumexplieationc

310 2975 1106 3062 quemadmodumpriscaillaMajorumNostrorum
1161 2979 1384 3042 submovendis
1398 2998 1460 3040 non
1475 2980 1584 3056 semel,
1602 2977 1883 3057 sicutaeocpimus,
1900 2977 1948 3038 de-

310 3063 485 3144 disoiplina,
503 3069 534 3127 et
553 3071 642 3129 vetus
656 3069 885 3134 canonicarum
902 3072 1106 3135 sanctionum
1160 3069 1344 3146 liberarunt,
1354 3068 1590 3147 facilioremque
1600 3066 1730 3144 insuper
1739 3083 1793 3127 eos
1801 3063 1947 3145 probandi

311 3171 422 3215 norma
440 3155 642 3234 prescripsit.
660 3157 742 3217 Dum
762 3157 830 3220 haec
852 3159 984 3222 sollicito
1000 3159 1106 3222 animo
1161 3163 1193 3219 et
1207 3157 1387 3218 declarandi
1398 3155 1592 3232 methodum,
1605 3160 1641 3217 ut
1655 3154 1798 3237 ejusdem
1814 3151 1947 3235 Gregorii

310 3242 554 3320 revolveremus,
571 3244 602 3304 iu
615 3245 722 3307 oculos
731 3247 869 3325 primum
881 3247 1014 3310 incurrit
1025 3248 1107 3309 cele·
1160 3242 1948 3324 Praedecessorismenspleniusexsecutionideman·

309 3328 375 3391 bris
391 3329 444 3392 illa
458 3331 644 3395 Constitutio
659 3352 678 3394 o
692 3333 744 3396 tel.
765 3354 829 3398 ree.
848 3336 999 3416 Gregorio
1018 3339 1106 3417 Papa
1160 3335 1301 3412 daretur,
1313 3333 1413 3396 Curiis
1421 3331 1648 3395 Ecclesiasticis
1657 3331 1864 3411 praeseribere
1872 3331 1948 3411 cogi·

311 3420 392 3498 xlv,
413 3420 647 3483 Praedecessorc
667 3427 773 3485 nostro
794 3424 889 3502 edita,
907 3443 977 3505 qua
996 3424 1106 3505 incipit
1159 3424 1287 3497 tabant3
1305 3422 1360 3484 sed
1375 3423 1415 3484 ab
1430 3421 1497 3484 aliis
1512 3421 1652 3483 distracti
1667 3421 1761 3498 euris,
1778 3439 1816 3482 ac
1829 3419 1947 3484 interim

310 3509 385 3571 Cum
407 3507 491 3587 elice,
521 3527 584 3590 qua
611 3509 739 3590 quidem
767 3512 992 3575 Constitutione
1020 3513 1105 3574 idem
1159 3515 1260 3575 morte
1274 3511 1437 3591 preventi,
1454 3510 1609 3572 destinata
1628 3511 1781 3590 perficere
1801 3509 1945 3589 nequive-

310 3596 478 3678 Gregorius
491 3600 707 3662 Praedecessor
720 3619 777 3680 pro
792 3601 944 3664 Pastorali
959 3602 1025 3663 zelo
1047 3620 1103 3664 suo
1159 3605 1242 3663 runt.
1261 3601 1340 3662 Hinc
1355 3599 1451 3680 igitur
1473 3603 1529 3676 est,
1548 3597 1633 3679 quod
1647 3615 1704 3658 nos
1718 3597 1847 3659 omnino
1863 3614 1946 3676 eupa-

309 3687 393 3748 huuo
407 3684 511 3766 ipsum
525 3687 556 3748 in
567 3707 697 3768 scopum
707 3689 883 3768 intendens,
896 3691 1060 3754 facultates
1073 3695 1104 3755 et
1160 3689 1226 3750 dire
1241 3688 1439 3765 arbitrantes
1456 3692 1491 3749 ut
1505 3684 1659 3768 ejusmodi
1675 3685 1899 3748 conhoversiis
1915 3685 1946 3744 fi-

309 3775 431 3838 iudulta
444 3794 463 3838 a
477 3776 665 3856 quibusdam
676 3779 824 3842 Romanis
834 3778 1047 3854 Pontificibus,
1066 3795 1104 3839 ao
1159 3778 1206 3840 nis
1221 3775 1390 3857 aliquando
1401 3777 1592 3856 imponatur,
1606 3774 1855 3855 eorumdemque
1871 3777 1945 3836 Pra-

308 3862 484 3943 praesertim
497 3881 517 3924 a
531 3864 563 3926 S.
581 3863 636 3926 Pio
651 3866 689 3944 V,
705 3871 736 3926 et
752 3865 839 3928 Sixto
855 3866 951 3928 etiam
964 3869 1002 3940 V,
1022 3867 1103 3927 Prae-
1158 3869 1358 3929 decessorum
1381 3867 1446 3946 pio,
1468 3869 1563 3945 atque
1584 3863 1701 3926 salubri
1727 3863 1891 3942 proposito
1904 3863 1945 3923 iu·

310 3951 641 4015 decessoribusitidem
652 3954 776 4033 nostris,
787 3954 942 4032 tuncsuis,
955 3972 1104 4016 concessa
1158 3955 1323 4030 haerentes,
1340 3954 1425 4016 Motu
1440 3953 1579 4032 proprio,
1596 3969 1634 4012 ex
1647 3953 1736 4013 certa
1750 3951 1893 4027 scientia,
1911 3965 1944 4010 ac

310 4041 466 4123 aliquibus
480 4041 687 4122 Principibus,
705 4062 878 4126 eorumque
897 4043 1099 4121 officialibus,
1157 4048 1281 4106 matura
1292 4039 1517 4104 deliberatione
1527 4039 1636 4116 nostri,
1649 4039 1753 4120 deque
1761 4036 1944 4118 Apostolica

310 4133 341 4193 et
354 4130 588 4210 Magistretibus
602 4131 798 4210 extrahendi,
818 4151 854 4195 ao
869 4132 1047 4195 abducendi
1061 4133 1102 4194 ab
1157 4129 1319 4211 potcstatis
1346 4126 1552 4208 plenitudiue,
1580 4126 1640 4188 hac
1663 4129 1772 4188 nostra
1798 4127 1944 4206 perpetuo

308 4219 466 4296 Ecclesiis,
485 4219 616 4300 aliisque
635 4220 711 4282 locis
730 4221 922 4283 immunibus
943 4225 1102 4284 certorum
1157 4221 1292 4283 valitura
1318 4216 1556 4306 Constitutione,
1585 4215 1618 4276 in
1646 4215 1757 4294 primis
1786 4213 1945 4294 providam

309 4307 476 4370 criminum
494 4326 576 4376 reos,
603 4313 634 4372 et
654 4309 884 4391 delinquentes,
906 4309 1099 4388 reformavit,
1157 4307 1321 4370 memorati
1335 4306 1476 4388 Gregorii
1491 4302 1736 4367 Praedeccssoris
1750 4301 1944 4367 constitutio

309 4396 552 4479 moderatusque
570 4398 653 4472 fuit;
676 4399 769 4460 simul
788 4403 894 4461 autem
915 4399 1102 4460 delictorum
1157 4417 1229 4460 nem
1244 4415 1316 4459 cum
1330 4397 1485 4473 omnibus,
1502 4393 1672 4474 etsingulis
1684 4393 1716 4453 iu
1732 4411 1769 4454 ea
1784 4391 1942 4466 contentis,

309 4485 594 4566 frequentiae,unde
609 4485 952 4568 publicatranquillitas
966 4488 1101 4549 maxime
1157 4491 1251 4568 atque
1266 4483 1424 4563 dispositis
1438 4482 1629 4562 amplissime
1644 4481 1878 4556 confirmamus,
1894 4497 1944 4558 ap·

308 4575 521 4654 perturbatur,
547 4593 712 4637 occurrere
731 4576 851 4654 volens,
876 4594 913 4638 ac
933 4576 1098 4656 impedire,
1156 4576 1338 4656 probamus
1364 4575 1395 4634 et
1416 4571 1613 4648 innovamus,
1640 4573 1671 4631 ct
1694 4574 1852 4650 quatenus
1872 4583 1943 4646 opus

310 4666 463 4744 quantum
477 4663 601 4742 licebat,
618 4683 657 4724 ue
678 4664 784 4745 aliqua
798 4665 979 4744 gravioraa
996 4664 1101 4745 pravis
1156 4665 1206 4742 sit,
1223 4663 1389 4724 criminum
1404 4660 1497 4722 inilla
1507 4663 1708 4738 exceptorum
1721 4657 1796 4734 reis,
1812 4654 1943 4717 etdeliu·

309 4750 487 4813 hominibus
505 4755 706 4831 patrarentur
726 4752 785 4813 sub
800 4758 887 4816 certa
905 4752 1101 4832 impunitatis
1156 4753 1324 4832 quentibus
1339 4749 1567 4810 immunitatem
1579 4743 1942 4810 Ecclesiasticamsutira·

309 4857 376 4920 spe,
396 4857 490 4920 quam
505 4859 543 4901 ex
556 4841 703 4922 coniugio
724 4842 765 4903 ud
779 4843 848 4904 loca
867 4842 1020 4902 immunia
1042 4841 1100 4902 sibi
1155 4841 1224 4921 gari
1239 4855 1438 4920 nequaquam
1461 4836 1587 4914 debere,
1604 4836 1730 4912 itemm,
1748 4852 1786 4895 ac
1807 4831 1846 4894 de
1868 4847 1940 4892 novo

309 4927 474 5009 parabant,
486 4929 637 4990 nonnulla
646 4928 809 5008 expressit,
823 4933 854 4992 et
865 4929 1031 5008 explicavit
1043 4929 1101 4990 eri·
1156 4928 1364 5003 decernimus,
1375 4929 1404 4988 et
1418 4925 1624 4987 declaramus.
1637 4924 1796 4984 Praeterea
1804 4939 1867 4982 nou
1877 4919 1941 4980 abs·
2023 4979 2024 5018 ,

309 5017 406 5096 mina,
426 5022 457 5081 et
470 5036 571 5094 casus,
590 5017 622 5080 iu
637 5018 750 5097 quibus
770 5019 866 5080 laicos
881 5017 1100 5098 delinquentes
1156 5033 1216 5096 que
1226 5015 1315 5095 gravi
1328 5013 1424 5076 animi
1436 5013 1533 5077 nostri
1542 5012 1649 5074 dolore
1660 5011 1940 5072 animadvertentes

308 5106 527 5168 Ecclesiastico
536 5107 732 5168 immunitate
747 5125 947 5188 nequaquam
960 5107 1099 5187 gaudere
1156 5105 1196 5165 ob
1211 5107 1346 5180 auctam,
1372 5107 1466 5182 atque
1482 5101 1513 5162 iu
1529 5101 1595 5162 dies
1609 5101 1855 5162 invalescentem
1874 5115 1940 5176 per·

308 5195 419 5274 voluit,
436 5200 468 5257 et
481 5195 639 5280 decrevit3
657 5214 693 5258 ac
704 5196 969 5276 insuperJudices
984 5195 1101 5258 consti·
1154 5209 1317 5253 versorum
1331 5189 1493 5252 hominum
1505 5188 1658 5249 malitiam
1674 5205 1769 5268 saepe,
1781 5205 1818 5248 ac
1833 5184 1939 5264 saepius

307 5284 378 5363 tuit,
394 5284 448 5366 qui
462 5283 494 5346 in
510 5285 746 5347 occurrentibus
756 5285 880 5346 casibus
894 5304 935 5346 an
951 5283 1101 5347 delictum
1155 5280 1305 5341 nonnulla
1319 5279 1380 5342 alia
1394 5278 1504 5358 gravia
1518 5277 1651 5338 crimina
1663 5273 1852 5356 perpetrari,
1876 5287 1937 5352 qua

308 5380 391 5437 essct
404 5374 544 5437 neenein
558 5373 1100 5456 eademGregoriauaConstitutione
1155 5372 1218 5432 non
1232 5369 1346 5447 minus,
1363 5386 1458 5449 quum
1472 5367 1525 5429 illa
1538 5367 1571 5427 in
1582 5365 1775 5446 Gregoriaua
1789 5363 1937 5459 Constitu·

308 5467 485 5543 exceptum,
501 5463 910 5543 cognoscere,etdcclararc
924 5462 1097 5536 deberent3
1154 5457 1249 5536 tione,
1274 5461 1309 5518 ut
1328 5455 1503 5536 prefertur,
1520 5456 1661 5534 excepta,
1684 5451 1843 5532 publicam
1858 5465 1935 5529 quie

309 5553 489 5634 certamque
521 5550 648 5614 demum
680 5550 813 5614 formam
842 5549 875 5612 iu
907 5549 1098 5613 extractione
1152 5549 1219 5609 tem
1246 5546 1441 5627 perturbant,
1471 5543 1604 5625 proinde
1631 5541 1672 5604 ad
1696 5536 1935 5624 delinquentium

551 1620 656 1668 SthilS
667 1621 817 1670 subvehunt
832 1624 879 1670 nel
