3992 6336
301 547 359 610 448
889 532 1007 604 LIBER
1024 528 1204 613 TERTIUS,
1228 537 1329 600 PARS
1351 537 1388 600 11.

234 753 277 801 sss
343 731 418 795 fast.
434 728 533 794 Titius
548 744 611 790 non
624 724 720 788 babet
729 723 782 808 jus
796 724 837 788 ad
851 724 1029 788 suasionem
1040 741 1090 785 en·
1147 720 1359 804 ideopocbtor
1372 721 1570 788 domnnall.
1587 723 1605 804 5
1620 727 1649 789 l.
1659 727 1755 808 Vasq.
1774 724 1851 792 dicit
1858 733 1926 793 leuc

303 825 428 885 ternam
451 838 489 882 ex
511 816 567 880 tali
588 816 649 877 dne
673 813 852 894 ponendam
869 834 875 876 :
893 831 970 894 ergo
989 812 1092 873 suasio
1149 809 1186 886 ri,
1198 809 1223 869 si
1239 809 1298 872 boc
1312 812 1503 891 praeviderit,
1518 812 1573 875 sed
1585 814 1637 875 alil
1649 819 1850 895 negantcum
1859 837 1925 880 con·

303 913 436 974 externa
450 925 489 969 ex
503 905 557 967 tali
573 903 634 965 flue
648 904 750 982 posita
765 907 811 964 est
825 902 984 982 injuriosa.
998 903 1092 979 Resp.
1150 897 1255 976 muni,
1276 900 1349 962 ltlol.
1369 901 1482 963 Sancb.
1503 907 1534 962 et
1552 905 1636 965 Lesa.
1656 903 1779 965 etiamsi
1799 905 1927 969 delictum

304 999 338 1061 si
361 1013 473 1059 sensus
494 991 709 1056 antecedentis
724 991 782 1052 sit:
800 990 973 1052 nonhabet
987 989 1039 1070 jus
1055 989 1095 1050 ad
1150 985 1366 1064 commisisset,
1375 987 1489 1068 alioqui
1497 1006 1558 1049 non
1568 990 1857 1053 commissurnsnisi
1865 1012 1929 1073 pra-

303 1082 510 1147 intentionem
539 1081 637 1157 illam,
663 1082 717 1140 aut
738 1078 778 1139 ad
803 1077 863 1139 boc
884 1078 1093 1156 complexum,
1150 1071 1278 1134 vidisset
1292 1091 1325 1134 se
1339 1073 1405 1135 fore
1419 1074 1591 1154 impunem,
1610 1095 1646 1138 eo
1662 1078 1746 1156 quod
1761 1080 1851 1141 alteri
1864 1083 1930 1142 esset

303 1173 388 1255 quod
409 1176 456 1233 est
476 1170 605 1233 intentio
627 1172 657 1231 et
676 1168 795 1246 suasio,
815 1185 842 1230 c.
860 1185 922 1228 non
938 1167 1033 1228 habet
1043 1166 1096 1246 jus
1151 1159 1386 1240 imputandum,
1410 1163 1454 1224 uti
1474 1163 1572 1225 hahet
1590 1166 1677 1245 Lugo
1697 1165 1775 1247 disp.
1794 1169 1829 1246 8,
1849 1188 1875 1230 a.
1888 1171 1927 1232 85.

304 1260 344 1322 ad
359 1259 536 1322 suasionem
550 1263 712 1319 externam
727 1255 901 1318 secundum
914 1273 959 1332 se,
977 1274 1007 1316 n.
1021 1271 1096 1334 ergo
1153 1250 1244 1310 Ratio
1260 1252 1317 1327 est,
1335 1251 1410 1331 qnia
1432 1251 1457 1312 si
1478 1252 1630 1314 damnum
1654 1272 1716 1314 non
1735 1261 1881 1335 sequatur
1899 1276 1928 1318 er

303 1348 406 1410 suasio
422 1351 550 1410 externe
563 1365 602 1406 en
615 1345 668 1408 tali
680 1345 741 1405 fine
751 1343 864 1424 posita,
878 1347 924 1404 est
934 1342 1094 1424 injuriosa,
1152 1343 1276 1416 natura,
1292 1340 1341 1400 vel
1359 1341 1567 1404 communiter
1581 1361 1618 1403 ex
1634 1343 1788 1421 positione
1804 1345 1871 1406 talis
1887 1363 1929 1408 ae·

305 1436 426 1499 ratione
441 1434 594 1497 suasionis
609 1433 782 1496 secundum
799 1451 843 1510 se,
862 1451 892 1494 n.
914 1433 1035 1493 ratione
1050 1432 1098 1492 in·
1153 1425 1256 1503 tiocia,
1273 1427 1328 1487 sed
1344 1446 1380 1488 ex
1392 1428 1579 1507 ignorantia,
1595 1431 1645 1491 vel
1660 1430 1780 1492 malitia
1799 1432 1927 1510 aliorum,

303 1523 461 1602 tentionis,
479 1541 505 1585 c.
523 1523 579 1583 sed
598 1540 660 1584 non
679 1521 750 1584 ideo
777 1527 824 1582 est
842 1520 990 1601 obligatio
1010 1519 1098 1580 resti·
1152 1513 1233 1574 actio
1249 1532 1311 1575 nou
1325 1520 1470 1577 censetur
1484 1517 1573 1579 alteri
1594 1517 1764 1598 injuriosa;
1782 1521 1931 1581 nonenim

304 1609 424 1690 tuendi,
451 1628 523 1672 eum
545 1610 614 1672 haec
638 1613 762 1673 tuntum
785 1613 936 1689 sequatur
951 1608 1099 1690 injuriam
1153 1605 1201 1663 est
1213 1603 1339 1681 proprie
1355 1621 1459 1682 causa,
1477 1604 1535 1666 nisi
1550 1624 1607 1685 per
1621 1604 1767 1667 accidens
1783 1611 1930 1670 ettantun

306 1705 481 1763 externam,
1154 1691 1276 1753 occasio
1292 1690 1373 1753 illius
1389 1692 1507 1772 damni,
1525 1693 1609 1773 quod
1624 1712 1662 1754 ex
1679 1694 1803 1776 justitia
1822 1713 1880 1756 non
1895 1699 1932 1758 te-

237 1811 278 1858 ras
346 1786 442 1868 Objie.
458 1789 489 1848 4.
505 1785 652 1864 Arripere
667 1784 784 1846 librum
798 1785 938 1847 alienum
952 1788 999 1847 est
1017 1783 1097 1847 actio
1154 1783 1247 1840 netur
1269 1778 1440 1860 impedire,
1462 1782 1517 1843 sed
1540 1786 1661 1844 tautum
1688 1800 1726 1844 cx
1745 1783 1891 1861 caritate,
1912 1782 1932 1844 si

305 1881 436 1939 externa
448 1876 488 1937 de
503 1894 536 1936 se
551 1873 741 1952 indifferens,
760 1893 830 1955 qnae
849 1892 906 1953 per
928 1874 1027 1935 solam
1051 1873 1099 1932 in·
1153 1867 1253 1947 possit
1267 1868 1334 1929 sine
1348 1869 1437 1948 gravi
1453 1870 1663 1932 incommodo.

304 1963 477 2028 tentionem
491 1962 526 2025 lit
539 1961 654 2042 injusta
668 1981 675 2036 ;
692 1962 717 2022 si
740 1963 823 2023 enim
838 1962 970 2041 arripias
994 1961 1097 2022 animo
1194 1955 1255 2034 §2
1273 1954 1306 2017 Si
1322 1956 1464 2018 occidam
1478 1958 1605 2036 Titium,
1618 1959 1713 2020 etlam
1732 1957 1892 2022 intendens
1906 1961 1933 2021 ul
1952 1951 1978 1999 ¹⁵⁶

305 2051 441 2128 iurandi,
459 2049 652 2130 estinjusta;
670 2049 1099 2128 siarripiasauimotantum
1156 2044 1216 2105 boc
1245 2042 1448 2106 homicidium
1481 2045 1654 2126 imputetur
1679 2047 1777 2127 Caio,
1814 2049 1932 2128 ideoque

306 2137 505 2219 inspiciendi;
518 2157 581 2199 nou
596 2141 644 2198 est
659 2135 794 2216 injusta:
809 2156 883 2217 ergo
895 2137 1037 2199 similiter
1046 2154 1100 2198 ac·
1156 2132 1248 2193 Caius
1269 2132 1406 2211 patiatur
1430 2133 1556 2210 damna,
1582 2133 1746 2213 probabile
1760 2140 1809 2197 est
1821 2153 1870 2196 me
1882 2151 1933 2195 nou

306 2229 350 2292 tio
365 2232 494 2290 externa
507 2227 547 2287 de
562 2245 595 2286 se
620 2224 802 2287 indifferens
825 2226 940 2305 poterit
962 2226 1030 2287 fleri
1054 2225 1098 2286 in·
1154 2221 1253 2283 teneri
1268 2219 1340 2282 ideo
1356 2221 1525 2306 quicquam
1539 2223 1702 2285 restituere
1713 2223 1800 2301 Gaio,
1812 2223 1883 2304 quia
1894 2239 1934 2282 ae·

303 2316 400 2398 justa,
422 2317 471 2377 vel
493 2333 555 2376 non
571 2311 687 2394 injusta
701 2315 822 2376 ratione
836 2315 933 2376 solius
952 2315 1099 2376 intentio·
1154 2309 1209 2386 tio,
1222 2327 1286 2389 qua
1296 2308 1396 2370 occidi
1406 2311 1532 2388 Titium,
1545 2328 1608 2372 non
1619 2313 1687 2372 erat
1696 2310 1848 2391 injuriosa
1857 2310 1933 2382 eain

307 2405 365 2483 nis,
383 2423 421 2466 ex
435 2421 497 2483 qua
511 2402 647 2481 ponitur.
665 2405 702 2464 R.
720 2405 748 2464 4.
766 2405 866 2465 Haun.
887 2423 918 2464 n.
935 2405 1005 2480 tlt,
1023 2403 1095 2465 dist.
1155 2397 1285 2460 intentio
1314 2405 1419 2461 autem
1447 2417 1519 2461 mea
1541 2418 1613 2461 eum
1637 2399 1864 2461 damnificandi
1883 2416 1934 2460 nou

307 2509 393 2554 cons.
409 2507 485 2570 ergo
500 2489 581 2550 actio
597 2490 725 2549 externa
739 2489 779 2550 de
794 2509 827 2551 se
847 2508 909 2551 non
933 2491 1097 2566 damnosa,
1155 2491 1224 2546 erat
1237 2485 1276 2546 de
1289 2505 1321 2547 se
1337 2487 1498 2550 causativa
1513 2487 1631 2564 damni,
1644 2489 1689 2548 uti
1700 2508 1730 2550 n.
1744 2490 1813 2565 448,
1831 2486 1936 2561 dictum

307 2580 408 2660 qualis
422 2577 503 2638 actio
519 2580 566 2636 est
579 2577 714 2655 arreptio
729 2577 811 2654 libri,
828 2577 943 2657 poterit
960 2577 1028 2637 fieri
1053 2578 1100 2639 in·
1155 2576 1212 2650 esl,
1229 2573 1284 2633 sed
1299 2575 1448 2636 damnum
1463 2578 1606 2637 secutum
1620 2579 1667 2638 est
1682 2595 1720 2637 ex
1731 2594 1838 2638 errore
1848 2573 1936 2636 homi·
1982 2597 1984 2620 ι

304 2668 390 2748 justa
413 2665 533 2726 ratione
555 2664 746 2742 intentionis,
770 2684 797 2727 o.
819 2683 893 2727 nam
912 2665 1033 2728 ratione
1053 2665 1102 2726 in·
1156 2679 1231 2722 num
1254 2663 1306 2742 qui
1328 2682 1367 2724 ex
1389 2663 1576 2744 conjecturis
1599 2664 1795 2745 imputarunt
1817 2660 1936 2726 homici-

307 2751 488 2814 intentionis
515 2753 551 2812 nt
573 2752 725 2814 damnosa
751 2773 758 2815 :
785 2772 859 2833 ergo
884 2772 946 2816 non
973 2757 1020 2816 est
1042 2753 1102 2814 mi·
1157 2749 1244 2811 dium
1266 2750 1359 2825 Caio;
1385 2751 1429 2813 ita
1443 2752 1558 2814 Snnch.
1579 2754 1666 2815 Lesa.
1687 2752 1797 2814 Tamb.
1820 2749 1932 2813 Petseb.

308 2859 399 2918 rum,
424 2839 508 2920 quod
527 2840 648 2903 ratione
663 2840 843 2903 intentionis
857 2843 913 2904 fiat
926 2841 1098 2923 injuriosa:
1153 2857 1223 2919 pop.
1247 2841 1303 2899 l5'l
1326 2839 1440 2919 aliique
1468 2859 1540 2901 cum
1563 2840 1653 2902 Dian.
1674 2860 1747 2923 paq.
1773 2843 1829 2917 ll,
1846 2849 1883 2901 tr.
1906 2841 1935 2914 t,

309 2943 384 3006 ergo
406 2927 485 2987 actio
509 2930 639 2988 externa
659 2925 698 2986 de
719 2945 752 2989 se
772 2929 935 3007 aequaliter
950 2929 1102 2990 damnosa
1156 2924 1194 2987 R.
1212 2929 1261 2988 34.
1278 2928 1422 2990 'lenchor
1436 2934 1541 2992 tamen
1557 2930 1630 2991 Gaio
1645 2930 1798 2992 resarcire
1819 2929 1934 3002 damna,
1983 2917 1984 2932 ¹

309 3033 347 3075 ex
375 3031 574 3094 quacumque
601 3013 772 3077 intentione
800 3017 970 3095 procedat,
1001 3018 1101 3097 qualis
1157 3014 1935 3097 quaeipsedebueriteompensareheredibusnini,

309 3106 357 3164 est
391 3101 544 3164 dissuasio
581 3103 758 3164 testamenti
791 3103 929 3184 alioquin
966 3104 1107 3166 faciendi
1151 3103 1562 3166 utiomnesfateuturcum
1575 3108 1701 3186 Lnga.
1722 3109 1761 3168 84
1780 3109 1937 3168 etcertum

308 3208 365 3270 pro
389 3189 593 3269 Sempronio,
617 3189 733 3268 poterit
755 3190 822 3250 sseri
843 3190 959 3270 injusta
980 3191 1101 3253 ratione
1156 3209 1224 3252 esse
1247 3192 1354 3254 dicunt
1375 3193 1499 3255 Petscb.
1518 3198 1548 3255 et
1562 3194 1676 3256 Dieast.
1701 3193 1737 3256 de
1759 3195 1839 3257 Reae.
1861 3193 1888 3255 d.
1911 3193 1936 3268 3,

309 3278 405 3340 solius
419 3277 616 3354 intentionis,
633 3297 662 3339 n.
690 3295 776 3339 cons.
793 3280 829 3339 n.
846 3281 875 3342 Ξ).
892 3279 1101 3356 permittendo
1157 3297 1187 3338 n.
1213 3281 1268 3355 76,
1292 3280 1366 3359 quia
1380 3280 1510 3342 tenebar
1524 3280 1590 3359 ipse
1606 3299 1644 3342 ea
1657 3282 1774 3343 damna
1796 3279 1938 3343 resarcire

308 3372 427 3440 totum;
441 3365 508 3447 jam
523 3365 607 3426 enim
627 3364 834 3442 ostendimus,
856 3365 999 3444 quamvis
1021 3367 1101 3427 aetio
1158 3364 1336 3428 haeredibus
1350 3367 1422 3429 Titii
1448 3387 1454 3428 :
1480 3387 1555 3448 ergo
1570 3387 1642 3430 cum
1657 3370 1749 3432 Gaius
1764 3369 1823 3431 boe
1838 3365 1938 3430 feeerit
1982 3423 1984 3426 ,

307 3454 433 3515 iuterna
447 3453 486 3513 sit
504 3451 665 3532 injuriosa,
690 3451 715 3511 si
734 3456 839 3513 tamen
859 3471 921 3513 non
940 3454 1102 3532 expleatur
1155 3453 1225 3514 loco
1240 3471 1322 3530 meo,
1339 3455 1471 3517 tenebor
1485 3455 1545 3517 hoc
1560 3473 1764 3536 compensare
1785 3457 1877 3533 Caio,
1892 3456 1940 3515 aut

309 3542 537 3624 peractionem
553 3543 715 3602 externam
730 3539 902 3600 secuudum
921 3559 954 3601 se
974 3539 1103 3620 injurio·
1157 3545 1240 3602 certe
1265 3541 1368 3603 adhuc
1389 3543 1570 3604 immediate
1593 3545 1747 3606 resarcire
1772 3543 1939 3604 heredibus
1982 3551 1984 3620 ξ

310 3648 378 3691 sam
393 3633 424 3691 et
433 3629 632 3705 damnosam,
650 3646 711 3690 non
720 3627 790 3689 ideo
802 3647 870 3690 esse
881 3627 1102 3708 obligationem
1156 3629 1239 3706 Titii,
1256 3635 1292 3690 ut
1313 3629 1344 3690 bi
1369 3631 1442 3694 Caio
1458 3631 1634 3709 restituant,
1662 3632 1747 3712 quod
1769 3631 1874 3693 abillo
1895 3647 1940 3691 ao-
1982 3635 1984 3692 ἶ

309 3716 504 3780 restituendi.
1158 3722 1320 3795 oeperunt.
1982 3773 1984 3788 ,

351 3805 447 3887 Objie.
464 3807 494 3866 5.
521 3805 553 3867 Si
575 3805 678 3868 solatii
699 3823 794 3868 eausa
812 3805 1007 3866 manifestem
1028 3805 1101 3868 Caio
1196 3807 1257 3885 §a
1276 3807 1307 3868 si
1323 3807 1404 3869 actio
1424 3808 1473 3868 vel
1497 3807 1750 3888 circumstantiae,
1767 3828 1844 3890 quas
1859 3803 1939 3889 posui
1961 3803 1984 3876 n}

310 3894 457 3976 injuriam
471 3892 676 3956 mibiaTitio
692 3895 817 3969 factam,
842 3911 903 3953 non
925 3912 1033 3971 pecco,
1057 3891 1101 3953 uti
1157 3895 1233 3956 dnm
1255 3895 1354 3956 occidi
1374 3893 1502 3973 Titium,
1528 3896 1689 3957 moraliter
1709 3896 1900 3958 induxissent
1912 3893 1939 3952 iu

310 3983 432 4043 dicetur
446 4001 476 4042 n.
495 3984 581 4058 1209,
598 3986 737 4043 attamen
747 3999 842 4061 pecco
851 3985 882 4042 et
892 3982 1019 4061 quidem
1029 3999 1102 4042 con·
1157 3982 1394 4062 imputationem
1410 3983 1587 4045 faciendam
1601 3984 1686 4062 Caio,
1703 4006 1734 4047 v.
1751 4006 1782 4066 g.
1796 3986 1820 4048 si
1835 4001 1885 4046 me
1898 3983 1941 4043 in·
1983 3987 1984 4006 ³

310 4075 360 4134 tra
369 4068 534 4150 justitiam,
551 4069 576 4129 si
591 4069 787 4132 manifestem
805 4069 908 4131 animo
930 4067 1101 4129 infamandi
1158 4071 1295 4134 duissem
1309 4071 1447 4133 vestibus
1462 4073 1538 4151 Caii,
1561 4076 1617 4135 aut
1635 4074 1764 4136 fuissem
1784 4093 1857 4136 usus
1879 4071 1939 4152 ejus
1978 4045 1984 4136 ¹:

310 4157 425 4220 Titium
443 4175 449 4217 :
467 4174 541 4234 ergo
557 4160 685 4218 externa
698 4155 779 4218 aetio
794 4159 896 4234 potest
911 4174 979 4217 esse
994 4161 1103 4218 eontra
1156 4161 1273 4240 gladio,
1305 4177 1398 4239 quem
1426 4159 1530 4221 adbuc
1556 4161 1830 4240 sanguinolentum
1857 4173 1941 4238 repo·
1981 4195 1984 4220 ÷

307 4244 461 4326 justitiam
476 4244 595 4306 ratione
611 4243 705 4306 solius
720 4243 898 4306 intentionis
907 4244 1049 4306 interna.
1063 4247 1099 4306 R.
1156 4249 1287 4311 suissem
1303 4247 1333 4308 in
1350 4247 1496 4327 vaginam
1511 4245 1578 4331 ejus
1593 4248 1704 4327 etipse
1728 4250 1800 4310 inde
1821 4247 1939 4310 babitus
1981 4263 1984 4322 ᾗ

311 4336 348 4395 N.
370 4352 444 4396 cons
468 4333 520 4414 qui
543 4331 651 4394 dieunt
670 4333 788 4395 licitum
814 4351 881 4393 esse
901 4333 1101 4395 manifestare
1157 4341 1239 4397 esset
1253 4335 1338 4398 velut
1353 4337 1521 4412 homicida,
1536 4342 1604 4398 tum
1618 4335 1762 4398 fecissem
1781 4337 1873 4399 etiam
1892 4353 1940 4398 ex·

311 4419 797 4502 injuriamsibifaclam,dicunt
816 4425 1054 4501 consequenter,
1075 4421 1100 4482 si
1156 4423 1528 4504 ternaminjuriamdaio
1552 4423 1770 4505 periniquum
1790 4424 1937 4490 fraudem.

311 4509 414 4570 adsint
434 4507 686 4586 circumstantiae,
712 4509 825 4588 quibus
848 4508 907 4570 boc
930 4508 1013 4586 lieet,
1039 4529 1099 4571 non
1157 4511 1291 4591 ideoque
1305 4515 1431 4572 tenerer
1440 4528 1586 4590 reparare
1597 4511 1714 4572 damna
1723 4515 1850 4574 causata
1859 4509 1938 4584 Caio,
1978 4495 1984 4578 4

311 4597 376 4658 fore
392 4598 501 4657 contra
510 4595 664 4674 justitiam
683 4595 885 4658 manifestare
905 4598 999 4658 talem
1020 4597 1102 4678 inju-
1157 4599 1462 4661 utiomnesdocent.
1480 4601 1560 4659 Turn
1578 4601 1842 4662 autemconsetur
1864 4597 1939 4659 actio

311 4685 401 4761 riam,
419 4683 539 4745 etiamsi
554 4684 646 4744 simul
660 4684 785 4745 adesset
798 4684 928 4746 intentio
947 4685 1102 4747 infaman-
1156 4688 1318 4749 moraliter
1330 4687 1460 4747 influere
1479 4687 1511 4747 in
1535 4687 1786 4767 imputationem,
1803 4688 1827 4749 si
1842 4705 1878 4748 en
1892 4685 1940 4746 illa
1982 4743 1984 4748 .

311 4772 354 4850 di,
371 4771 403 4832 id
418 4773 501 4832 euim
515 4772 606 4850 plane
621 4790 678 4850 per
691 4772 836 4834 accidens
852 4777 908 4850 est,
925 4772 1048 4834 sicutisi
1061 4774 1101 4835 ad
1156 4781 1190 4838 ut
1214 4775 1384 4855 plurimum
1407 4779 1557 4854 sequatur
1578 4776 1760 4854 imputatio,
1786 4777 1831 4837 uti
1851 4774 1940 4836 babel
1982 4775 1984 4836 3

312 4859 517 4923 avertendum
535 4860 755 4939 gravissimum
774 4862 892 4922 malum
911 4861 1102 4941 Reipublicae
1156 4869 1242 4928 Less.
1261 4863 1282 4924 l.
1299 4868 1328 4940 2,
1345 4882 1371 4924 o.
1388 4866 1418 4940 9,
1434 4879 1465 4925 a.
1484 4867 1550 4924 444.
1567 4863 1717 4925 bimitant
1735 4863 1855 4926 Petscb.
1873 4861 1892 4924 1.
1910 4862 1938 4936 6,
1982 4861 1984 4938 ξ

311 4948 460 5011 haberem
475 4946 528 5028 jus
546 4948 765 5010 manifestandi
785 4949 995 5028 probitionem
1016 4950 1099 5028 Titii,
1158 4971 1183 5014 e.
1207 4955 1236 5028 4,
1260 4951 1278 5030 ἓ
1298 4953 1325 5028 4,
1349 4969 1380 5011 n.
1402 4953 1432 5026 4,
1454 4949 1512 5010 nisi
1528 4949 1597 5030 quis
1611 4949 1641 5010 in
1658 4948 1814 5029 ejusmodi
1827 4948 1940 5011 actione

311 5056 374 5098 non
396 5053 561 5115 peccarem
581 5042 690 5098 contra
709 5035 874 5117 justitiam,
900 5037 925 5097 si
948 5037 1042 5098 etiam
1064 5057 1103 5098 ex
1157 5045 1263 5102 utatur
1274 5039 1345 5118 jure
1360 5057 1432 5112 suo;
1447 5037 1501 5117 qui
1516 5037 1599 5099 enim
1613 5035 1711 5099 utitur
1720 5037 1793 5118 jure
1806 5055 1875 5110 suo;
1890 5051 1940 5095 ne·

312 5125 405 5202 odio,
435 5123 509 5204 quia
539 5125 637 5187 bostis
669 5143 757 5187 meus
790 5130 872 5185 esset
903 5128 934 5186 et
960 5126 1102 5204 gaudens
1157 5126 1233 5188 mini
1249 5125 1323 5188 facit
1336 5125 1494 5206 injuriam,
1515 5124 1589 5185 licet
1608 5141 1739 5203 peccare
1759 5124 1852 5203 possit
1870 5139 1941 5184 eon·

311 5215 351 5275 de
374 5213 441 5293 ejus
465 5211 603 5290 damnis,
628 5231 698 5274 eam
720 5212 931 5293 proditionem
954 5213 1103 5275 manifes·
1157 5217 1207 5276 tra
1221 5212 1394 5289 caritatem,
1411 5210 1437 5272 si
1460 5228 1573 5292 parum
1598 5209 1720 5273 intersit
1733 5209 1831 5290 ipsius
1847 5207 1938 5270 bieel
1982 5199 1984 5250 l

311 5303 424 5362 tarem.
1157 5320 1240 5363 nuno
1255 5301 1307 5362 tali
1320 5299 1390 5382 jure
1404 5298 1461 5360 uti.

244 5427 287 5475 stt
354 5385 462 5462 Οιιαεί.
479 5388 638 5451 ao.—An
654 5395 783 5449 tencatur
801 5389 962 5458 restituere,
984 5389 1038 5471 qni
1054 5389 1102 5472 so·
1197 5389 1255 5468 §a
1277 5388 1309 5450 Si
1331 5388 1467 5450 cadaver
1484 5385 1557 5448 Titii
1570 5384 1663 5448 occisi
1679 5403 1795 5466 ponam
1809 5385 1876 5446 ante
1889 5379 1939 5441 do-

313 5473 351 5536 er't
365 5474 490 5556 oltpoid,
507 5473 586 5555 quod
600 5473 796 5556 imputabitur
809 5475 908 5554 alteri,
924 5477 951 5539 si
964 5475 1012 5539 laic
1026 5475 1104 5540 oller
1160 5496 1247 5540 mum
1262 5477 1337 5555 Caii,
1350 5475 1514 5539 intendens
1529 5477 1564 5536 ut
1577 5475 1651 5538 Gaio
1666 5473 1836 5555 imputetur
1847 5465 1940 5532 homi·
