4120 6348
320 489 381 552 560
975 487 1090 552 LIBER
1111 489 1307 562 QUARTUS.

318 677 416 738 latum
431 683 478 740 est
492 678 523 738 in
538 695 626 740 mora
639 677 714 738 olim
729 677 841 756 posita,
856 678 915 738 bac
928 680 1111 755 tempestate
1167 678 1322 737 Locorum
1336 673 1493 737 Ordinurii
1508 672 1706 752 vigilantiam
1720 691 1813 735 suam
1836 670 1967 734 deside·

300 765 514 844 absoleverit,
545 771 576 828 et
603 786 623 826 a
657 768 736 828 Foro
766 765 942 838 recesserit;
973 770 1111 826 attamen
1165 764 1228 824 rari
1256 763 1512 842 conpatiuntur.
1539 760 1718 822 Ferendum
1749 759 1870 841 quippe
1900 777 1965 820 non

316 850 488 931 Episcopus
504 855 550 933 (ut
562 855 678 916 dietum
694 853 750 932 est)
766 855 791 914 si
808 873 844 913 ex
862 871 956 916 carisa
971 853 1031 913 sibi
1045 857 1111 913 tau·
1166 857 1258 929 esset,
1275 852 1316 912 ad
1332 852 1427 913 nostri
1443 851 1646 930 Apostolatus
1660 849 1804 912 auditum
1820 867 1923 910 novas
1933 849 1964 908 in

316 941 394 1016 tum,
411 944 442 1000 et
457 959 518 1002 non
533 941 601 1002 aliis
616 946 699 1016 nota,
723 959 792 1019 quae
815 947 920 1002 tamen
942 941 1110 1020 approbari
1166 941 1249 1001 diem
1265 940 1378 1001 deferri
1395 941 1551 1021 querelaS,
1568 958 1605 1000 ac
1619 937 1859 1000 summovendis
1883 938 1965 1000 abu·

315 1025 411 1104 digna
426 1027 474 1102 sit,
494 1029 666 1090 Ecclesiam
690 1028 873 1101 eurrtulcrit;
899 1029 985 1089 illam
1007 1028 1110 1090 ludici
1165 1030 1251 1090 sibus
1275 1045 1372 1090 novas
1396 1029 1557 1107 implorari
1582 1029 1668 1108 leges
1694 1027 1734 1088 nb
1758 1027 1808 1104 iis,
1826 1027 1884 1107 qui
1895 1025 1963 1107 jem

314 1114 550 1191 AppellationiS,
567 1115 648 1176 datis
662 1119 783 1176 secreto
802 1115 924 1192 litteris,
942 1115 1111 1176 denunciet
1164 1117 1358 1197 praestiturus
1373 1118 1537 1196 negligunt
1551 1120 1583 1178 ct
1596 1120 1811 1178 contemnunt.

316 1207 347 1261 et
363 1202 495 1279 aperiat.
521 1204 627 1265 Sciant
649 1222 742 1282 porro
766 1203 905 1275 ludices,
932 1203 1051 1265 delatas
1069 1205 1109 1265 ab
1204 1229 1217 1262 n
1237 1207 1370 1268 Demum
1384 1223 1455 1266 eum
1473 1222 1534 1266 non
1557 1223 1629 1266 raro
1653 1203 1827 1282 contingat,
1856 1202 1962 1264 Eccle-

315 1289 468 1368 Episcopo
494 1310 616 1368 causas,
640 1298 671 1352 et
694 1292 830 1352 rationes
855 1291 1041 1352 inviolabilis
1063 1311 1107 1353 se·
1163 1289 1962 1372 siasParoclriales,Dignitates,Canonicatus‚alia-

314 1376 390 1436 creti
411 1377 473 1437 fide
497 1397 566 1440 csse
590 1379 831 1450 custodiendas;
858 1397 915 1439 neo
942 1380 1110 1458 parvipen-
1164 1398 1224 1459 que
1240 1380 1407 1456 beneficia,
1425 1381 1540 1442 Curam
1554 1378 1732 1440 animarum
1747 1377 1918 1458 babentiaf,
1942 1398 1961 1439 a

314 1465 453 1526 dendum
465 1485 532 1527 esse
549 1467 760 1529 testimonium
781 1468 864 1528 illius
884 1468 1032 1544 Pastoris,
1059 1467 1108 1530 eui
1165 1469 1245 1530 Sede
1260 1467 1440 1545 Apostolica
1454 1486 1522 1528 esse
1537 1467 1743 1540 conserenda3
1757 1466 1807 1526 vel
1819 1465 1896 1547 quia
1908 1485 1961 1527 va-

240 1585 251 1605 ·
313 1552 423 1614 Divino
438 1555 606 1616 mandatur
621 1556 759 1635 eloquio,
776 1558 856 1617 Oves
872 1575 945 1616 suas
960 1574 1108 1634 agnusce—
1163 1557 1303 1618 eaverint
1318 1556 1350 1616 in
1364 1555 1524 1617 mensibus
1544 1554 1723 1630 reservatis,
1743 1554 1793 1616 vel
1821 1553 1900 1634 quia
1923 1573 1958 1616 ex

313 1660 357 1702 re.
383 1643 487 1702 Facile
512 1643 595 1704 enim
615 1644 700 1704 credi
727 1663 789 1704 non
806 1650 920 1723 potest,
936 1644 1108 1722 Episcopus
1162 1641 1224 1704 alio
1248 1641 1349 1720 capite
1376 1641 1467 1702 dietae
1493 1641 1568 1702 Sedi
1592 1645 1753 1702 reservata
1777 1639 1844 1701 sint
1860 1661 1876 1702 ε·
1898 1643 1959 1702 Nos

296 1730 1108 1811 ¹suvranonmiuus,quamalienresalutisadeoirn·
1163 1731 1435 1792 Praedeeessorum
1471 1732 1656 1792 Nostrorum
1690 1729 1834 1808 vestigiis
1862 1730 1958 1792 iubae

312 1834 478 1892 memores,
503 1823 537 1880 ut
560 1837 622 1880 non
646 1819 786 1879 deterriti
808 1819 910 1880 Divini
926 1821 1108 1880 intermina·
1163 1824 1268 1880 rentes
1283 1817 1492 1898 praecipimus,
1510 1825 1541 1881 et
1554 1818 1753 1894 mandamus,
1771 1823 1805 1877 ut
1826 1835 1891 1878 unu
1909 1818 1958 1879 vel

311 1903 396 1966 tione
418 1907 532 1967 ludicii
557 1908 640 1984 odio,
668 1908 718 1967 vel
736 1908 843 1968 latore
859 1915 1060 1979 mercantum
1077 1913 1108 1970 et
1161 1907 1259 1966 altero
1273 1907 1437 1982 eveniente
1452 1924 1537 1982 casu,
1554 1907 1730 1972 Concursus
1743 1905 1784 1966 ab
1799 1907 1956 1986 Episcopo

311 1986 343 2050 in
359 1998 526 2057 Sacrorum
541 2000 703 2058 canonum
729 1996 921 2074 singularem
944 1996 1104 2076 injuriam,
1161 1994 1227 2054 sine
1242 1993 1304 2054 ullo
1327 1993 1506 2068 discrimine
1521 1993 1687 2069 indicatur,
1705 1993 1791 2054 nulla
1806 1991 1849 2053 ad
1873 1991 1956 2054 bunc

310 2079 538 2148 decantaturam
553 2083 669 2151 bonum.
692 2084 796 2144 tonum
820 2084 945 2162 rnatum,
972 2094 1107 2166 ponentes
1161 2088 1267 2143 actum
1282 2082 1378 2160 petita
1401 2081 1503 2157 venia,
1527 2081 1575 2141 vel
1599 2080 1736 2156 lieentia,
1763 2097 1862 2160 quam
1879 2081 1955 2139 Nos-

294 2169 442 2231 .tcncln·ue
452 2171 554 2248 lacem,
571 2182 598 2234 ct
613 2173 704 2234 lucem
719 2173 859 2234 tenebras.
1161 2171 1217 2232 tris
1232 2169 1316 2230 hisce
1331 2168 1442 2230 litteris
1457 2169 1515 2229 sibi
1531 2169 1682 2230 tributam
1696 2167 1845 2247 Episcopi
1867 2167 1955 2228 intel·

293 2302 297 2308 .
350 2279 364 2314 n
384 2257 416 2319 Si
432 2277 506 2320 vero
522 2261 674 2340 Episcopo
690 2260 748 2323 fuit
761 2266 907 2340 suspecta
918 2259 996 2322 fides
1019 2264 1036 2325 J
1041 2261 1106 2323 udi·
1159 2258 1267 2338 ligant.
1287 2259 1438 2320 Absolute
1453 2259 1623 2335 Concursu,
1640 2257 1666 2318 si
1681 2275 1732 2317 res
1746 2258 1788 2318 sit
1802 2256 1844 2316 de
1859 2257 1954 2318 Beue-

311 2344 366 2422 eis,
382 2345 423 2406 ad
439 2365 533 2425 quem
547 2347 742 2427 appellatum
755 2355 812 2425 est,
829 2367 887 2410 nec
903 2349 1005 2410 eidem
1019 2370 1106 2412 reve·
1159 2347 1237 2408 liciis
1252 2347 1383 2422 CuratiS,
1400 2365 1467 2428 quae
1482 2355 1597 2407 tautum
1608 2345 1729 2406 'ratione
1742 2345 1895 2406 diensium
1910 2363 1954 2406 re·

295 2434 405 2496 landa
430 2437 585 2496 censuerit
609 2437 788 2518 hujusmodi
812 2439 935 2500 occultu
948 2441 1105 2500 rationum
1158 2444 1271 2498 seccato
1284 2437 1357 2513 sint,
1373 2437 1545 2514 Episcopus
1560 2435 1641 2496 inter
1654 2434 1850 2514 approbatos
1861 2434 1954 2514 eligat

310 2529 470 2586 momenta
486 2545 492 2586 :
510 2525 566 2585 lllo
580 2527 733 2606 significet
747 2528 875 2589 secretis
890 2528 999 2590 litteris
1015 2530 1047 2590 S.
1065 2531 1101 2589 ll.
1159 2526 1260 2604 nragis
1287 2524 1449 2602 ldoneum,
1479 2529 1511 2587 et
1537 2523 1672 2585 Datariae
1701 2521 1872 2602 significet,
1899 2539 1952 2582 nee

310 2611 345 2672 E.
362 2611 518 2677 Cardinnli
534 2615 684 2676 Praefecto
699 2635 755 2694 pro
771 2621 911 2695 tempore
927 2620 1103 2696 Corrgrega·

310 2698 403 2760 tionis
417 2700 556 2777 Concilii,
573 2703 626 2781 qui
648 2722 705 2764 nee
727 2705 867 2783 consilio,
892 2723 950 2766 nee
969 2705 1103 2765 auctori-

310 2790 373 2845 tate
398 2786 509 2865 deerit,
527 2791 693 2868 quominus
710 2811 729 2852 a
744 2793 854 2853 iudice
874 2793 1102 2872 Appellationis

311 2872 435 2934 debitus
445 2873 575 2953 justitiae
590 2877 677 2938 locus
691 2879 860 2941 tribuatur.

349 2962 538 3021 »Praeterea
562 2964 636 3043 quia
656 2965 795 3045 aequitati
823 2968 918 3028 etiam
942 2970 1100 3046 convenit,

310 3049 426 3110 Causas
450 3051 806 3133 appellationumque
827 3074 941 3135 magno
963 3057 1102 3136 Litigan·

309 3136 388 3196 tium
402 3136 577 3216 dispendio,
594 3147 625 3203 et
639 3143 786 3203 Ecclesia
811 3143 949 3222 pernicie
973 3145 1102 3206 immor-

309 3225 387 3287 tales
402 3227 590 3307 quaudoque
605 3230 750 3306 existunt,
768 3239 885 3311 quanta
902 3232 975 3309 :fieri
999 3237 1102 3312 potest

309 3311 462 3373 brevitate
488 3317 649 3378 terminari
680 3337 687 3378 :
718 3317 835 3380 idcirco
865 3319 917 3380 ubi
945 3321 1100 3382 uJudice

310 3401 536 3480 appellationis
551 3403 615 3464 lata
628 3405 669 3466 sit
683 3405 856 3482 Sententia,
874 3425 943 3484 quac
954 3409 1100 3486 praeelec-

308 3489 387 3550 tioni
401 3489 491 3552 luctae
505 3491 545 3552 ab
559 3491 713 3571 Episcopo
729 3495 855 3554 ornnino
866 3495 906 3554 sit
916 3495 1096 3572 conformia,

310 3577 412 3638 nullus
439 3583 547 3656 pateat
571 3599 661 3642 novae
680 3581 889 3660 Appellationi
912 3583 1025 3660 aditus,
1043 3585 1099 3645 sed

309 3665 494 3728 auctoritate
525 3667 578 3728 llei
603 3668 752 3748 judicatae
781 3671 1001 3732 controversiae
1028 3671 1099 3732 linis

308 3753 499 3833 imponatur.
517 3756 572 3818 Sin
588 3775 661 3820 vero
675 3758 777 3820 ludex
797 3758 1022 3837 appellationis
1042 3761 1099 3821 ali-

308 3847 479 3922 tanquam
502 3845 685 3906 Ordinarius
713 3847 980 3924 pronuntiaverit;
1006 3847 1099 3912 liceat

309 3931 477 3992 Praeeleeto
499 3933 539 3992 ub
561 3934 726 4012 Episcopo,
744 3934 796 4014 qui
811 3936 910 3996 Causa
923 3935 1045 4013 cecidit,
1057 3937 1098 3997 ad

309 4019 405 4079 alium
419 4020 437 4080 J
442 4020 565 4081 adicem
579 4023 747 4099 appellare,
764 4023 896 4084 firmiter
910 4022 1036 4085 interim
1050 4043 1097 4086 re·

308 4111 396 4168 teuta
409 4109 600 4171 Parocbialis
614 4111 760 4172 Ecclesiae
785 4113 989 4190 possessione.
1015 4116 1098 4175 Tan-

309 4193 381 4255 dem
396 4203 563 4275 postquum
576 4198 686 4259 tertius
700 4217 826 4279 quoque
839 4201 942 4262 ludex
966 4203 1097 4264 Senten-

308 4282 385 4345 tiam
399 4283 522 4361 dixerit,
539 4303 578 4345 ue
593 4288 700 4348 Partes
716 4287 943 4350 ultramodum
962 4309 1097 4370 graven-

308 4374 360 4432 tur
378 4371 548 4450 laboribus,
562 4361 607 4436 'et
629 4376 783 4453 expensis,
809 4378 995 4456 praesertim,
1022 4380 1097 4458 quia

285 4505 290 4514 .
309 4458 414 4535 agitur
426 4457 465 4520 de
479 4461 560 4522 Cura
574 4463 760 4540 animarum,
775 4465 824 4524 cui
835 4463 1020 4526 damnosum
1037 4471 1093 4545 est,
1137 4513 1141 4518 .

309 4547 385 4608 certi
407 4550 543 4611 Pastoris
568 4551 694 4613 destitui
715 4553 843 4626 solatio;
872 4553 898 4614 is
920 4554 1095 4634 legitimum

308 4636 455 4712 regendae
470 4639 616 4700 Ecclesiae
629 4639 685 4718 jus
700 4640 850 4717 obtineat,
867 4641 916 4702 eui
931 4642 1001 4703 duae
1023 4663 1095 4705 con·

283 4720 423 4794 ‚lormes
447 4728 598 4788 assistunt
621 4728 803 4806 Sententiae,
821 4749 878 4790 nec
894 4731 990 4804 ullum
1006 4750 1094 4794 novae

307 4809 535 4888 Appellationis
549 4816 724 4878 remedium
748 4820 964 4882 succumbenti
984 4823 1095 4882 sullra-

307 4901 408 4976 getur.

347 5010 361 5045 u
381 4990 435 5053 ilis
449 5013 524 5055 sane
540 4995 666 5074 regulis,
683 4997 827 5075 quamvis
842 4997 1018 5075 Appellatio
1042 5018 1094 5060 su-

306 5075 393 5136 blata
407 5101 468 5144 non
484 5084 533 5159 sit,
551 5086 625 5147 satis
639 5090 744 5146 tamen
760 5085 913 5164 praesidiis
933 5104 1093 5166 comparu-

307 5168 374 5225 ium
388 5189 455 5234 esse
469 5173 659 5235 arbitramur
672 5173 896 5235 Ecclesiasticau
908 5173 1090 5252 disciplinae,

307 5283 343 5326 ae
358 5266 442 5324 recto
457 5263 667 5340 gerendarum
683 5281 787 5324 rerum
801 5261 914 5323 ordini.
930 5263 1032 5322 Unum
1043 5282 1092 5324 su-

305 5356 421 5430 perest,
448 5355 483 5413 ut
505 5353 666 5432 proposita
684 5352 835 5414 haetenus
858 5351 964 5414 media
978 5351 1091 5415 debitae

307 5439 479 5522 executiopi
501 5441 708 5518 mandentum
738 5459 873 5524 eumque
901 5439 933 5501 in
961 5457 1091 5521 scopum

1158 2618 1237 2676 Acta
1266 2616 1441 2675 Concursus
1469 2612 1671 2688 transmittat,
1697 2611 1791 2672 nisia
1812 2611 1949 2685 Dataria,

1158 2695 1230 2762 c'um
1246 2701 1276 2762 id
1291 2707 1503 2780 opportunum
1518 2700 1654 2774 duxerit,
1666 2698 1883 2780 requirantur.
1900 2698 1949 2762 Sin

1157 2809 1231 2851 vero
1247 2789 1505 2866 dictaBeuesrcia,
1518 2788 1631 2869 quibus
1641 2791 1723 2850 Cura
1733 2786 1881 2849 imminet
1890 2786 1949 2848 ani-

1157 2895 1292 2952 murum,
1312 2896 1345 2938 ex
1369 2875 1430 2936 ulio
1452 2877 1555 2958 quouis
1577 2876 1682 2958 capite,
1705 2895 1795 2957 quum
1810 2875 1948 2936 meusium

1156 2965 1405 3046 Apostolicorum
1423 2967 1454 3027 S.
1473 2965 1545 3028 Scdi
1556 2971 1717 3027 reservata
1728 2964 1806 3036 siot;
1822 2965 1949 3026 Eusene

1157 3073 1241 3131 casu,
1267 3055 1364 3116 veteri
1388 3074 1449 3116 non
1475 3055 1640 3116 immutato
1668 3069 1768 3128 more,
1794 3050 1949 3114 abstineat

1156 3142 1328 3222 Episcopus
1342 3161 1361 3202 a
1376 3142 1505 3204 serendo
1521 3141 1661 3221 Digniori
1673 3140 1806 3220 judicio,
1827 3145 1861 3202 et
1874 3145 1948 3202 Aeta

1155 3233 1332 3293 Concursus
1350 3231 1429 3292 ultro
1444 3231 1579 3292 Datariae
1595 3230 1751 3290 exhibeat.

1194 3341 1209 3378 n
1228 3320 1347 3381 Licebit
1359 3323 1462 3381 tamen
1478 3317 1661 3394 Ordinariis,
1679 3334 1735 3396 pro
1750 3315 1946 3378 suoarbitrio

1153 3407 1359 3470 fnnriliaribus
1374 3408 1484 3470 litteris
1499 3407 1626 3469 Datario
1641 3404 1764 3484 scriptis
1775 3405 1882 3466 eidem
1896 3405 1947 3465 de-

1154 3498 1304 3558 nunciare
1327 3500 1507 3574 Personam,
1526 3515 1621 3576 quam
1651 3498 1780 3556 censent
1800 3494 1946 3573 regendae

1153 3587 1299 3648 Ecclesiae
1314 3585 1414 3664 magis
1428 3583 1798 3663 idoneam'eumdcmque
1809 3601 1947 3644 comme

1154 3693 1239 3749 nere,
1256 3693 1296 3734 an
1314 3672 1434 3734 occulta
1448 3671 1565 3752 aliqua,
1582 3674 1613 3732 et
1627 3670 1658 3730 in
1673 3670 1759 3732 Actis
1770 3669 1859 3750 juste
1878 3669 1945 3730 reti·

1154 3761 1216 3821 cita
1239 3760 1339 3822 subsit
1359 3779 1465 3836 causa,
1481 3777 1552 3838 quae
1566 3759 1703 3838 cuipiam
1718 3759 1823 3820 obstet
1837 3757 1880 3818 ad
1890 3761 1944 3820 Bc·

1153 3849 1297 3910 nalicium
1313 3850 1462 3911 Curatum
1477 3848 1693 3911 obtinendum.
1709 3849 1772 3908 Nos
1787 3847 1849 3926 ipsi
1863 3853 1944 3926 post·

1153 3937 1280 3998 modum
1296 3937 1336 3999 ab
1351 3938 1409 3998 lrae
1424 3937 1506 4000 Sede
1520 3935 1661 3998 omniurn
1671 3935 1830 4014 Principe,
1844 3937 1942 3998 etlla·

1151 4026 1260 4103 gistra,
1277 4025 1434 4086 luculento
1449 4023 1652 4086 edocebimus
1666 4022 1811 4100 exemplo
1837 4023 1941 4103 quanti

1140 4114 1331 4175 ¹faciendum
1346 4115 1385 4175 sit
1408 4113 1592 4192 Episcopale
1617 4111 1785 4192 judicium,
1813 4115 1940 4192 quanto·

1152 4223 1213 4282 que
1236 4203 1355 4264 bonore
1378 4219 1618 4282 prosequamur,
1646 4201 1724 4262 Ven.
1748 4201 1887 4275 Fratres,
1911 4199 1939 4258 iu

1151 4295 1274 4367 partem
1288 4293 1407 4352 Nostrae
1422 4288 1639 4351 sollicitudinis
1657 4291 1818 4364 evocatos,
1831 4287 1938 4368 quibus

1151 4378 1275 4439 interim
1289 4378 1501 4446 apostolicam
1511 4377 1938 4456 Benedictionemperaman·

1150 4471 1198 4527 ter
1212 4466 1417 4544 impertimur.

1189 4578 1203 4612 n
1223 4557 1336 4616 Dutrrm
1352 4558 1457 4617 ltornar
1472 4555 1556 4634 apud
1572 4557 1721 4617 Sanctum
1731 4553 1865 4616 Mariam
1877 4553 1936 4614 lla·

1146 4642 1250 4721 joram
1273 4642 1323 4703 die
1353 4647 1389 4704 li
1410 4642 1590 4704 Decembris
1615 4645 1711 4715 17le
1736 4642 1936 4704 Pontificatus

1150 4731 1251 4792 Nostri
1268 4734 1358 4792 Anno
1373 4731 1476 4792 tertio.

1188 4821 1266 4898 §PE
1291 4819 1376 4880 Trid.
1398 4838 1494 4898 supra
1512 4819 1600 4881 addit
1621 4839 1626 4880 :
1651 4826 1827 4897 caveantque
1851 4817 1936 4896 (Exa-
1957 4863 1989 4908 m

1149 4907 1329 4986 minatores)
1342 4927 1378 4968 uc
1396 4907 1556 4990 quidquam
1567 4927 1689 4989 prorsus
1701 4905 1936 4986 occasionelrujus

1148 4995 1300 5062 erorninis,
1316 5015 1368 5056 nec
1382 5003 1460 5073 aute,
1476 5015 1527 5056 nce
1539 5004 1603 5077 post
1626 4995 1780 5076 accpeiant,
1806 4994 1935 5076 alioquin

1147 5085 1279 5146 simonia}
1294 5085 1408 5153 vitrico,
1424 5094 1483 5146 tom
1497 5085 1562 5167 ipsi,
1601 5103 1689 5166 quam
1708 5083 1767 5144 ulii
1779 5083 1880 5144 dantes
1892 5083 1935 5142 in·

1147 5182 1279 5241 eumont,
1296 5193 1387 5254 equo
1401 5173 1514 5234 absolui
1526 5181 1682 5254 nequeant,
1697 5169 1933 5232 nisidnnr'snste

1146 5261 1268 5343 ncficb’s,
1285 5281 1350 5344 qaoe
1363 5261 1617 5344 quomodocunque
1630 5261 1718 5322 etiarn
1731 5271 1817 5320 anteo
1830 5258 1931 5320 obtine·

1146 5350 1225 5419 bont,
1241 5359 1268 5412 et
1282 5350 1322 5414 ud
1333 5350 1395 5410 alra
1409 5351 1439 5410 in
1454 5360 1604 5432 posterum
1618 5348 1748 5410 ubodiles
1762 5346 1926 5410 reddantur.

1146 5441 1189 5501 Ex
1206 5441 1266 5502 hoe
1280 5440 1349 5502 loco
1363 5439 1491 5520 deducit
1505 5459 1577 5502 eum
1593 5438 1662 5502 aliis
1676 5437 1772 5516 Bnrb,
1798 5456 1817 5500 a
1837 5457 1867 5500 n.
1882 5438 1926 5514 79,
