<?xml version="1.0" encoding="UTF-8"?>
<!DOCTYPE html PUBLIC "-//W3C//DTD XHTML 1.0 Transitional//EN"
    "http://www.w3.org/TR/xhtml1/DTD/xhtml1-transitional.dtd">
<html xmlns="http://www.w3.org/1999/xhtml" xml:lang="en" lang="en">
 <head>
  <title>
</title>
<meta http-equiv="Content-Type" content="text/html;charset=utf-8" />
  <meta name='ocr-system' content='tesseract 3.04.00' />
  <meta name='ocr-capabilities' content='ocr_page ocr_carea ocr_par ocr_line ocrx_word'/>
</head>
<body>
  <div class='ocr_page' id='page_1' title='image "./theologiamorali01busegoog/theologiamorali01busegoog_0551.png"; bbox 0 0 4120 6348; ppageno 0'>
   <div class='ocr_carea' id='block_1_1' title="bbox 584 355 654 456">
    <p class='ocr_par' dir='ltr' id='par_1_1' title="bbox 584 355 654 456">
     <span class='ocr_line' id='line_1_1' title="bbox 584 355 624 413; baseline 0 0"><span class='ocrx_word' id='word_1_1' title='bbox 584 355 624 413; x_wconf 54' lang='lat' dir='ltr'>‘x</span> 
     </span>
     <span class='ocr_line' id='line_1_2' title="bbox 626 418 654 456; baseline 0 0"><span class='ocrx_word' id='word_1_2' title='bbox 626 418 654 456; x_wconf 63' lang='lat' dir='ltr'>x</span> 
     </span>
    </p>
   </div>
   <div class='ocr_carea' id='block_1_2' title="bbox 617 459 1242 598">
    <p class='ocr_par' dir='ltr' id='par_1_2' title="bbox 617 459 1242 598">
     <span class='ocr_line' id='line_1_3' title="bbox 617 459 1242 598; baseline -0.04 -18"><span class='ocrx_word' id='word_1_3' title='bbox 617 459 747 598; x_wconf 38' lang='lat' dir='ltr'>Dap„</span> <span class='ocrx_word' id='word_1_4' title='bbox 787 487 1242 593; x_wconf 59' lang='grc'><strong>’611666666666666</strong></span> 
     </span>
    </p>
   </div>
   <div class='ocr_carea' id='block_1_3' title="bbox 113 721 869 810">
    <p class='ocr_par' dir='ltr' id='par_1_3' title="bbox 113 721 869 810">
     <span class='ocr_line' id='line_1_4' title="bbox 113 721 869 810; baseline -0.003 -23"><span class='ocrx_word' id='word_1_5' title='bbox 113 723 166 810; x_wconf 91' lang='lat' dir='ltr'>qui</span> <span class='ocrx_word' id='word_1_6' title='bbox 190 723 271 787; x_wconf 87' lang='lat' dir='ltr'>dicit</span> <span class='ocrx_word' id='word_1_7' title='bbox 287 721 404 786; x_wconf 90' lang='lat' dir='ltr'>institui</span> <span class='ocrx_word' id='word_1_8' title='bbox 423 721 538 785; x_wconf 87' lang='lat' dir='ltr'>debere</span> <span class='ocrx_word' id='word_1_9' title='bbox 553 741 610 804; x_wconf 90' lang='lat' dir='ltr'>per</span> <span class='ocrx_word' id='word_1_10' title='bbox 624 730 822 788; x_wconf 81' lang='lat' dir='ltr'>exsecutores</span> <span class='ocrx_word' id='word_1_11' title='bbox 836 741 869 804; x_wconf 77' lang='lat' dir='ltr'>p.</span> 
     </span>
    </p>
   </div>
   <div class='ocr_carea' id='block_1_4' title="bbox 113 814 909 892">
    <p class='ocr_par' dir='ltr' id='par_1_4' title="bbox 113 814 909 892">
     <span class='ocr_line' id='line_1_5' title="bbox 113 814 909 892; baseline -0.005 -14"><span class='ocrx_word' id='word_1_12' title='bbox 113 836 197 891; x_wconf 88' lang='lat' dir='ltr'>cum,</span> <span class='ocrx_word' id='word_1_13' title='bbox 224 815 266 876; x_wconf 89' lang='lat' dir='ltr'>ab</span> <span class='ocrx_word' id='word_1_14' title='bbox 289 814 479 892; x_wconf 80' lang='lat' dir='ltr'>Imperatore</span> <span class='ocrx_word' id='word_1_15' title='bbox 506 833 577 874; x_wconf 91' lang='lat' dir='ltr'>eum</span> <span class='ocrx_word' id='word_1_16' title='bbox 606 815 790 876; x_wconf 88' lang='lat' dir='ltr'>auctoritate</span> <span class='ocrx_word' id='word_1_17' title='bbox 815 816 909 892; x_wconf 79' lang='lat' dir='ltr'>Papae</span> 
     </span>
    </p>
   </div>
   <div class='ocr_carea' id='block_1_5' title="bbox 114 901 826 984">
    <p class='ocr_par' dir='ltr' id='par_1_5' title="bbox 114 901 826 984">
     <span class='ocr_line' id='line_1_6' title="bbox 114 901 826 984; baseline -0.003 -18"><span class='ocrx_word' id='word_1_18' title='bbox 114 903 313 978; x_wconf 81' lang='lat' dir='ltr'>constitutae,</span> <span class='ocrx_word' id='word_1_19' title='bbox 330 901 368 962; x_wconf 92' lang='lat' dir='ltr'>dc</span> <span class='ocrx_word' id='word_1_20' title='bbox 384 901 498 981; x_wconf 88' lang='lat' dir='ltr'>quibus</span> <span class='ocrx_word' id='word_1_21' title='bbox 512 901 584 962; x_wconf 90' lang='lat' dir='ltr'>vide</span> <span class='ocrx_word' id='word_1_22' title='bbox 599 904 691 964; x_wconf 86' lang='lat' dir='ltr'>Lcur.</span> <span class='ocrx_word' id='word_1_23' title='bbox 708 923 738 984; x_wconf 83' lang='lat' dir='ltr'>q.</span> <span class='ocrx_word' id='word_1_24' title='bbox 755 905 826 964; x_wconf 84' lang='grc'><strong>611.</strong></span> 
     </span>
    </p>
   </div>
   <div class='ocr_carea' id='block_1_6' title="bbox 52 989 1073 1072">
    <p class='ocr_par' dir='ltr' id='par_1_6' title="bbox 52 989 1073 1072">
     <span class='ocr_line' id='line_1_7' title="bbox 52 989 1073 1072; baseline 0.013 -29"><span class='ocrx_word' id='word_1_25' title='bbox 52 998 89 1044; x_wconf 82' lang='lat' dir='ltr'>sa</span> <span class='ocrx_word' id='word_1_26' title='bbox 152 993 171 1070; x_wconf 63' lang='lat'>5</span> <span class='ocrx_word' id='word_1_27' title='bbox 187 995 219 1054; x_wconf 87' lang='lat'>5.</span> <span class='ocrx_word' id='word_1_28' title='bbox 238 991 271 1053; x_wconf 89' lang='lat' dir='ltr'>Si</span> <span class='ocrx_word' id='word_1_29' title='bbox 286 993 459 1069; x_wconf 73' lang='lat' dir='ltr'>Imperator</span> <span class='ocrx_word' id='word_1_30' title='bbox 472 993 627 1051; x_wconf 87' lang='lat' dir='ltr'>moriatur</span> <span class='ocrx_word' id='word_1_31' title='bbox 639 995 709 1072; x_wconf 87' lang='lat' dir='ltr'>pest</span> <span class='ocrx_word' id='word_1_32' title='bbox 723 991 830 1054; x_wconf 89' lang='lat' dir='ltr'>datam</span> <span class='ocrx_word' id='word_1_33' title='bbox 845 996 909 1052; x_wconf 87' lang='grc'>616</span> <span class='ocrx_word' id='word_1_34' title='bbox 962 1012 976 1046; x_wconf 82' lang='grc'>6</span> <span class='ocrx_word' id='word_1_35' title='bbox 996 989 1027 1048; x_wconf 89' lang='lat' dir='ltr'>in</span> <span class='ocrx_word' id='word_1_36' title='bbox 1042 1020 1073 1067; x_wconf 37' lang='lat' dir='ltr'>a</span> 
     </span>
    </p>
   </div>
   <div class='ocr_carea' id='block_1_7' title="bbox 113 1077 906 1250">
    <p class='ocr_par' dir='ltr' id='par_1_7' title="bbox 113 1077 906 1250">
     <span class='ocr_line' id='line_1_8' title="bbox 113 1077 906 1162; baseline -0.003 -20"><span class='ocrx_word' id='word_1_37' title='bbox 113 1081 254 1162; x_wconf 89' lang='lat' dir='ltr'>precisla</span> <span class='ocrx_word' id='word_1_38' title='bbox 291 1079 461 1140; x_wconf 83' lang='lat' dir='ltr'>admissam</span> <span class='ocrx_word' id='word_1_39' title='bbox 496 1077 630 1158; x_wconf 81' lang='lat' dir='ltr'>gratiam</span> <span class='ocrx_word' id='word_1_40' title='bbox 668 1079 906 1156; x_wconf 64' lang='lat' dir='ltr'>nominatione,</span> 
     </span>
     <span class='ocr_line' id='line_1_9' title="bbox 115 1165 906 1250; baseline -0.003 -20"><span class='ocrx_word' id='word_1_41' title='bbox 115 1168 262 1250; x_wconf 87' lang='lat' dir='ltr'>quamvis</span> <span class='ocrx_word' id='word_1_42' title='bbox 277 1167 319 1228; x_wconf 94' lang='lat' dir='ltr'>nil</span> <span class='ocrx_word' id='word_1_43' title='bbox 334 1165 468 1245; x_wconf 90' lang='lat' dir='ltr'>amplius</span> <span class='ocrx_word' id='word_1_44' title='bbox 483 1167 601 1228; x_wconf 90' lang='lat' dir='ltr'>lactum</span> <span class='ocrx_word' id='word_1_45' title='bbox 614 1168 664 1245; x_wconf 91' lang='lat' dir='ltr'>sit,</span> <span class='ocrx_word' id='word_1_46' title='bbox 676 1173 781 1230; x_wconf 89' lang='lat' dir='ltr'>manet</span> <span class='ocrx_word' id='word_1_47' title='bbox 795 1167 906 1248; x_wconf 84' lang='lat' dir='ltr'>gralia,</span> 
     </span>
    </p>
   </div>
   <div class='ocr_carea' id='block_1_8' title="bbox 11 1254 1187 1339">
    <p class='ocr_par' dir='ltr' id='par_1_8' title="bbox 11 1254 1187 1339">
     <span class='ocr_line' id='line_1_10' title="bbox 11 1254 1187 1339; baseline -0.003 -20"><span class='ocrx_word' id='word_1_48' title='bbox 11 1259 12 1262; x_wconf 72' lang='grc'>’</span> <span class='ocrx_word' id='word_1_49' title='bbox 115 1263 146 1319; x_wconf 91' lang='grc'>61</span> <span class='ocrx_word' id='word_1_50' title='bbox 160 1261 209 1319; x_wconf 87' lang='grc'>661</span> <span class='ocrx_word' id='word_1_51' title='bbox 224 1255 437 1334; x_wconf 83' lang='lat' dir='ltr'>exsequenda,</span> <span class='ocrx_word' id='word_1_52' title='bbox 453 1255 528 1336; x_wconf 88' lang='lat' dir='ltr'>quia</span> <span class='ocrx_word' id='word_1_53' title='bbox 541 1254 614 1318; x_wconf 87' lang='lat' dir='ltr'>date</span> <span class='ocrx_word' id='word_1_54' title='bbox 633 1257 717 1339; x_wconf 91' lang='lat' dir='ltr'>quod</span> <span class='ocrx_word' id='word_1_55' title='bbox 738 1275 770 1318; x_wconf 84' lang='lat' dir='ltr'>se</span> <span class='ocrx_word' id='word_1_56' title='bbox 795 1256 911 1316; x_wconf 87' lang='lat' dir='ltr'>habeat</span> <span class='ocrx_word' id='word_1_57' title='bbox 963 1277 977 1312; x_wconf 89' lang='lat'>»</span> <span class='ocrx_word' id='word_1_58' title='bbox 997 1273 1091 1332; x_wconf 90' lang='lat' dir='ltr'>super</span> <span class='ocrx_word' id='word_1_59' title='bbox 1114 1273 1187 1332; x_wconf 93' lang='lat' dir='ltr'>uno,</span> 
     </span>
    </p>
   </div>
   <div class='ocr_carea' id='block_1_9' title="bbox 115 1341 910 1512">
    <p class='ocr_par' dir='ltr' id='par_1_9' title="bbox 115 1341 910 1512">
     <span class='ocr_line' id='line_1_11' title="bbox 115 1341 908 1422; baseline -0.001 -17"><span class='ocrx_word' id='word_1_60' title='bbox 115 1345 216 1407; x_wconf 88' lang='lat' dir='ltr'>instar</span> <span class='ocrx_word' id='word_1_61' title='bbox 240 1341 394 1420; x_wconf 88' lang='lat' dir='ltr'>mandati,</span> <span class='ocrx_word' id='word_1_62' title='bbox 416 1349 521 1404; x_wconf 89' lang='lat' dir='ltr'>tamen</span> <span class='ocrx_word' id='word_1_63' title='bbox 544 1363 593 1405; x_wconf 91' lang='lat' dir='ltr'>res</span> <span class='ocrx_word' id='word_1_64' title='bbox 617 1364 678 1406; x_wconf 94' lang='lat' dir='ltr'>uon</span> <span class='ocrx_word' id='word_1_65' title='bbox 702 1349 749 1406; x_wconf 89' lang='lat' dir='ltr'>est</span> <span class='ocrx_word' id='word_1_66' title='bbox 773 1345 908 1422; x_wconf 80' lang='lat' dir='ltr'>Integra,</span> 
     </span>
     <span class='ocr_line' id='line_1_12' title="bbox 116 1429 910 1512; baseline -0.005 -18"><span class='ocrx_word' id='word_1_67' title='bbox 116 1451 188 1494; x_wconf 91' lang='lat' dir='ltr'>cum</span> <span class='ocrx_word' id='word_1_68' title='bbox 212 1433 390 1511; x_wconf 71' lang='lat' dir='ltr'>Imperator</span> <span class='ocrx_word' id='word_1_69' title='bbox 408 1429 475 1510; x_wconf 88' lang='lat' dir='ltr'>jam</span> <span class='ocrx_word' id='word_1_70' title='bbox 499 1431 622 1493; x_wconf 90' lang='lat' dir='ltr'>dederit</span> <span class='ocrx_word' id='word_1_71' title='bbox 643 1431 788 1512; x_wconf 80' lang='lat' dir='ltr'>gratiam,</span> <span class='ocrx_word' id='word_1_72' title='bbox 809 1431 910 1510; x_wconf 85' lang='lat' dir='ltr'>sitque</span> 
     </span>
    </p>
   </div>
   <div class='ocr_carea' id='block_1_10' title="bbox 116 1517 911 1599">
    <p class='ocr_par' dir='ltr' id='par_1_10' title="bbox 116 1517 911 1599">
     <span class='ocr_line' id='line_1_13' title="bbox 116 1517 911 1599; baseline -0.005 -18"><span class='ocrx_word' id='word_1_73' title='bbox 116 1525 293 1599; x_wconf 87' lang='lat' dir='ltr'>acceptata,</span> <span class='ocrx_word' id='word_1_74' title='bbox 304 1523 334 1580; x_wconf 88' lang='lat' dir='ltr'>et</span> <span class='ocrx_word' id='word_1_75' title='bbox 348 1517 449 1596; x_wconf 86' lang='lat' dir='ltr'>gratia</span> <span class='ocrx_word' id='word_1_76' title='bbox 463 1519 615 1599; x_wconf 90' lang='lat' dir='ltr'>Principis</span> <span class='ocrx_word' id='word_1_77' title='bbox 631 1519 745 1580; x_wconf 87' lang='lat' dir='ltr'>debeat</span> <span class='ocrx_word' id='word_1_78' title='bbox 757 1536 824 1578; x_wconf 90' lang='lat' dir='ltr'>esse</span> <span class='ocrx_word' id='word_1_79' title='bbox 839 1536 911 1597; x_wconf 89' lang='lat' dir='ltr'>per-</span> 
     </span>
    </p>
   </div>
   <div class='ocr_carea' id='block_1_11' title="bbox 57 1606 931 4957">
    <p class='ocr_par' dir='ltr' id='par_1_11' title="bbox 116 1606 787 1690">
     <span class='ocr_line' id='line_1_14' title="bbox 116 1606 787 1690; baseline -0.001 -21"><span class='ocrx_word' id='word_1_80' title='bbox 116 1613 230 1688; x_wconf 89' lang='lat' dir='ltr'>petua;</span> <span class='ocrx_word' id='word_1_81' title='bbox 248 1607 345 1669; x_wconf 78' lang='lat' dir='ltr'>Paria.</span> <span class='ocrx_word' id='word_1_82' title='bbox 363 1606 431 1668; x_wconf 85' lang='lat' dir='ltr'><strong>Old.</strong></span> <span class='ocrx_word' id='word_1_83' title='bbox 447 1607 549 1668; x_wconf 89' lang='lat' dir='ltr'>lloed.</span> <span class='ocrx_word' id='word_1_84' title='bbox 566 1611 657 1670; x_wconf 87' lang='lat' dir='ltr'>Leur.</span> <span class='ocrx_word' id='word_1_85' title='bbox 672 1629 702 1690; x_wconf 85' lang='lat' dir='ltr'>q.</span> <span class='ocrx_word' id='word_1_86' title='bbox 719 1611 787 1670; x_wconf 82' lang='grc'><strong>615.</strong></span> 
     </span>
    </p>

    <p class='ocr_par' dir='ltr' id='par_1_12' title="bbox 57 1695 917 3192">
     <span class='ocr_line' id='line_1_15' title="bbox 57 1695 911 1775; baseline -0.002 -17"><span class='ocrx_word' id='word_1_87' title='bbox 57 1705 93 1752; x_wconf 76' lang='lat' dir='ltr'>at</span> <span class='ocrx_word' id='word_1_88' title='bbox 154 1697 173 1775; x_wconf 66' lang='grc' dir='ltr'><strong>ἓ</strong></span> <span class='ocrx_word' id='word_1_89' title='bbox 186 1701 218 1758; x_wconf 90' lang='grc'>6.</span> <span class='ocrx_word' id='word_1_90' title='bbox 237 1695 374 1756; x_wconf 91' lang='lat' dir='ltr'>Precisla</span> <span class='ocrx_word' id='word_1_91' title='bbox 388 1695 482 1757; x_wconf 88' lang='lat' dir='ltr'>debet</span> <span class='ocrx_word' id='word_1_92' title='bbox 492 1696 575 1758; x_wconf 89' lang='lat' dir='ltr'>iutra</span> <span class='ocrx_word' id='word_1_93' title='bbox 586 1716 726 1758; x_wconf 88' lang='lat' dir='ltr'>mensem</span> <span class='ocrx_word' id='word_1_94' title='bbox 737 1715 757 1756; x_wconf 90' lang='lat' dir='ltr'>a</span> <span class='ocrx_word' id='word_1_95' title='bbox 768 1695 818 1756; x_wconf 90' lang='grc'>616</span> <span class='ocrx_word' id='word_1_96' title='bbox 830 1699 911 1756; x_wconf 81' lang='lat' dir='ltr'>nole</span> 
     </span>
     <span class='ocr_line' id='line_1_16' title="bbox 117 1781 912 1865; baseline -0.006 -19"><span class='ocrx_word' id='word_1_97' title='bbox 117 1785 292 1846; x_wconf 82' lang='lat' dir='ltr'>vacationis</span> <span class='ocrx_word' id='word_1_98' title='bbox 320 1783 462 1844; x_wconf 86' lang='lat' dir='ltr'>beneficii</span> <span class='ocrx_word' id='word_1_99' title='bbox 494 1789 657 1865; x_wconf 78' lang='lat' dir='ltr'>acceptare</span> <span class='ocrx_word' id='word_1_100' title='bbox 685 1784 837 1865; x_wconf 87' lang='lat' dir='ltr'>gratiam,</span> <span class='ocrx_word' id='word_1_101' title='bbox 867 1781 912 1842; x_wconf 91' lang='lat' dir='ltr'>di-</span> 
     </span>
     <span class='ocr_line' id='line_1_17' title="bbox 117 1872 910 1952; baseline -0.006 -17"><span class='ocrx_word' id='word_1_102' title='bbox 117 1875 219 1936; x_wconf 90' lang='lat' dir='ltr'>cendo</span> <span class='ocrx_word' id='word_1_103' title='bbox 247 1893 281 1934; x_wconf 88' lang='lat' dir='ltr'>se</span> <span class='ocrx_word' id='word_1_104' title='bbox 309 1873 387 1934; x_wconf 86' lang='lat' dir='ltr'>velle</span> <span class='ocrx_word' id='word_1_105' title='bbox 416 1872 476 1934; x_wconf 90' lang='lat' dir='ltr'>hoc</span> <span class='ocrx_word' id='word_1_106' title='bbox 503 1873 690 1936; x_wconf 84' lang='lat' dir='ltr'>beneficium</span> <span class='ocrx_word' id='word_1_107' title='bbox 714 1874 744 1934; x_wconf 90' lang='lat' dir='ltr'>vi</span> <span class='ocrx_word' id='word_1_108' title='bbox 769 1889 910 1952; x_wconf 91' lang='lat' dir='ltr'>precum,</span> 
     </span>
     <span class='ocr_line' id='line_1_18' title="bbox 119 1962 912 2042; baseline -0.008 -17"><span class='ocrx_word' id='word_1_109' title='bbox 119 1970 249 2042; x_wconf 86' lang='lat' dir='ltr'>tumque</span> <span class='ocrx_word' id='word_1_110' title='bbox 266 1962 405 2024; x_wconf 82' lang='lat' dir='ltr'>collatori</span> <span class='ocrx_word' id='word_1_111' title='bbox 421 1962 578 2024; x_wconf 89' lang='lat' dir='ltr'>ordinario</span> <span class='ocrx_word' id='word_1_112' title='bbox 595 1963 675 2024; x_wconf 84' lang='lat' dir='ltr'>lianc</span> <span class='ocrx_word' id='word_1_113' title='bbox 692 1981 782 2024; x_wconf 90' lang='lat' dir='ltr'>suam</span> <span class='ocrx_word' id='word_1_114' title='bbox 801 1978 912 2037; x_wconf 88' lang='lat' dir='ltr'>acecp-</span> 
     </span>
     <span class='ocr_line' id='line_1_19' title="bbox 117 2049 910 2132; baseline -0.008 -20"><span class='ocrx_word' id='word_1_115' title='bbox 117 2051 271 2112; x_wconf 87' lang='lat' dir='ltr'>taliencnr</span> <span class='ocrx_word' id='word_1_116' title='bbox 286 2051 496 2127; x_wconf 79' lang='lat' dir='ltr'>manifestare,</span> <span class='ocrx_word' id='word_1_117' title='bbox 509 2052 600 2112; x_wconf 88' lang='lat' dir='ltr'>Lcur.</span> <span class='ocrx_word' id='word_1_118' title='bbox 613 2071 642 2132; x_wconf 84' lang='lat' dir='ltr'>q.</span> <span class='ocrx_word' id='word_1_119' title='bbox 656 2055 724 2114; x_wconf 72' lang='lat' dir='ltr'>erl.</span> <span class='ocrx_word' id='word_1_120' title='bbox 739 2051 804 2122; x_wconf 83' lang='lat' dir='ltr'>Quo</span> <span class='ocrx_word' id='word_1_121' title='bbox 816 2049 910 2123; x_wconf 88' lang='lat' dir='ltr'>lacto,</span> 
     </span>
     <span class='ocr_line' id='line_1_20' title="bbox 119 2138 913 2218; baseline -0.009 -16"><span class='ocrx_word' id='word_1_122' title='bbox 119 2141 214 2202; x_wconf 84' lang='lat' dir='ltr'>debet</span> <span class='ocrx_word' id='word_1_123' title='bbox 234 2143 397 2200; x_wconf 77' lang='lat' dir='ltr'>exsecutor</span> <span class='ocrx_word' id='word_1_124' title='bbox 415 2138 549 2217; x_wconf 82' lang='lat' dir='ltr'>gratiam</span> <span class='ocrx_word' id='word_1_125' title='bbox 571 2139 698 2218; x_wconf 80' lang='lat' dir='ltr'>exsequi</span> <span class='ocrx_word' id='word_1_126' title='bbox 722 2138 803 2197; x_wconf 89' lang='lat' dir='ltr'>infra</span> <span class='ocrx_word' id='word_1_127' title='bbox 824 2153 913 2196; x_wconf 90' lang='lat' dir='ltr'>men-</span> 
     </span>
     <span class='ocr_line' id='line_1_21' title="bbox 119 2227 913 2308; baseline -0.008 -20"><span class='ocrx_word' id='word_1_128' title='bbox 119 2247 196 2304; x_wconf 89' lang='lat' dir='ltr'>sem,</span> <span class='ocrx_word' id='word_1_129' title='bbox 210 2229 306 2288; x_wconf 87' lang='lat' dir='ltr'>Lcur.</span> <span class='ocrx_word' id='word_1_130' title='bbox 322 2247 352 2308; x_wconf 86' lang='lat' dir='ltr'>q.</span> <span class='ocrx_word' id='word_1_131' title='bbox 368 2229 438 2289; x_wconf 90' lang='grc'><strong>616.</strong></span> <span class='ocrx_word' id='word_1_132' title='bbox 456 2229 518 2288; x_wconf 88' lang='lat' dir='ltr'>Noc</span> <span class='ocrx_word' id='word_1_133' title='bbox 536 2227 679 2305; x_wconf 92' lang='lat' dir='ltr'>impediri</span> <span class='ocrx_word' id='word_1_134' title='bbox 702 2230 805 2306; x_wconf 85' lang='lat' dir='ltr'>polest</span> <span class='ocrx_word' id='word_1_135' title='bbox 827 2241 913 2283; x_wconf 84' lang='lat' dir='ltr'>exse·</span> 
     </span>
     <span class='ocr_line' id='line_1_22' title="bbox 121 2315 913 2395; baseline 0 -20"><span class='ocrx_word' id='word_1_136' title='bbox 121 2316 214 2392; x_wconf 90' lang='lat' dir='ltr'>cutio,</span> <span class='ocrx_word' id='word_1_137' title='bbox 238 2316 290 2376; x_wconf 90' lang='lat' dir='ltr'>vel</span> <span class='ocrx_word' id='word_1_138' title='bbox 312 2315 478 2394; x_wconf 87' lang='lat' dir='ltr'>possessio,</span> <span class='ocrx_word' id='word_1_139' title='bbox 506 2316 580 2395; x_wconf 89' lang='lat' dir='ltr'>quia</span> <span class='ocrx_word' id='word_1_140' title='bbox 605 2315 760 2378; x_wconf 89' lang='lat' dir='ltr'>indultum</span> <span class='ocrx_word' id='word_1_141' title='bbox 783 2333 913 2395; x_wconf 89' lang='lat' dir='ltr'>precum</span> 
     </span>
     <span class='ocr_line' id='line_1_23' title="bbox 121 2402 912 2485; baseline -0.001 -21"><span class='ocrx_word' id='word_1_142' title='bbox 121 2403 255 2483; x_wconf 85' lang='lat' dir='ltr'>derogat</span> <span class='ocrx_word' id='word_1_143' title='bbox 270 2403 412 2464; x_wconf 89' lang='lat' dir='ltr'>omnibns</span> <span class='ocrx_word' id='word_1_144' title='bbox 427 2404 506 2480; x_wconf 92' lang='lat' dir='ltr'>aliis,</span> <span class='ocrx_word' id='word_1_145' title='bbox 521 2407 613 2466; x_wconf 83' lang='lat' dir='ltr'>Lcur.</span> <span class='ocrx_word' id='word_1_146' title='bbox 630 2425 660 2485; x_wconf 87' lang='lat' dir='ltr'>q.</span> <span class='ocrx_word' id='word_1_147' title='bbox 678 2407 735 2466; x_wconf 73' lang='grc'>622</span> <span class='ocrx_word' id='word_1_148' title='bbox 750 2411 776 2465; x_wconf 82' lang='grc'>61</span> <span class='ocrx_word' id='word_1_149' title='bbox 789 2424 866 2485; x_wconf 83' lang='lat' dir='ltr'>seqq.</span> <span class='ocrx_word' id='word_1_150' title='bbox 881 2402 912 2464; x_wconf 89' lang='lat' dir='ltr'>Si</span> 
     </span>
     <span class='ocr_line' id='line_1_24' title="bbox 122 2492 914 2569; baseline 0 -18"><span class='ocrx_word' id='word_1_151' title='bbox 122 2498 225 2552; x_wconf 88' lang='lat' dir='ltr'>autem</span> <span class='ocrx_word' id='word_1_152' title='bbox 242 2492 379 2569; x_wconf 88' lang='lat' dir='ltr'>precista</span> <span class='ocrx_word' id='word_1_153' title='bbox 392 2492 543 2554; x_wconf 88' lang='lat' dir='ltr'>moriatur</span> <span class='ocrx_word' id='word_1_154' title='bbox 558 2511 591 2553; x_wconf 90' lang='lat' dir='ltr'>re</span> <span class='ocrx_word' id='word_1_155' title='bbox 611 2511 670 2554; x_wconf 92' lang='lat' dir='ltr'>non</span> <span class='ocrx_word' id='word_1_156' title='bbox 694 2494 804 2555; x_wconf 87' lang='lat' dir='ltr'>sortita</span> <span class='ocrx_word' id='word_1_157' title='bbox 824 2494 914 2552; x_wconf 86' lang='lat' dir='ltr'>ellec-</span> 
     </span>
     <span class='ocr_line' id='line_1_25' title="bbox 122 2581 911 2659; baseline -0.003 -17"><span class='ocrx_word' id='word_1_158' title='bbox 122 2585 199 2656; x_wconf 90' lang='lat' dir='ltr'>lum,</span> <span class='ocrx_word' id='word_1_159' title='bbox 208 2585 312 2659; x_wconf 89' lang='lat' dir='ltr'>polest</span> <span class='ocrx_word' id='word_1_160' title='bbox 322 2581 495 2658; x_wconf 84' lang='lat' dir='ltr'>Imperator</span> <span class='ocrx_word' id='word_1_161' title='bbox 505 2582 600 2642; x_wconf 92' lang='lat' dir='ltr'>alium</span> <span class='ocrx_word' id='word_1_162' title='bbox 609 2582 807 2659; x_wconf 89' lang='lat' dir='ltr'>substituere,</span> <span class='ocrx_word' id='word_1_163' title='bbox 820 2584 911 2642; x_wconf 89' lang='lat' dir='ltr'>Lcur.</span> 
     </span>
     <span class='ocr_line' id='line_1_26' title="bbox 123 2668 915 2750; baseline -0.001 -20"><span class='ocrx_word' id='word_1_164' title='bbox 123 2689 150 2749; x_wconf 82' lang='lat' dir='ltr'>q.</span> <span class='ocrx_word' id='word_1_165' title='bbox 169 2672 240 2731; x_wconf 86' lang='grc'><strong>618.</strong></span> <span class='ocrx_word' id='word_1_166' title='bbox 260 2669 340 2740; x_wconf 85' lang='grc'><strong>0616</strong></span> <span class='ocrx_word' id='word_1_167' title='bbox 355 2675 459 2731; x_wconf 90' lang='lat' dir='ltr'>aulem</span> <span class='ocrx_word' id='word_1_168' title='bbox 474 2670 539 2730; x_wconf 92' lang='lat' dir='ltr'>lieri</span> <span class='ocrx_word' id='word_1_169' title='bbox 561 2671 684 2748; x_wconf 88' lang='lat' dir='ltr'>debeat,</span> <span class='ocrx_word' id='word_1_170' title='bbox 702 2671 727 2730; x_wconf 93' lang='lat' dir='ltr'>si</span> <span class='ocrx_word' id='word_1_171' title='bbox 745 2671 850 2750; x_wconf 90' lang='lat' dir='ltr'>plures</span> <span class='ocrx_word' id='word_1_172' title='bbox 874 2668 915 2729; x_wconf 93' lang='lat' dir='ltr'>ad</span> 
     </span>
     <span class='ocr_line' id='line_1_27' title="bbox 124 2757 912 2839; baseline 0.001 -20"><span class='ocrx_word' id='word_1_173' title='bbox 124 2757 154 2819; x_wconf 90' lang='lat' dir='ltr'>id</span> <span class='ocrx_word' id='word_1_174' title='bbox 189 2757 380 2818; x_wconf 85' lang='lat' dir='ltr'>beneficium</span> <span class='ocrx_word' id='word_1_175' title='bbox 410 2757 626 2836; x_wconf 86' lang='lat' dir='ltr'>nominentur,</span> <span class='ocrx_word' id='word_1_176' title='bbox 653 2759 788 2839; x_wconf 88' lang='lat' dir='ltr'>explicat</span> <span class='ocrx_word' id='word_1_177' title='bbox 821 2762 912 2820; x_wconf 90' lang='lat' dir='ltr'>Lcur.</span> 
     </span>
     <span class='ocr_line' id='line_1_28' title="bbox 124 2844 915 2927; baseline -0.004 -20"><span class='ocrx_word' id='word_1_178' title='bbox 124 2865 153 2927; x_wconf 82' lang='lat' dir='ltr'>q.</span> <span class='ocrx_word' id='word_1_179' title='bbox 174 2849 246 2909; x_wconf 81' lang='grc'><strong>619.</strong></span> <span class='ocrx_word' id='word_1_180' title='bbox 270 2845 358 2917; x_wconf 83' lang='grc'><strong>0666</strong></span> <span class='ocrx_word' id='word_1_181' title='bbox 380 2845 405 2905; x_wconf 92' lang='lat' dir='ltr'>si</span> <span class='ocrx_word' id='word_1_182' title='bbox 429 2846 566 2924; x_wconf 87' lang='lat' dir='ltr'>precisla</span> <span class='ocrx_word' id='word_1_183' title='bbox 585 2847 662 2910; x_wconf 90' lang='lat' dir='ltr'>nolit</span> <span class='ocrx_word' id='word_1_184' title='bbox 675 2852 839 2926; x_wconf 86' lang='lat' dir='ltr'>acceptare</span> <span class='ocrx_word' id='word_1_185' title='bbox 854 2844 915 2925; x_wconf 91' lang='lat' dir='ltr'>pri-</span> 
     </span>
     <span class='ocr_line' id='line_1_29' title="bbox 124 2934 917 3015; baseline 0.003 -21"><span class='ocrx_word' id='word_1_186' title='bbox 124 2953 210 2995; x_wconf 90' lang='lat' dir='ltr'>mum</span> <span class='ocrx_word' id='word_1_187' title='bbox 223 2934 415 2996; x_wconf 83' lang='lat' dir='ltr'>beneficium</span> <span class='ocrx_word' id='word_1_188' title='bbox 429 2953 556 3012; x_wconf 88' lang='lat' dir='ltr'>vacans,</span> <span class='ocrx_word' id='word_1_189' title='bbox 573 2942 677 3014; x_wconf 87' lang='lat' dir='ltr'>petest</span> <span class='ocrx_word' id='word_1_190' title='bbox 690 2941 854 3015; x_wconf 84' lang='lat' dir='ltr'>expectare</span> <span class='ocrx_word' id='word_1_191' title='bbox 870 2954 917 2996; x_wconf 90' lang='lat' dir='ltr'>se-</span> 
     </span>
     <span class='ocr_line' id='line_1_30' title="bbox 126 3021 914 3102; baseline -0.001 -20"><span class='ocrx_word' id='word_1_192' title='bbox 126 3023 265 3084; x_wconf 87' lang='lat' dir='ltr'>cundum</span> <span class='ocrx_word' id='word_1_193' title='bbox 300 3021 349 3082; x_wconf 86' lang='lat' dir='ltr'>rel</span> <span class='ocrx_word' id='word_1_194' title='bbox 385 3022 528 3097; x_wconf 89' lang='lat' dir='ltr'>tertium;</span> <span class='ocrx_word' id='word_1_195' title='bbox 556 3023 654 3086; x_wconf 79' lang='lat' dir='ltr'>ohel.</span> <span class='ocrx_word' id='word_1_196' title='bbox 685 3024 770 3086; x_wconf 89' lang='lat' dir='ltr'>Pirh.</span> <span class='ocrx_word' id='word_1_197' title='bbox 800 3025 914 3102; x_wconf 82' lang='lat' dir='ltr'>Wagn.</span> 
     </span>
     <span class='ocr_line' id='line_1_31' title="bbox 124 3111 444 3192; baseline 0 -18"><span class='ocrx_word' id='word_1_198' title='bbox 124 3111 215 3174; x_wconf 84' lang='lat' dir='ltr'>Lcur.</span> <span class='ocrx_word' id='word_1_199' title='bbox 232 3132 263 3192; x_wconf 84' lang='lat' dir='ltr'>q.</span> <span class='ocrx_word' id='word_1_200' title='bbox 280 3114 349 3178; x_wconf 72' lang='grc'><strong>621,</strong></span> <span class='ocrx_word' id='word_1_201' title='bbox 366 3131 396 3172; x_wconf 87' lang='lat' dir='ltr'>a.</span> <span class='ocrx_word' id='word_1_202' title='bbox 413 3115 444 3174; x_wconf 83' lang='grc'>5.</span> 
     </span>
    </p>

    <p class='ocr_par' dir='ltr' id='par_1_13' title="bbox 67 3198 923 3986">
     <span class='ocr_line' id='line_1_32' title="bbox 67 3198 918 3280; baseline 0.002 -20"><span class='ocrx_word' id='word_1_203' title='bbox 67 3225 104 3268; x_wconf 68' lang='lat'>575</span> <span class='ocrx_word' id='word_1_204' title='bbox 163 3201 223 3278; x_wconf 61' lang='grc'>67.</span> <span class='ocrx_word' id='word_1_205' title='bbox 248 3198 410 3260; x_wconf 85' lang='lat' dir='ltr'>Pr·aescribi</span> <span class='ocrx_word' id='word_1_206' title='bbox 426 3218 488 3260; x_wconf 92' lang='lat' dir='ltr'>non</span> <span class='ocrx_word' id='word_1_207' title='bbox 506 3204 608 3280; x_wconf 86' lang='lat' dir='ltr'>potest</span> <span class='ocrx_word' id='word_1_208' title='bbox 631 3205 741 3264; x_wconf 90' lang='lat' dir='ltr'>contra</span> <span class='ocrx_word' id='word_1_209' title='bbox 764 3203 918 3264; x_wconf 91' lang='lat' dir='ltr'>indultum</span> 
     </span>
     <span class='ocr_line' id='line_1_33' title="bbox 127 3288 918 3370; baseline 0.003 -22"><span class='ocrx_word' id='word_1_210' title='bbox 127 3307 267 3368; x_wconf 85' lang='lat' dir='ltr'>precum,</span> <span class='ocrx_word' id='word_1_211' title='bbox 281 3288 354 3368; x_wconf 85' lang='lat' dir='ltr'>quia</span> <span class='ocrx_word' id='word_1_212' title='bbox 368 3293 477 3350; x_wconf 83' lang='lat' dir='ltr'>contra</span> <span class='ocrx_word' id='word_1_213' title='bbox 490 3290 688 3370; x_wconf 80' lang='lat' dir='ltr'>privilegium</span> <span class='ocrx_word' id='word_1_214' title='bbox 700 3291 873 3353; x_wconf 85' lang='lat' dir='ltr'>consistens</span> <span class='ocrx_word' id='word_1_215' title='bbox 886 3290 918 3350; x_wconf 91' lang='grc'>16</span> 
     </span>
     <span class='ocr_line' id='line_1_34' title="bbox 126 3376 920 3458; baseline 0.004 -21"><span class='ocrx_word' id='word_1_216' title='bbox 126 3376 286 3440; x_wconf 82' lang='lat' dir='ltr'>voluntate</span> <span class='ocrx_word' id='word_1_217' title='bbox 310 3377 416 3439; x_wconf 89' lang='lat' dir='ltr'>utendi</span> <span class='ocrx_word' id='word_1_218' title='bbox 437 3397 499 3439; x_wconf 91' lang='lat' dir='ltr'>non</span> <span class='ocrx_word' id='word_1_219' title='bbox 515 3380 736 3457; x_wconf 86' lang='lat' dir='ltr'>praescribitur.</span> <span class='ocrx_word' id='word_1_220' title='bbox 754 3381 817 3441; x_wconf 92' lang='lat' dir='ltr'>Nec</span> <span class='ocrx_word' id='word_1_221' title='bbox 834 3382 920 3458; x_wconf 90' lang='lat' dir='ltr'>Papa</span> 
     </span>
     <span class='ocr_line' id='line_1_35' title="bbox 128 3462 920 3546; baseline 0.003 -22"><span class='ocrx_word' id='word_1_222' title='bbox 128 3462 168 3524; x_wconf 92' lang='lat' dir='ltr'>illi</span> <span class='ocrx_word' id='word_1_223' title='bbox 187 3484 327 3545; x_wconf 88' lang='lat' dir='ltr'>unquam</span> <span class='ocrx_word' id='word_1_224' title='bbox 347 3465 487 3545; x_wconf 81' lang='lat' dir='ltr'>derogat.</span> <span class='ocrx_word' id='word_1_225' title='bbox 497 3464 645 3530; x_wconf 86' lang='lat' dir='ltr'>&#39;Precista</span> <span class='ocrx_word' id='word_1_226' title='bbox 659 3468 772 3530; x_wconf 86' lang='lat' dir='ltr'>amittit</span> <span class='ocrx_word' id='word_1_227' title='bbox 785 3467 920 3546; x_wconf 80' lang='lat' dir='ltr'>gratiam</span> 
     </span>
     <span class='ocr_line' id='line_1_36' title="bbox 128 3553 922 3633; baseline 0.004 -21"><span class='ocrx_word' id='word_1_228' title='bbox 128 3570 268 3630; x_wconf 90' lang='lat' dir='ltr'>precum,</span> <span class='ocrx_word' id='word_1_229' title='bbox 290 3553 315 3614; x_wconf 91' lang='lat' dir='ltr'>si</span> <span class='ocrx_word' id='word_1_230' title='bbox 330 3555 385 3615; x_wconf 82' lang='lat' dir='ltr'>frat</span> <span class='ocrx_word' id='word_1_231' title='bbox 398 3553 554 3632; x_wconf 82' lang='lat' dir='ltr'>inhabilis,</span> <span class='ocrx_word' id='word_1_232' title='bbox 573 3560 645 3633; x_wconf 90' lang='lat' dir='ltr'>elc.,</span> <span class='ocrx_word' id='word_1_233' title='bbox 662 3556 738 3617; x_wconf 91' lang='lat' dir='ltr'>ilem</span> <span class='ocrx_word' id='word_1_234' title='bbox 759 3556 784 3618; x_wconf 90' lang='lat' dir='ltr'>si</span> <span class='ocrx_word' id='word_1_235' title='bbox 806 3575 922 3616; x_wconf 91' lang='lat' dir='ltr'>renun-</span> 
     </span>
     <span class='ocr_line' id='line_1_37' title="bbox 128 3641 922 3728; baseline -0.001 -24"><span class='ocrx_word' id='word_1_236' title='bbox 128 3641 193 3718; x_wconf 87' lang='lat' dir='ltr'>tiet,</span> <span class='ocrx_word' id='word_1_237' title='bbox 208 3641 304 3728; x_wconf 79' lang='lat' dir='ltr'>etiem</span> <span class='ocrx_word' id='word_1_238' title='bbox 320 3641 424 3719; x_wconf 87' lang='lat' dir='ltr'>tacite,</span> <span class='ocrx_word' id='word_1_239' title='bbox 440 3662 471 3703; x_wconf 90' lang='lat' dir='ltr'>v.</span> <span class='ocrx_word' id='word_1_240' title='bbox 488 3662 520 3722; x_wconf 86' lang='lat' dir='ltr'>g.</span> <span class='ocrx_word' id='word_1_241' title='bbox 538 3643 681 3705; x_wconf 88' lang='lat' dir='ltr'>ducendo</span> <span class='ocrx_word' id='word_1_242' title='bbox 706 3663 847 3721; x_wconf 82' lang='lat' dir='ltr'>uxorem,</span> <span class='ocrx_word' id='word_1_243' title='bbox 872 3661 922 3704; x_wconf 91' lang='lat' dir='ltr'>se·</span> 
     </span>
     <span class='ocr_line' id='line_1_38' title="bbox 130 3730 921 3814; baseline 0.003 -24"><span class='ocrx_word' id='word_1_244' title='bbox 130 3731 254 3808; x_wconf 87' lang='lat' dir='ltr'>quenda</span> <span class='ocrx_word' id='word_1_245' title='bbox 273 3730 427 3806; x_wconf 88' lang='lat' dir='ltr'>militiam,</span> <span class='ocrx_word' id='word_1_246' title='bbox 445 3735 504 3792; x_wconf 90' lang='lat' dir='ltr'>ele.</span> <span class='ocrx_word' id='word_1_247' title='bbox 522 3730 620 3793; x_wconf 85' lang='lat' dir='ltr'>Clrok.</span> <span class='ocrx_word' id='word_1_248' title='bbox 637 3734 675 3794; x_wconf 80' lang='lat' dir='ltr'>V.</span> <span class='ocrx_word' id='word_1_249' title='bbox 696 3735 788 3793; x_wconf 90' lang='lat' dir='ltr'>Lcur.</span> <span class='ocrx_word' id='word_1_250' title='bbox 812 3753 842 3814; x_wconf 86' lang='lat' dir='ltr'>q.</span> <span class='ocrx_word' id='word_1_251' title='bbox 863 3733 921 3792; x_wconf 78' lang='grc'>615</span> 
     </span>
     <span class='ocr_line' id='line_1_39' title="bbox 130 3815 923 3902; baseline 0.004 -26"><span class='ocrx_word' id='word_1_252' title='bbox 130 3826 155 3876; x_wconf 87' lang='lat' dir='ltr'>et</span> <span class='ocrx_word' id='word_1_253' title='bbox 162 3837 240 3900; x_wconf 85' lang='lat' dir='ltr'>seqq.</span> <span class='ocrx_word' id='word_1_254' title='bbox 254 3817 328 3878; x_wconf 91' lang='lat' dir='ltr'>item</span> <span class='ocrx_word' id='word_1_255' title='bbox 338 3817 575 3882; x_wconf 79' lang='lat' dir='ltr'>Dissertotr&#39;oaem</span> <span class='ocrx_word' id='word_1_256' title='bbox 586 3815 621 3881; x_wconf 85' lang='lat' dir='ltr'>de</span> <span class='ocrx_word' id='word_1_257' title='bbox 629 3819 784 3902; x_wconf 81' lang='lat' dir='ltr'>primariis</span> <span class='ocrx_word' id='word_1_258' title='bbox 792 3819 923 3902; x_wconf 75' lang='lat' dir='ltr'>precibus</span> 
     </span>
     <span class='ocr_line' id='line_1_40' title="bbox 132 3905 510 3986; baseline 0.011 -22"><span class='ocrx_word' id='word_1_259' title='bbox 132 3905 247 3968; x_wconf 86' lang='lat' dir='ltr'>editam</span> <span class='ocrx_word' id='word_1_260' title='bbox 262 3906 405 3986; x_wconf 83' lang='lat' dir='ltr'>Friburgi</span> <span class='ocrx_word' id='word_1_261' title='bbox 422 3909 510 3968; x_wconf 79' lang='lat' dir='ltr'>l707.</span> 
     </span>
    </p>

    <p class='ocr_par' dir='ltr' id='par_1_14' title="bbox 72 3993 931 4957">
     <span class='ocr_line' id='line_1_41' title="bbox 72 3993 925 4072; baseline 0.004 -19"><span class='ocrx_word' id='word_1_262' title='bbox 72 4020 109 4065; x_wconf 66' lang='grc'>,6</span> <span class='ocrx_word' id='word_1_263' title='bbox 171 3995 341 4069; x_wconf 72' lang='grc'><strong>6666176.</strong></span> <span class='ocrx_word' id='word_1_264' title='bbox 356 4029 397 4038; x_wconf 89' lang='lat'><em>-</em></span> <span class='ocrx_word' id='word_1_265' title='bbox 411 3993 487 4068; x_wconf 78' lang='lat' dir='ltr'>Ouid</span> <span class='ocrx_word' id='word_1_266' title='bbox 498 3993 648 4056; x_wconf 83' lang='lat' dir='ltr'>dicendum</span> <span class='ocrx_word' id='word_1_267' title='bbox 662 3995 925 4072; x_wconf 65' lang='grc'><strong>(1161166611666-</strong></span> 
     </span>
     <span class='ocr_line' id='line_1_42' title="bbox 132 4079 922 4164; baseline 0.001 -22"><span class='ocrx_word' id='word_1_268' title='bbox 132 4079 230 4164; x_wconf 79' lang='lat' dir='ltr'>fieiurr</span> <span class='ocrx_word' id='word_1_269' title='bbox 240 4081 348 4159; x_wconf 85' lang='lat' dir='ltr'>eadem,</span> <span class='ocrx_word' id='word_1_270' title='bbox 361 4081 922 4164; x_wconf 64' lang='grc'><strong>6616166666(11661661666666666166,</strong></span> 
     </span>
     <span class='ocr_line' id='line_1_43' title="bbox 133 4169 926 4250; baseline 0.001 -20"><span class='ocrx_word' id='word_1_271' title='bbox 133 4169 177 4230; x_wconf 85' lang='lat' dir='ltr'>vel</span> <span class='ocrx_word' id='word_1_272' title='bbox 198 4169 342 4232; x_wconf 80' lang='lat' dir='ltr'>cedatur?</span> <span class='ocrx_word' id='word_1_273' title='bbox 357 4173 393 4231; x_wconf 87' lang='lat' dir='ltr'>R.</span> <span class='ocrx_word' id='word_1_274' title='bbox 416 4171 478 4250; x_wconf 73' lang='lat' dir='ltr'>§l</span> <span class='ocrx_word' id='word_1_275' title='bbox 505 4171 629 4232; x_wconf 85' lang='lat' dir='ltr'>Dahae</span> <span class='ocrx_word' id='word_1_276' title='bbox 653 4173 871 4234; x_wconf 88' lang='lat' dir='ltr'>concurrentia</span> <span class='ocrx_word' id='word_1_277' title='bbox 894 4171 926 4232; x_wconf 92' lang='lat' dir='ltr'>in</span> 
     </span>
     <span class='ocr_line' id='line_1_44' title="bbox 134 4257 927 4339; baseline 0.003 -19"><span class='ocrx_word' id='word_1_278' title='bbox 134 4257 204 4320; x_wconf 86' lang='lat' dir='ltr'>dala</span> <span class='ocrx_word' id='word_1_279' title='bbox 223 4258 399 4321; x_wconf 79' lang='lat' dir='ltr'>lillcrarura</span> <span class='ocrx_word' id='word_1_280' title='bbox 418 4259 532 4339; x_wconf 86' lang='lat' dir='ltr'>agitur,</span> <span class='ocrx_word' id='word_1_281' title='bbox 557 4279 581 4321; x_wconf 87' lang='lat' dir='ltr'>c.</span> <span class='ocrx_word' id='word_1_282' title='bbox 601 4259 727 4338; x_wconf 83' lang='lat' dir='ltr'>Duobus,</span> <span class='ocrx_word' id='word_1_283' title='bbox 750 4264 797 4338; x_wconf 83' lang='lat' dir='ltr'>ll,</span> <span class='ocrx_word' id='word_1_284' title='bbox 818 4263 862 4322; x_wconf 92' lang='lat' dir='ltr'>De</span> <span class='ocrx_word' id='word_1_285' title='bbox 877 4281 927 4322; x_wconf 91' lang='lat' dir='ltr'>re-</span> 
     </span>
     <span class='ocr_line' id='line_1_45' title="bbox 134 4347 924 4428; baseline 0.005 -22"><span class='ocrx_word' id='word_1_286' title='bbox 134 4348 254 4427; x_wconf 88' lang='lat' dir='ltr'>scriptis</span> <span class='ocrx_word' id='word_1_287' title='bbox 265 4347 296 4408; x_wconf 90' lang='lat' dir='ltr'>in</span> <span class='ocrx_word' id='word_1_288' title='bbox 311 4351 345 4420; x_wconf 78' lang='lat'>63</span> <span class='ocrx_word' id='word_1_289' title='bbox 358 4348 411 4408; x_wconf 88' lang='lat' dir='ltr'>sed</span> <span class='ocrx_word' id='word_1_290' title='bbox 429 4348 924 4428; x_wconf 59' lang='grc'><strong>616666161166616666661166161,</strong></span> 
     </span>
     <span class='ocr_line' id='line_1_46' title="bbox 123 4436 926 4516; baseline -0.002 -18"><span class='ocrx_word' id='word_1_291' title='bbox 123 4437 207 4516; x_wconf 84' lang='lat' dir='ltr'>Iteg.</span> <span class='ocrx_word' id='word_1_292' title='bbox 227 4440 263 4498; x_wconf 78' lang='lat' dir='ltr'>ll</span> <span class='ocrx_word' id='word_1_293' title='bbox 281 4456 288 4496; x_wconf 90' lang='lat'>:</span> <span class='ocrx_word' id='word_1_294' title='bbox 311 4457 325 4492; x_wconf 91' lang='grc'>((</span> <span class='ocrx_word' id='word_1_295' title='bbox 339 4437 416 4498; x_wconf 90' lang='lat' dir='ltr'>Item</span> <span class='ocrx_word' id='word_1_296' title='bbox 431 4436 538 4514; x_wconf 84' lang='lat' dir='ltr'>voluit,</span> <span class='ocrx_word' id='word_1_297' title='bbox 563 4437 647 4516; x_wconf 89' lang='lat' dir='ltr'>qued</span> <span class='ocrx_word' id='word_1_298' title='bbox 663 4438 701 4497; x_wconf 92' lang='lat' dir='ltr'>dc</span> <span class='ocrx_word' id='word_1_299' title='bbox 716 4437 926 4498; x_wconf 87' lang='lat' dir='ltr'>concurrenti·</span> 
     </span>
     <span class='ocr_line' id='line_1_47' title="bbox 135 4523 925 4605; baseline 0.008 -26"><span class='ocrx_word' id='word_1_300' title='bbox 135 4545 148 4580; x_wconf 84' lang='lat' dir='ltr'>n</span> <span class='ocrx_word' id='word_1_301' title='bbox 164 4525 223 4586; x_wconf 87' lang='lat' dir='ltr'>bus</span> <span class='ocrx_word' id='word_1_302' title='bbox 238 4523 269 4584; x_wconf 94' lang='lat' dir='ltr'>in</span> <span class='ocrx_word' id='word_1_303' title='bbox 284 4524 358 4586; x_wconf 90' lang='lat' dir='ltr'>data</span> <span class='ocrx_word' id='word_1_304' title='bbox 372 4523 514 4605; x_wconf 86' lang='lat' dir='ltr'>ejusdem</span> <span class='ocrx_word' id='word_1_305' title='bbox 537 4523 597 4584; x_wconf 88' lang='lat' dir='ltr'>dici</span> <span class='ocrx_word' id='word_1_306' title='bbox 620 4544 714 4604; x_wconf 90' lang='lat' dir='ltr'>super</span> <span class='ocrx_word' id='word_1_307' title='bbox 731 4525 925 4602; x_wconf 86' lang='lat' dir='ltr'>vacantibus,</span> 
     </span>
     <span class='ocr_line' id='line_1_48' title="bbox 136 4611 929 4692; baseline 0.006 -25"><span class='ocrx_word' id='word_1_308' title='bbox 136 4633 149 4667; x_wconf 79' lang='lat' dir='ltr'>n</span> <span class='ocrx_word' id='word_1_309' title='bbox 167 4630 219 4674; x_wconf 90' lang='lat' dir='ltr'>seu</span> <span class='ocrx_word' id='word_1_310' title='bbox 232 4615 317 4674; x_wconf 90' lang='lat' dir='ltr'>cerlo</span> <span class='ocrx_word' id='word_1_311' title='bbox 332 4611 426 4673; x_wconf 91' lang='lat' dir='ltr'>modo</span> <span class='ocrx_word' id='word_1_312' title='bbox 436 4612 594 4673; x_wconf 83' lang='lat' dir='ltr'>vacaturis</span> <span class='ocrx_word' id='word_1_313' title='bbox 604 4611 774 4690; x_wconf 88' lang='lat' dir='ltr'>beneficiIs,</span> <span class='ocrx_word' id='word_1_314' title='bbox 786 4612 842 4692; x_wconf 93' lang='lat' dir='ltr'>illi,</span> <span class='ocrx_word' id='word_1_315' title='bbox 860 4612 929 4692; x_wconf 90' lang='lat' dir='ltr'>qui-</span> 
     </span>
     <span class='ocr_line' id='line_1_49' title="bbox 136 4699 930 4780; baseline 0.008 -26"><span class='ocrx_word' id='word_1_316' title='bbox 136 4720 149 4754; x_wconf 81' lang='lat' dir='ltr'>n</span> <span class='ocrx_word' id='word_1_317' title='bbox 167 4699 224 4762; x_wconf 83' lang='lat' dir='ltr'>bus</span> <span class='ocrx_word' id='word_1_318' title='bbox 238 4699 348 4780; x_wconf 79' lang='lat' dir='ltr'>gratiae</span> <span class='ocrx_word' id='word_1_319' title='bbox 372 4703 459 4760; x_wconf 90' lang='lat' dir='ltr'>melu</span> <span class='ocrx_word' id='word_1_320' title='bbox 481 4700 607 4779; x_wconf 91' lang='lat' dir='ltr'>proprio</span> <span class='ocrx_word' id='word_1_321' title='bbox 627 4700 851 4778; x_wconf 87' lang='lat' dir='ltr'>conceduntur,</span> <span class='ocrx_word' id='word_1_322' title='bbox 868 4719 930 4780; x_wconf 69' lang='grc'>66-</span> 
     </span>
     <span class='ocr_line' id='line_1_50' title="bbox 137 4785 926 4865; baseline 0.011 -25"><span class='ocrx_word' id='word_1_323' title='bbox 137 4807 150 4842; x_wconf 80' lang='lat' dir='ltr'>e</span> <span class='ocrx_word' id='word_1_324' title='bbox 167 4788 242 4848; x_wconf 87' lang='lat' dir='ltr'>teris</span> <span class='ocrx_word' id='word_1_325' title='bbox 264 4785 356 4847; x_wconf 89' lang='lat' dir='ltr'>simili</span> <span class='ocrx_word' id='word_1_326' title='bbox 380 4787 473 4848; x_wconf 91' lang='lat' dir='ltr'>mode</span> <span class='ocrx_word' id='word_1_327' title='bbox 497 4787 615 4865; x_wconf 84' lang='lat' dir='ltr'>gratias</span> <span class='ocrx_word' id='word_1_328' title='bbox 634 4807 697 4848; x_wconf 91' lang='lat' dir='ltr'>non</span> <span class='ocrx_word' id='word_1_329' title='bbox 721 4787 926 4863; x_wconf 76' lang='lat' dir='ltr'>habentibus3</span> 
     </span>
     <span class='ocr_line' id='line_1_51' title="bbox 137 4874 931 4957; baseline 0.009 -27"><span class='ocrx_word' id='word_1_330' title='bbox 137 4895 151 4930; x_wconf 82' lang='lat' dir='ltr'>r</span> <span class='ocrx_word' id='word_1_331' title='bbox 169 4875 244 4950; x_wconf 87' lang='lat' dir='ltr'>alias</span> <span class='ocrx_word' id='word_1_332' title='bbox 258 4874 402 4954; x_wconf 79' lang='lat' dir='ltr'>graduali</span> <span class='ocrx_word' id='word_1_333' title='bbox 424 4893 486 4935; x_wconf 93' lang='lat' dir='ltr'>non</span> <span class='ocrx_word' id='word_1_334' title='bbox 500 4874 656 4953; x_wconf 84' lang='lat' dir='ltr'>graduali,</span> <span class='ocrx_word' id='word_1_335' title='bbox 679 4881 735 4936; x_wconf 91' lang='lat' dir='ltr'>aul</span> <span class='ocrx_word' id='word_1_336' title='bbox 755 4876 838 4937; x_wconf 87' lang='lat' dir='ltr'>inter</span> <span class='ocrx_word' id='word_1_337' title='bbox 858 4895 931 4957; x_wconf 84' lang='lat' dir='ltr'>gra-</span> 
     </span>
    </p>
   </div>
   <div class='ocr_carea' id='block_1_12' title="bbox 31 4961 930 5044">
    <p class='ocr_par' dir='ltr' id='par_1_15' title="bbox 31 4961 930 5044">
     <span class='ocr_line' id='line_1_52' title="bbox 31 4961 930 5044; baseline 0.01 -28"><span class='ocrx_word' id='word_1_338' title='bbox 31 5003 35 5010; x_wconf 93' lang='lat'>.</span> <span class='ocrx_word' id='word_1_339' title='bbox 139 4985 151 5019; x_wconf 78' lang='lat' dir='ltr'>a</span> <span class='ocrx_word' id='word_1_340' title='bbox 170 4961 280 5026; x_wconf 89' lang='lat' dir='ltr'>duales</span> <span class='ocrx_word' id='word_1_341' title='bbox 312 4963 412 5042; x_wconf 85' lang='lat' dir='ltr'>magis</span> <span class='ocrx_word' id='word_1_342' title='bbox 442 4963 598 5042; x_wconf 82' lang='lat' dir='ltr'>graduali,</span> <span class='ocrx_word' id='word_1_343' title='bbox 625 4983 662 5024; x_wconf 89' lang='lat' dir='ltr'>ac</span> <span class='ocrx_word' id='word_1_344' title='bbox 686 4963 767 5025; x_wconf 89' lang='lat' dir='ltr'>inter</span> <span class='ocrx_word' id='word_1_345' title='bbox 794 4966 930 5044; x_wconf 86' lang='lat' dir='ltr'>aequales</span> 
     </span>
    </p>
   </div>
   <div class='ocr_carea' id='block_1_13' title="bbox 141 5051 933 5573">
    <p class='ocr_par' dir='ltr' id='par_1_16' title="bbox 141 5051 933 5573">
     <span class='ocr_line' id='line_1_53' title="bbox 141 5051 929 5131; baseline 0.003 -19"><span class='ocrx_word' id='word_1_346' title='bbox 141 5073 153 5106; x_wconf 85' lang='lat' dir='ltr'>v</span> <span class='ocrx_word' id='word_1_347' title='bbox 172 5053 342 5131; x_wconf 78' lang='lat' dir='ltr'>graduales</span> <span class='ocrx_word' id='word_1_348' title='bbox 361 5051 448 5130; x_wconf 92' lang='lat' dir='ltr'>prius</span> <span class='ocrx_word' id='word_1_349' title='bbox 469 5051 632 5131; x_wconf 82' lang='lat' dir='ltr'>graduatI;</span> <span class='ocrx_word' id='word_1_350' title='bbox 649 5071 770 5112; x_wconf 88' lang='lat' dir='ltr'>necnon</span> <span class='ocrx_word' id='word_1_351' title='bbox 790 5055 929 5116; x_wconf 89' lang='lat' dir='ltr'>colorato</span> 
     </span>
     <span class='ocr_line' id='line_1_54' title="bbox 141 5138 931 5220; baseline 0.008 -26"><span class='ocrx_word' id='word_1_352' title='bbox 141 5159 153 5194; x_wconf 85' lang='lat' dir='ltr'>r</span> <span class='ocrx_word' id='word_1_353' title='bbox 172 5138 258 5202; x_wconf 87' lang='lat' dir='ltr'>titulo</span> <span class='ocrx_word' id='word_1_354' title='bbox 274 5157 470 5219; x_wconf 90' lang='lat' dir='ltr'>possessores</span> <span class='ocrx_word' id='word_1_355' title='bbox 484 5157 546 5200; x_wconf 91' lang='lat' dir='ltr'>nen</span> <span class='ocrx_word' id='word_1_356' title='bbox 561 5142 793 5220; x_wconf 86' lang='lat' dir='ltr'>possessoribus</span> <span class='ocrx_word' id='word_1_357' title='bbox 808 5163 814 5202; x_wconf 92' lang='lat'>:</span> <span class='ocrx_word' id='word_1_358' title='bbox 832 5161 869 5203; x_wconf 90' lang='lat' dir='ltr'>ac</span> <span class='ocrx_word' id='word_1_359' title='bbox 884 5141 931 5203; x_wconf 92' lang='lat' dir='ltr'>in-</span> 
     </span>
     <span class='ocr_line' id='line_1_55' title="bbox 141 5227 932 5308; baseline 0.005 -22"><span class='ocrx_word' id='word_1_360' title='bbox 141 5247 154 5284; x_wconf 85' lang='lat' dir='ltr'>r</span> <span class='ocrx_word' id='word_1_361' title='bbox 171 5232 218 5289; x_wconf 87' lang='lat' dir='ltr'>tor</span> <span class='ocrx_word' id='word_1_362' title='bbox 231 5247 382 5308; x_wconf 88' lang='lat' dir='ltr'>personas</span> <span class='ocrx_word' id='word_1_363' title='bbox 397 5228 474 5289; x_wconf 89' lang='lat' dir='ltr'>alios</span> <span class='ocrx_word' id='word_1_364' title='bbox 489 5227 520 5288; x_wconf 94' lang='lat' dir='ltr'>in</span> <span class='ocrx_word' id='word_1_365' title='bbox 531 5229 624 5290; x_wconf 90' lang='lat' dir='ltr'>Curia</span> <span class='ocrx_word' id='word_1_366' title='bbox 634 5233 803 5308; x_wconf 87' lang='lat' dir='ltr'>praesentes</span> <span class='ocrx_word' id='word_1_367' title='bbox 819 5231 932 5290; x_wconf 88' lang='lat' dir='ltr'>absen-</span> 
     </span>
     <span class='ocr_line' id='line_1_56' title="bbox 143 5315 932 5395; baseline 0.003 -19"><span class='ocrx_word' id='word_1_368' title='bbox 143 5335 155 5369; x_wconf 84' lang='lat' dir='ltr'>r</span> <span class='ocrx_word' id='word_1_369' title='bbox 173 5317 254 5378; x_wconf 90' lang='lat' dir='ltr'>tibus</span> <span class='ocrx_word' id='word_1_370' title='bbox 269 5318 309 5378; x_wconf 89' lang='lat' dir='ltr'>ab</span> <span class='ocrx_word' id='word_1_371' title='bbox 324 5336 376 5387; x_wconf 87' lang='lat' dir='ltr'>ea;</span> <span class='ocrx_word' id='word_1_372' title='bbox 394 5335 430 5376; x_wconf 90' lang='lat' dir='ltr'>ac</span> <span class='ocrx_word' id='word_1_373' title='bbox 445 5315 526 5377; x_wconf 90' lang='lat' dir='ltr'>inter</span> <span class='ocrx_word' id='word_1_374' title='bbox 540 5321 721 5395; x_wconf 75' lang='lat' dir='ltr'>praesentes,</span> <span class='ocrx_word' id='word_1_375' title='bbox 739 5336 800 5378; x_wconf 93' lang='lat' dir='ltr'>non</span> <span class='ocrx_word' id='word_1_376' title='bbox 815 5319 932 5379; x_wconf 84' lang='lat' dir='ltr'>irenesi-</span> 
     </span>
     <span class='ocr_line' id='line_1_57' title="bbox 143 5404 932 5482; baseline 0.003 -18"><span class='ocrx_word' id='word_1_377' title='bbox 143 5421 156 5458; x_wconf 80' lang='lat' dir='ltr'>u</span> <span class='ocrx_word' id='word_1_378' title='bbox 174 5404 243 5467; x_wconf 89' lang='lat' dir='ltr'>ciali</span> <span class='ocrx_word' id='word_1_379' title='bbox 258 5404 463 5482; x_wconf 87' lang='lat' dir='ltr'>beneficialis,</span> <span class='ocrx_word' id='word_1_380' title='bbox 480 5409 511 5466; x_wconf 89' lang='lat' dir='ltr'>el</span> <span class='ocrx_word' id='word_1_381' title='bbox 524 5405 666 5466; x_wconf 91' lang='lat' dir='ltr'>similiter</span> <span class='ocrx_word' id='word_1_382' title='bbox 686 5405 768 5466; x_wconf 85' lang='lat' dir='ltr'>inter</span> <span class='ocrx_word' id='word_1_383' title='bbox 787 5407 932 5468; x_wconf 86' lang='lat' dir='ltr'>absentes</span> 
     </span>
     <span class='ocr_line' id='line_1_58' title="bbox 144 5490 933 5573; baseline 0.005 -21"><span class='ocrx_word' id='word_1_384' title='bbox 144 5509 157 5546; x_wconf 82' lang='lat' dir='ltr'>r</span> <span class='ocrx_word' id='word_1_385' title='bbox 175 5491 292 5556; x_wconf 76' lang='lat' dir='ltr'>caeteris</span> <span class='ocrx_word' id='word_1_386' title='bbox 305 5491 434 5572; x_wconf 89' lang='lat' dir='ltr'>paribus</span> <span class='ocrx_word' id='word_1_387' title='bbox 449 5490 601 5554; x_wconf 90' lang='lat' dir='ltr'>oriundus</span> <span class='ocrx_word' id='word_1_388' title='bbox 615 5511 677 5554; x_wconf 90' lang='lat' dir='ltr'>non</span> <span class='ocrx_word' id='word_1_389' title='bbox 691 5491 834 5573; x_wconf 90' lang='lat' dir='ltr'>oriundo,</span> <span class='ocrx_word' id='word_1_390' title='bbox 851 5492 933 5556; x_wconf 82' lang='lat' dir='ltr'>Dioc-</span> 
     </span>
    </p>
   </div>
   <div class='ocr_carea' id='block_1_14' title="bbox 934 1697 1526 1779">
    <p class='ocr_par' dir='ltr' id='par_1_17' title="bbox 934 1697 1526 1779">
     <span class='ocr_line' id='line_1_59' title="bbox 934 1697 1526 1779; baseline 0.005 -23"><span class='ocrx_word' id='word_1_391' title='bbox 934 1697 936 1701; x_wconf 80' lang='grc'><strong>’</strong></span> <span class='ocrx_word' id='word_1_392' title='bbox 964 1721 978 1756; x_wconf 84' lang='lat' dir='ltr'>n</span> <span class='ocrx_word' id='word_1_393' title='bbox 998 1697 1071 1758; x_wconf 86' lang='lat' dir='ltr'>ditae</span> <span class='ocrx_word' id='word_1_394' title='bbox 1087 1717 1142 1778; x_wconf 92' lang='lat' dir='ltr'>pro</span> <span class='ocrx_word' id='word_1_395' title='bbox 1167 1704 1318 1779; x_wconf 82' lang='lat' dir='ltr'>tempore,</span> <span class='ocrx_word' id='word_1_396' title='bbox 1345 1701 1459 1762; x_wconf 91' lang='lat' dir='ltr'>nullius</span> <span class='ocrx_word' id='word_1_397' title='bbox 1478 1701 1526 1761; x_wconf 89' lang='lat' dir='ltr'>sin</span> 
     </span>
    </p>
   </div>
   <div class='ocr_carea' id='block_1_15' title="bbox 1668 491 1742 572">
    <p class='ocr_par' dir='ltr' id='par_1_18' title="bbox 1668 491 1742 572">
     <span class='ocr_line' id='line_1_60' title="bbox 1668 491 1742 572; baseline 0 -15"><span class='ocrx_word' id='word_1_398' title='bbox 1668 491 1742 572; x_wconf 38' lang='lat' dir='ltr'>,ala</span> 
     </span>
    </p>
   </div>
   <div class='ocr_carea' id='block_1_16' title="bbox 950 679 1748 1299">
    <p class='ocr_par' dir='ltr' id='par_1_19' title="bbox 950 679 1748 1299">
     <span class='ocr_line' id='line_1_61' title="bbox 950 679 1748 764; baseline -0.001 -19"><span class='ocrx_word' id='word_1_399' title='bbox 950 688 1075 757; x_wconf 65' lang='lat' dir='ltr'>*vtem</span> <span class='ocrx_word' id='word_1_400' title='bbox 1092 681 1187 744; x_wconf 89' lang='lat' dir='ltr'>eliam</span> <span class='ocrx_word' id='word_1_401' title='bbox 1203 681 1337 742; x_wconf 91' lang='lat' dir='ltr'>multum</span> <span class='ocrx_word' id='word_1_402' title='bbox 1355 679 1484 744; x_wconf 89' lang='lat' dir='ltr'>inclinat</span> <span class='ocrx_word' id='word_1_403' title='bbox 1497 683 1574 762; x_wconf 83' lang='lat' dir='ltr'>Lug.</span> <span class='ocrx_word' id='word_1_404' title='bbox 1601 687 1748 764; x_wconf 84' lang='lat' dir='ltr'>tenetque</span> 
     </span>
     <span class='ocr_line' id='line_1_62' title="bbox 996 754 1747 878; baseline 0 -46"><span class='ocrx_word' id='word_1_405' title='bbox 996 754 1098 878; x_wconf 63' lang='lat' dir='ltr'>&lt;lapi</span> <span class='ocrx_word' id='word_1_406' title='bbox 1113 773 1204 832; x_wconf 91' lang='lat' dir='ltr'>Leur.</span> <span class='ocrx_word' id='word_1_407' title='bbox 1219 789 1253 852; x_wconf 88' lang='lat' dir='ltr'>p.</span> <span class='ocrx_word' id='word_1_408' title='bbox 1270 773 1300 848; x_wconf 88' lang='grc'>3,</span> <span class='ocrx_word' id='word_1_409' title='bbox 1312 791 1342 856; x_wconf 82' lang='lat' dir='ltr'>q.</span> <span class='ocrx_word' id='word_1_410' title='bbox 1354 772 1428 847; x_wconf 83' lang='grc'>838,</span> <span class='ocrx_word' id='word_1_411' title='bbox 1446 770 1601 850; x_wconf 88' lang='lat' dir='ltr'>(quamvis</span> <span class='ocrx_word' id='word_1_412' title='bbox 1625 771 1747 850; x_wconf 87' lang='lat' dir='ltr'>opposi-</span> 
     </span>
     <span class='ocr_line' id='line_1_63' title="bbox 1082 861 1746 949; baseline 0.003 -29"><span class='ocrx_word' id='word_1_413' title='bbox 1082 864 1256 949; x_wconf 49' lang='lat' dir='ltr'>*sessola</span> <span class='ocrx_word' id='word_1_414' title='bbox 1271 862 1341 934; x_wconf 71' lang='grc'><strong>351,</strong></span> <span class='ocrx_word' id='word_1_415' title='bbox 1354 862 1461 942; x_wconf 87' lang='lat' dir='ltr'>elpar.</span> <span class='ocrx_word' id='word_1_416' title='bbox 1477 863 1490 920; x_wconf 95' lang='lat' dir='ltr'>l</span> <span class='ocrx_word' id='word_1_417' title='bbox 1505 878 1513 932; x_wconf 92' lang='lat'>;</span> <span class='ocrx_word' id='word_1_418' title='bbox 1527 879 1558 940; x_wconf 91' lang='lat' dir='ltr'>q.</span> <span class='ocrx_word' id='word_1_419' title='bbox 1571 863 1641 936; x_wconf 74' lang='grc'><strong>111,</strong></span> <span class='ocrx_word' id='word_1_420' title='bbox 1659 879 1690 922; x_wconf 91' lang='grc'>6.</span> <span class='ocrx_word' id='word_1_421' title='bbox 1702 861 1746 940; x_wconf 82' lang='grc'>3,)</span> 
     </span>
     <span class='ocr_line' id='line_1_64' title="bbox 1142 947 1747 1032; baseline 0.003 -22"><span class='ocrx_word' id='word_1_422' title='bbox 1142 947 1204 1029; x_wconf 42' lang='grc' dir='ltr'>’ἧς</span> <span class='ocrx_word' id='word_1_423' title='bbox 1213 947 1456 1032; x_wconf 75' lang='lat' dir='ltr'>resignationem</span> <span class='ocrx_word' id='word_1_424' title='bbox 1474 954 1530 1009; x_wconf 88' lang='lat' dir='ltr'>aut</span> <span class='ocrx_word' id='word_1_425' title='bbox 1544 949 1747 1028; x_wconf 81' lang='lat' dir='ltr'>permutatio-</span> 
     </span>
     <span class='ocr_line' id='line_1_65' title="bbox 1215 1035 1746 1133; baseline 0.006 -38"><span class='ocrx_word' id='word_1_426' title='bbox 1215 1035 1368 1133; x_wconf 53' lang='lat' dir='ltr'>*rqeipit</span> <span class='ocrx_word' id='word_1_427' title='bbox 1391 1035 1432 1098; x_wconf 91' lang='lat' dir='ltr'>sit</span> <span class='ocrx_word' id='word_1_428' title='bbox 1446 1036 1624 1098; x_wconf 88' lang='lat' dir='ltr'>notabiliter</span> <span class='ocrx_word' id='word_1_429' title='bbox 1643 1037 1746 1098; x_wconf 90' lang='lat' dir='ltr'>minus</span> 
     </span>
     <span class='ocr_line' id='line_1_66' title="bbox 1289 1123 1747 1213; baseline 0.004 -29"><span class='ocrx_word' id='word_1_430' title='bbox 1289 1136 1421 1213; x_wconf 29' lang='lat' dir='ltr'>*abesse</span> <span class='ocrx_word' id='word_1_431' title='bbox 1438 1123 1634 1204; x_wconf 81' lang='lat' dir='ltr'>digniorem3</span> <span class='ocrx_word' id='word_1_432' title='bbox 1652 1124 1747 1186; x_wconf 91' lang='lat' dir='ltr'>ratio-</span> 
     </span>
     <span class='ocr_line' id='line_1_67' title="bbox 1353 1212 1742 1299; baseline 0.005 -28"><span class='ocrx_word' id='word_1_433' title='bbox 1353 1212 1598 1299; x_wconf 56' lang='lat' dir='ltr'>*eonsideranti</span> <span class='ocrx_word' id='word_1_434' title='bbox 1614 1213 1742 1292; x_wconf 89' lang='lat' dir='ltr'>patebit.</span> 
     </span>
    </p>
   </div>
   <div class='ocr_carea' id='block_1_17' title="bbox 965 1299 1812 1866">
    <p class='ocr_par' dir='ltr' id='par_1_20' title="bbox 965 1299 1812 1866">
     <span class='ocr_line' id='line_1_68' title="bbox 1473 1299 1746 1382; baseline 0.007 -22"><span class='ocrx_word' id='word_1_435' title='bbox 1473 1299 1674 1382; x_wconf 68' lang='lat' dir='ltr'>raedignieri</span> <span class='ocrx_word' id='word_1_436' title='bbox 1698 1303 1746 1362; x_wconf 88' lang='lat' dir='ltr'>esl</span> 
     </span>
     <span class='ocr_line' id='line_1_69' title="bbox 1419 1299 1812 1576; baseline -0.015 -126"><span class='ocrx_word' id='word_1_437' title='bbox 1419 1299 1741 1576; x_wconf 35' lang='lat' dir='ltr'>&amp;Qfflarb</span> <span class='ocrx_word' id='word_1_438' title='bbox 1772 1399 1812 1444; x_wconf 75' lang='lat' dir='ltr'>aar</span> 
     </span>
     <span class='ocr_line' id='line_1_70' title="bbox 1625 1479 1741 1577; baseline 0.009 -41"><span class='ocrx_word' id='word_1_439' title='bbox 1625 1496 1654 1536; x_wconf 84' lang='lat' dir='ltr'>a.</span> <span class='ocrx_word' id='word_1_440' title='bbox 1671 1479 1741 1577; x_wconf 67' lang='grc'><strong>111.</strong></span> 
     </span>
     <span class='ocr_line' id='line_1_71' title="bbox 1625 1574 1779 1775; baseline 0 0"><span class='ocrx_word' id='word_1_441' title='bbox 1625 1574 1779 1775; x_wconf 54' lang='lat' dir='ltr'>a.</span> 
     </span>
     <span class='ocr_line' id='line_1_72' title="bbox 965 1722 1794 1866; baseline -0.001 -24"><span class='ocrx_word' id='word_1_442' title='bbox 965 1807 979 1842; x_wconf 84' lang='lat' dir='ltr'>n</span> <span class='ocrx_word' id='word_1_443' title='bbox 998 1785 1190 1847; x_wconf 77' lang='lat' dir='ltr'>momenti.»</span> <span class='ocrx_word' id='word_1_444' title='bbox 1530 1722 1626 1866; x_wconf 38' lang='lat' dir='ltr'>N</span> <span class='ocrx_word' id='word_1_445' title='bbox 1782 1780 1794 1797; x_wconf 88' lang='grc'>““</span> 
     </span>
    </p>
   </div>
   <div class='ocr_carea' id='block_1_18' title="bbox 966 1858 1766 2486">
    <p class='ocr_par' dir='ltr' id='par_1_21' title="bbox 966 1858 1766 2486">
     <span class='ocr_line' id='line_1_73' title="bbox 1006 1858 1641 1955; baseline 0.003 -19"><span class='ocrx_word' id='word_1_446' title='bbox 1006 1873 1066 1952; x_wconf 68' lang='lat'>52.</span> <span class='ocrx_word' id='word_1_447' title='bbox 1085 1875 1117 1936; x_wconf 90' lang='lat' dir='ltr'>Si</span> <span class='ocrx_word' id='word_1_448' title='bbox 1132 1874 1201 1954; x_wconf 90' lang='lat' dir='ltr'>quis</span> <span class='ocrx_word' id='word_1_449' title='bbox 1216 1874 1349 1937; x_wconf 89' lang='lat' dir='ltr'>obtinuit</span> <span class='ocrx_word' id='word_1_450' title='bbox 1359 1875 1491 1955; x_wconf 84' lang='lat' dir='ltr'>gratiam</span> <span class='ocrx_word' id='word_1_451' title='bbox 1503 1877 1561 1938; x_wconf 91' lang='lat' dir='ltr'>sub</span> <span class='ocrx_word' id='word_1_452' title='bbox 1572 1858 1641 1938; x_wconf 48' lang='lat' dir='ltr'>conk</span> 
     </span>
     <span class='ocr_line' id='line_1_74' title="bbox 967 1961 1678 2042; baseline 0 -18"><span class='ocrx_word' id='word_1_453' title='bbox 967 1966 998 2024; x_wconf 91' lang='lat' dir='ltr'>cl</span> <span class='ocrx_word' id='word_1_454' title='bbox 1021 1961 1079 2022; x_wconf 89' lang='lat' dir='ltr'>hac</span> <span class='ocrx_word' id='word_1_455' title='bbox 1103 1961 1239 2022; x_wconf 90' lang='lat' dir='ltr'>necdum</span> <span class='ocrx_word' id='word_1_456' title='bbox 1264 1963 1439 2042; x_wconf 81' lang='lat' dir='ltr'>purificata,</span> <span class='ocrx_word' id='word_1_457' title='bbox 1464 1965 1544 2025; x_wconf 90' lang='lat' dir='ltr'>alius</span> <span class='ocrx_word' id='word_1_458' title='bbox 1568 1963 1619 2026; x_wconf 88' lang='lat' dir='ltr'>die</span> <span class='ocrx_word' id='word_1_459' title='bbox 1641 1983 1678 2024; x_wconf 90' lang='lat' dir='ltr'>ca</span> 
     </span>
     <span class='ocr_line' id='line_1_75' title="bbox 966 2050 1766 2132; baseline 0.001 -22"><span class='ocrx_word' id='word_1_460' title='bbox 966 2051 1016 2111; x_wconf 89' lang='lat' dir='ltr'>vel</span> <span class='ocrx_word' id='word_1_461' title='bbox 1031 2050 1125 2110; x_wconf 86' lang='lat' dir='ltr'>etiarn</span> <span class='ocrx_word' id='word_1_462' title='bbox 1141 2051 1312 2130; x_wconf 83' lang='lat' dir='ltr'>posterIore</span> <span class='ocrx_word' id='word_1_463' title='bbox 1325 2053 1464 2114; x_wconf 85' lang='lat' dir='ltr'>obtineat</span> <span class='ocrx_word' id='word_1_464' title='bbox 1475 2072 1564 2132; x_wconf 85' lang='lat' dir='ltr'>pure,</span> <span class='ocrx_word' id='word_1_465' title='bbox 1577 2071 1631 2112; x_wconf 93' lang='lat' dir='ltr'>seu</span> <span class='ocrx_word' id='word_1_466' title='bbox 1643 2051 1766 2130; x_wconf 89' lang='lat' dir='ltr'>absque</span> 
     </span>
     <span class='ocr_line' id='line_1_76' title="bbox 966 2137 1766 2220; baseline 0.001 -21"><span class='ocrx_word' id='word_1_467' title='bbox 966 2137 1157 2214; x_wconf 88' lang='lat' dir='ltr'>conditione,</span> <span class='ocrx_word' id='word_1_468' title='bbox 1184 2138 1233 2198; x_wconf 85' lang='lat' dir='ltr'>nic</span> <span class='ocrx_word' id='word_1_469' title='bbox 1258 2142 1419 2219; x_wconf 75' lang='lat' dir='ltr'>praevalet,</span> <span class='ocrx_word' id='word_1_470' title='bbox 1445 2141 1520 2220; x_wconf 86' lang='lat' dir='ltr'>quia</span> <span class='ocrx_word' id='word_1_471' title='bbox 1543 2139 1680 2201; x_wconf 90' lang='lat' dir='ltr'>conditio</span> <span class='ocrx_word' id='word_1_472' title='bbox 1700 2159 1766 2200; x_wconf 90' lang='lat' dir='ltr'>sus·</span> 
     </span>
     <span class='ocr_line' id='line_1_77' title="bbox 966 2226 1766 2306; baseline 0.001 -20"><span class='ocrx_word' id='word_1_473' title='bbox 966 2226 1124 2306; x_wconf 85' lang='lat' dir='ltr'>pendebat</span> <span class='ocrx_word' id='word_1_474' title='bbox 1147 2226 1370 2305; x_wconf 82' lang='lat' dir='ltr'>provisionem,</span> <span class='ocrx_word' id='word_1_475' title='bbox 1404 2229 1484 2288; x_wconf 89' lang='lat' dir='ltr'>aller</span> <span class='ocrx_word' id='word_1_476' title='bbox 1507 2232 1615 2289; x_wconf 90' lang='lat' dir='ltr'>autem</span> <span class='ocrx_word' id='word_1_477' title='bbox 1638 2227 1766 2289; x_wconf 88' lang='lat' dir='ltr'>interim</span> 
     </span>
     <span class='ocr_line' id='line_1_78' title="bbox 968 2315 1763 2398; baseline 0 -22"><span class='ocrx_word' id='word_1_478' title='bbox 968 2315 1133 2395; x_wconf 90' lang='lat' dir='ltr'>aequisivit</span> <span class='ocrx_word' id='word_1_479' title='bbox 1141 2316 1193 2396; x_wconf 88' lang='lat' dir='ltr'>jus</span> <span class='ocrx_word' id='word_1_480' title='bbox 1209 2315 1299 2394; x_wconf 89' lang='lat' dir='ltr'>inre,</span> <span class='ocrx_word' id='word_1_481' title='bbox 1325 2319 1399 2396; x_wconf 84' lang='lat' dir='ltr'>Cap.</span> <span class='ocrx_word' id='word_1_482' title='bbox 1417 2318 1454 2381; x_wconf 84' lang='lat' dir='ltr'>Si</span> <span class='ocrx_word' id='word_1_483' title='bbox 1462 2336 1520 2398; x_wconf 83' lang='lat' dir='ltr'>pro</span> <span class='ocrx_word' id='word_1_484' title='bbox 1536 2327 1573 2394; x_wconf 85' lang='grc'>16,</span> <span class='ocrx_word' id='word_1_485' title='bbox 1600 2319 1642 2378; x_wconf 88' lang='lat' dir='ltr'>De</span> <span class='ocrx_word' id='word_1_486' title='bbox 1664 2315 1763 2387; x_wconf 81' lang='lat' dir='ltr'>Rescr,</span> 
     </span>
     <span class='ocr_line' id='line_1_79' title="bbox 968 2405 1687 2486; baseline 0 -22"><span class='ocrx_word' id='word_1_487' title='bbox 968 2405 999 2464; x_wconf 84' lang='lat' dir='ltr'>in</span> <span class='ocrx_word' id='word_1_488' title='bbox 1011 2407 1041 2465; x_wconf 85' lang='lat'>5.</span> <span class='ocrx_word' id='word_1_489' title='bbox 1057 2406 1223 2482; x_wconf 77' lang='lat' dir='ltr'>baymam,</span> <span class='ocrx_word' id='word_1_490' title='bbox 1239 2407 1335 2483; x_wconf 80' lang='lat' dir='ltr'>Lett,</span> <span class='ocrx_word' id='word_1_491' title='bbox 1352 2406 1457 2484; x_wconf 89' lang='lat' dir='ltr'>Lcur.,</span> <span class='ocrx_word' id='word_1_492' title='bbox 1469 2425 1503 2486; x_wconf 83' lang='lat' dir='ltr'>p.</span> <span class='ocrx_word' id='word_1_493' title='bbox 1522 2409 1552 2483; x_wconf 77' lang='lat'>2,</span> <span class='ocrx_word' id='word_1_494' title='bbox 1569 2426 1599 2486; x_wconf 83' lang='lat' dir='ltr'>q.</span> <span class='ocrx_word' id='word_1_495' title='bbox 1617 2408 1687 2465; x_wconf 80' lang='grc'><strong>711.</strong></span> 
     </span>
    </p>
   </div>
   <div class='ocr_carea' id='block_1_19' title="bbox 962 910 1006 969">
    <p class='ocr_par' dir='ltr' id='par_1_22' title="bbox 962 910 1006 969">
     <span class='ocr_line' id='line_1_80' title="bbox 962 910 1006 969; baseline 0.023 -12"><span class='ocrx_word' id='word_1_496' title='bbox 962 910 1006 969; x_wconf 52' lang='lat' dir='ltr'>ir«¹¹</span> 
     </span>
    </p>
   </div>
   <div class='ocr_carea' id='block_1_20' title="bbox 962 1072 1155 1180">
    <p class='ocr_par' dir='ltr' id='par_1_23' title="bbox 962 1072 1155 1180">
     <span class='ocr_line' id='line_1_81' title="bbox 962 1072 1155 1180; baseline 0 -44"><span class='ocrx_word' id='word_1_497' title='bbox 962 1101 976 1136; x_wconf 81' lang='lat' dir='ltr'>n</span> <span class='ocrx_word' id='word_1_498' title='bbox 995 1072 1155 1180; x_wconf 45' lang='lat' dir='ltr'>freierusX</span> 
     </span>
    </p>
   </div>
   <div class='ocr_carea' id='block_1_21' title="bbox 963 1165 1149 1244">
    <p class='ocr_par' dir='ltr' id='par_1_24' title="bbox 963 1165 1149 1244">
     <span class='ocr_line' id='line_1_82' title="bbox 963 1165 1149 1244; baseline 0 -19"><span class='ocrx_word' id='word_1_499' title='bbox 963 1190 976 1226; x_wconf 81' lang='lat' dir='ltr'>a</span> <span class='ocrx_word' id='word_1_500' title='bbox 997 1165 1029 1228; x_wconf 87' lang='lat' dir='ltr'>Si</span> <span class='ocrx_word' id='word_1_501' title='bbox 1046 1184 1149 1244; x_wconf 82' lang='lat' dir='ltr'>ipsum</span> 
     </span>
    </p>
   </div>
   <div class='ocr_carea' id='block_1_22' title="bbox 963 1341 1450 1688">
    <p class='ocr_par' dir='ltr' id='par_1_25' title="bbox 963 1341 1278 1420">
     <span class='ocr_line' id='line_1_83' title="bbox 963 1341 1278 1420; baseline 0.006 -21"><span class='ocrx_word' id='word_1_502' title='bbox 963 1365 977 1400; x_wconf 79' lang='lat' dir='ltr'>n</span> <span class='ocrx_word' id='word_1_503' title='bbox 997 1341 1192 1402; x_wconf 89' lang='lat' dir='ltr'>diversarum</span> <span class='ocrx_word' id='word_1_504' title='bbox 1207 1360 1278 1420; x_wconf 80' lang='lat' dir='ltr'>pers</span> 
     </span>
    </p>

    <p class='ocr_par' dir='ltr' id='par_1_26' title="bbox 964 1429 1317 1510">
     <span class='ocr_line' id='line_1_84' title="bbox 964 1429 1317 1510; baseline 0.011 -22"><span class='ocrx_word' id='word_1_505' title='bbox 964 1453 977 1488; x_wconf 84' lang='lat' dir='ltr'>n</span> <span class='ocrx_word' id='word_1_506' title='bbox 996 1429 1055 1491; x_wconf 87' lang='lat' dir='ltr'>lire</span> <span class='ocrx_word' id='word_1_507' title='bbox 1078 1431 1253 1510; x_wconf 83' lang='lat' dir='ltr'>contigerit,</span> <span class='ocrx_word' id='word_1_508' title='bbox 1279 1451 1317 1492; x_wconf 91' lang='lat' dir='ltr'>vo</span> 
     </span>
    </p>

    <p class='ocr_par' dir='ltr' id='par_1_27' title="bbox 964 1519 1450 1688">
     <span class='ocr_line' id='line_1_85' title="bbox 964 1519 1396 1598; baseline 0.007 -21"><span class='ocrx_word' id='word_1_509' title='bbox 964 1541 978 1577; x_wconf 84' lang='lat' dir='ltr'>a</span> <span class='ocrx_word' id='word_1_510' title='bbox 998 1519 1116 1598; x_wconf 92' lang='lat' dir='ltr'>primus</span> <span class='ocrx_word' id='word_1_511' title='bbox 1130 1539 1298 1582; x_wconf 82' lang='lat' dir='ltr'>consensus</span> <span class='ocrx_word' id='word_1_512' title='bbox 1313 1526 1396 1583; x_wconf 90' lang='lat' dir='ltr'>tener</span> 
     </span>
     <span class='ocr_line' id='line_1_86' title="bbox 965 1611 1450 1688; baseline 0.016 -23"><span class='ocrx_word' id='word_1_513' title='bbox 965 1631 979 1666; x_wconf 80' lang='lat' dir='ltr'>r</span> <span class='ocrx_word' id='word_1_514' title='bbox 999 1627 1107 1670; x_wconf 90' lang='lat' dir='ltr'>eorum</span> <span class='ocrx_word' id='word_1_515' title='bbox 1122 1614 1274 1688; x_wconf 85' lang='lat' dir='ltr'>praelexlu</span> <span class='ocrx_word' id='word_1_516' title='bbox 1287 1611 1380 1673; x_wconf 91' lang='lat' dir='ltr'>eliam</span> <span class='ocrx_word' id='word_1_517' title='bbox 1392 1612 1450 1673; x_wconf 89' lang='lat' dir='ltr'>sub</span> 
     </span>
    </p>
   </div>
   <div class='ocr_carea' id='block_1_23' title="bbox 1007 2491 1908 2572">
    <p class='ocr_par' dir='ltr' id='par_1_28' title="bbox 1007 2491 1908 2572">
     <span class='ocr_line' id='line_1_87' title="bbox 1007 2491 1908 2572; baseline 0 -18"><span class='ocrx_word' id='word_1_518' title='bbox 1007 2494 1026 2571; x_wconf 64' lang='grc' dir='ltr'><strong>ἓ</strong></span> <span class='ocrx_word' id='word_1_519' title='bbox 1040 2495 1068 2554; x_wconf 87' lang='grc'>3.</span> <span class='ocrx_word' id='word_1_520' title='bbox 1091 2491 1123 2553; x_wconf 92' lang='lat' dir='ltr'>Si</span> <span class='ocrx_word' id='word_1_521' title='bbox 1139 2494 1224 2572; x_wconf 84' lang='lat' dir='ltr'>Papa</span> <span class='ocrx_word' id='word_1_522' title='bbox 1239 2495 1346 2556; x_wconf 90' lang='lat' dir='ltr'>volens</span> <span class='ocrx_word' id='word_1_523' title='bbox 1361 2513 1560 2572; x_wconf 88' lang='lat' dir='ltr'>concurrere,</span> <span class='ocrx_word' id='word_1_524' title='bbox 1577 2513 1633 2554; x_wconf 92' lang='lat' dir='ltr'>scu</span> <span class='ocrx_word' id='word_1_525' title='bbox 1647 2512 1766 2572; x_wconf 83' lang='lat' dir='ltr'>praeve.</span> <span class='ocrx_word' id='word_1_526' title='bbox 1794 2517 1834 2565; x_wconf 59' lang='lat'>510</span> <span class='ocrx_word' id='word_1_527' title='bbox 1904 2515 1908 2522; x_wconf 91' lang='lat'>·</span> 
     </span>
    </p>
   </div>
   <div class='ocr_carea' id='block_1_24' title="bbox 968 2582 1776 5571">
    <p class='ocr_par' dir='ltr' id='par_1_29' title="bbox 968 2582 1776 5571">
     <span class='ocr_line' id='line_1_88' title="bbox 968 2582 1764 2664; baseline 0 -21"><span class='ocrx_word' id='word_1_528' title='bbox 968 2582 1047 2656; x_wconf 87' lang='lat' dir='ltr'>nire,</span> <span class='ocrx_word' id='word_1_529' title='bbox 1070 2583 1235 2644; x_wconf 89' lang='lat' dir='ltr'>contulerit</span> <span class='ocrx_word' id='word_1_530' title='bbox 1255 2583 1366 2644; x_wconf 89' lang='lat' dir='ltr'>eadem</span> <span class='ocrx_word' id='word_1_531' title='bbox 1390 2583 1441 2644; x_wconf 91' lang='lat' dir='ltr'>die</span> <span class='ocrx_word' id='word_1_532' title='bbox 1461 2583 1649 2644; x_wconf 87' lang='lat' dir='ltr'>beneficium</span> <span class='ocrx_word' id='word_1_533' title='bbox 1669 2582 1764 2664; x_wconf 82' lang='lat' dir='ltr'>Titio,</span> 
     </span>
     <span class='ocr_line' id='line_1_89' title="bbox 970 2668 1764 2750; baseline 0 -20"><span class='ocrx_word' id='word_1_534' title='bbox 970 2674 1000 2731; x_wconf 87' lang='lat' dir='ltr'>el</span> <span class='ocrx_word' id='word_1_535' title='bbox 1014 2668 1196 2731; x_wconf 86' lang='lat' dir='ltr'>Ordinarius</span> <span class='ocrx_word' id='word_1_536' title='bbox 1211 2669 1295 2748; x_wconf 85' lang='lat' dir='ltr'>Gaio,</span> <span class='ocrx_word' id='word_1_537' title='bbox 1313 2671 1364 2750; x_wconf 90' lang='lat' dir='ltr'>qui</span> <span class='ocrx_word' id='word_1_538' title='bbox 1381 2671 1475 2732; x_wconf 90' lang='lat' dir='ltr'>etiam</span> <span class='ocrx_word' id='word_1_539' title='bbox 1490 2669 1575 2749; x_wconf 90' lang='lat' dir='ltr'>prior</span> <span class='ocrx_word' id='word_1_540' title='bbox 1594 2669 1764 2748; x_wconf 89' lang='lat' dir='ltr'>possideat,</span> 
     </span>
     <span class='ocr_line' id='line_1_90' title="bbox 970 2755 1764 2834; baseline 0 -15"><span class='ocrx_word' id='word_1_541' title='bbox 970 2757 1061 2819; x_wconf 87' lang='lat' dir='ltr'>Gaius</span> <span class='ocrx_word' id='word_1_542' title='bbox 1075 2755 1240 2834; x_wconf 79' lang='lat' dir='ltr'>praefertur</span> <span class='ocrx_word' id='word_1_543' title='bbox 1254 2758 1428 2819; x_wconf 90' lang='lat' dir='ltr'>secundum</span> <span class='ocrx_word' id='word_1_544' title='bbox 1442 2758 1526 2820; x_wconf 87' lang='grc'><strong>61616</strong></span> <span class='ocrx_word' id='word_1_545' title='bbox 1535 2778 1565 2818; x_wconf 86' lang='grc'>6.</span> <span class='ocrx_word' id='word_1_546' title='bbox 1582 2761 1638 2819; x_wconf 79' lang='lat' dir='ltr'>lrl</span> <span class='ocrx_word' id='word_1_547' title='bbox 1656 2761 1764 2819; x_wconf 81' lang='grc'><strong>61616.</strong></span> 
     </span>
     <span class='ocr_line' id='line_1_91' title="bbox 971 2845 1769 2926; baseline -0.001 -18"><span class='ocrx_word' id='word_1_548' title='bbox 971 2845 1003 2908; x_wconf 79' lang='lat' dir='ltr'>Si</span> <span class='ocrx_word' id='word_1_549' title='bbox 1019 2851 1131 2906; x_wconf 88' lang='lat' dir='ltr'>neuter</span> <span class='ocrx_word' id='word_1_550' title='bbox 1152 2847 1322 2925; x_wconf 88' lang='lat' dir='ltr'>possideat,</span> <span class='ocrx_word' id='word_1_551' title='bbox 1346 2867 1404 2909; x_wconf 90' lang='lat' dir='ltr'>nee</span> <span class='ocrx_word' id='word_1_552' title='bbox 1418 2849 1546 2924; x_wconf 87' lang='lat' dir='ltr'>sciatur,</span> <span class='ocrx_word' id='word_1_553' title='bbox 1564 2846 1633 2926; x_wconf 90' lang='lat' dir='ltr'>quis</span> <span class='ocrx_word' id='word_1_554' title='bbox 1647 2865 1769 2926; x_wconf 82' lang='lat' dir='ltr'>praeve·</span> 
     </span>
     <span class='ocr_line' id='line_1_92' title="bbox 970 2935 1767 3017; baseline 0.001 -21"><span class='ocrx_word' id='word_1_555' title='bbox 970 2935 1062 3012; x_wconf 81' lang='grc'><strong>66611,</strong></span> <span class='ocrx_word' id='word_1_556' title='bbox 1088 2936 1254 3013; x_wconf 76' lang='lat' dir='ltr'>praefertur</span> <span class='ocrx_word' id='word_1_557' title='bbox 1275 2935 1384 3014; x_wconf 84' lang='lat' dir='ltr'>Titius,</span> <span class='ocrx_word' id='word_1_558' title='bbox 1406 2937 1482 3017; x_wconf 90' lang='lat' dir='ltr'>quia</span> <span class='ocrx_word' id='word_1_559' title='bbox 1495 2940 1542 2998; x_wconf 90' lang='grc'>661</span> <span class='ocrx_word' id='word_1_560' title='bbox 1564 2935 1767 3016; x_wconf 79' lang='lat' dir='ltr'>praesumptio</span> 
     </span>
     <span class='ocr_line' id='line_1_93' title="bbox 971 3021 1766 3103; baseline 0.001 -20"><span class='ocrx_word' id='word_1_561' title='bbox 971 3040 1028 3102; x_wconf 93' lang='lat' dir='ltr'>pro</span> <span class='ocrx_word' id='word_1_562' title='bbox 1043 3021 1121 3082; x_wconf 87' lang='lat' dir='ltr'>falso</span> <span class='ocrx_word' id='word_1_563' title='bbox 1137 3022 1276 3084; x_wconf 88' lang='lat' dir='ltr'>antidate</span> <span class='ocrx_word' id='word_1_564' title='bbox 1291 3023 1460 3100; x_wconf 86' lang='lat' dir='ltr'>Ordinarii‚</span> <span class='ocrx_word' id='word_1_565' title='bbox 1476 3041 1544 3103; x_wconf 82' lang='lat' dir='ltr'>arg.</span> <span class='ocrx_word' id='word_1_566' title='bbox 1562 3042 1589 3084; x_wconf 92' lang='lat' dir='ltr'>c.</span> <span class='ocrx_word' id='word_1_567' title='bbox 1608 3021 1646 3084; x_wconf 88' lang='lat' dir='ltr'>Si</span> <span class='ocrx_word' id='word_1_568' title='bbox 1660 3043 1678 3084; x_wconf 86' lang='lat' dir='ltr'>a</span> <span class='ocrx_word' id='word_1_569' title='bbox 1692 3022 1766 3100; x_wconf 86' lang='lat' dir='ltr'>sede,</span> 
     </span>
     <span class='ocr_line' id='line_1_94' title="bbox 971 3108 1766 3188; baseline 0.001 -17"><span class='ocrx_word' id='word_1_570' title='bbox 971 3108 1016 3171; x_wconf 73' lang='lat' dir='ltr'>lle</span> <span class='ocrx_word' id='word_1_571' title='bbox 1038 3109 1135 3172; x_wconf 82' lang='lat' dir='ltr'>Proeb.</span> <span class='ocrx_word' id='word_1_572' title='bbox 1158 3109 1190 3169; x_wconf 79' lang='lat' dir='ltr'>in</span> <span class='ocrx_word' id='word_1_573' title='bbox 1210 3112 1246 3184; x_wconf 80' lang='lat'>63</span> <span class='ocrx_word' id='word_1_574' title='bbox 1271 3110 1380 3187; x_wconf 81' lang='lat' dir='ltr'>Barb,</span> <span class='ocrx_word' id='word_1_575' title='bbox 1398 3113 1506 3188; x_wconf 86' lang='lat' dir='ltr'>Gonz.,</span> <span class='ocrx_word' id='word_1_576' title='bbox 1531 3113 1645 3187; x_wconf 76' lang='lat' dir='ltr'>Casta,</span> <span class='ocrx_word' id='word_1_577' title='bbox 1670 3113 1766 3188; x_wconf 87' lang='lat' dir='ltr'>Luca,</span> 
     </span>
     <span class='ocr_line' id='line_1_95' title="bbox 972 3199 1769 3280; baseline 0 -20"><span class='ocrx_word' id='word_1_578' title='bbox 972 3199 1071 3276; x_wconf 87' lang='lat' dir='ltr'>Pirh.,</span> <span class='ocrx_word' id='word_1_579' title='bbox 1087 3200 1194 3274; x_wconf 83' lang='lat' dir='ltr'>Lcur.,</span> <span class='ocrx_word' id='word_1_580' title='bbox 1211 3220 1241 3280; x_wconf 81' lang='lat' dir='ltr'>q.</span> <span class='ocrx_word' id='word_1_581' title='bbox 1258 3203 1326 3262; x_wconf 86' lang='grc'><strong>518.</strong></span> <span class='ocrx_word' id='word_1_582' title='bbox 1346 3200 1377 3262; x_wconf 92' lang='lat' dir='ltr'>Si</span> <span class='ocrx_word' id='word_1_583' title='bbox 1395 3200 1487 3261; x_wconf 85' lang='lat' dir='ltr'>Caius</span> <span class='ocrx_word' id='word_1_584' title='bbox 1502 3199 1655 3261; x_wconf 84' lang='lat' dir='ltr'>moriatur</span> <span class='ocrx_word' id='word_1_585' title='bbox 1669 3203 1700 3260; x_wconf 88' lang='lat' dir='ltr'>et</span> <span class='ocrx_word' id='word_1_586' title='bbox 1714 3201 1769 3261; x_wconf 88' lang='lat' dir='ltr'>Or-</span> 
     </span>
     <span class='ocr_line' id='line_1_96' title="bbox 973 3287 1769 3367; baseline -0.001 -18"><span class='ocrx_word' id='word_1_587' title='bbox 973 3287 1113 3349; x_wconf 91' lang='lat' dir='ltr'>dinarius</span> <span class='ocrx_word' id='word_1_588' title='bbox 1127 3287 1293 3350; x_wconf 86' lang='lat' dir='ltr'>substituat</span> <span class='ocrx_word' id='word_1_589' title='bbox 1308 3288 1540 3367; x_wconf 87' lang='lat' dir='ltr'>Sempronium,</span> <span class='ocrx_word' id='word_1_590' title='bbox 1557 3288 1701 3367; x_wconf 88' lang='lat' dir='ltr'>quamvis</span> <span class='ocrx_word' id='word_1_591' title='bbox 1716 3287 1769 3348; x_wconf 91' lang='lat' dir='ltr'>bie</span> 
     </span>
     <span class='ocr_line' id='line_1_97' title="bbox 974 3375 1770 3456; baseline 0 -18"><span class='ocrx_word' id='word_1_592' title='bbox 974 3382 1046 3438; x_wconf 88' lang='lat' dir='ltr'>ante</span> <span class='ocrx_word' id='word_1_593' title='bbox 1061 3375 1176 3437; x_wconf 85' lang='lat' dir='ltr'>Titium</span> <span class='ocrx_word' id='word_1_594' title='bbox 1192 3377 1295 3454; x_wconf 87' lang='lat' dir='ltr'>capiat</span> <span class='ocrx_word' id='word_1_595' title='bbox 1309 3376 1549 3456; x_wconf 88' lang='lat' dir='ltr'>possessionem,</span> <span class='ocrx_word' id='word_1_596' title='bbox 1568 3375 1673 3438; x_wconf 88' lang='lat' dir='ltr'>adhue</span> <span class='ocrx_word' id='word_1_597' title='bbox 1687 3395 1770 3456; x_wconf 69' lang='lat' dir='ltr'>praa-</span> 
     </span>
     <span class='ocr_line' id='line_1_98' title="bbox 974 3464 1769 3545; baseline 0 -19"><span class='ocrx_word' id='word_1_598' title='bbox 974 3465 1122 3526; x_wconf 84' lang='lat' dir='ltr'>fcrendus</span> <span class='ocrx_word' id='word_1_599' title='bbox 1145 3465 1204 3526; x_wconf 90' lang='lat' dir='ltr'>erit</span> <span class='ocrx_word' id='word_1_600' title='bbox 1225 3464 1335 3542; x_wconf 85' lang='lat' dir='ltr'>Titius,</span> <span class='ocrx_word' id='word_1_601' title='bbox 1354 3466 1429 3545; x_wconf 89' lang='lat' dir='ltr'>quia</span> <span class='ocrx_word' id='word_1_602' title='bbox 1446 3465 1490 3526; x_wconf 89' lang='lat' dir='ltr'>sic</span> <span class='ocrx_word' id='word_1_603' title='bbox 1519 3464 1659 3526; x_wconf 88' lang='lat' dir='ltr'>decisum</span> <span class='ocrx_word' id='word_1_604' title='bbox 1684 3469 1731 3526; x_wconf 90' lang='lat' dir='ltr'>esl</span> <span class='ocrx_word' id='word_1_605' title='bbox 1749 3483 1769 3526; x_wconf 90' lang='lat' dir='ltr'>a</span> 
     </span>
     <span class='ocr_line' id='line_1_99' title="bbox 975 3553 1770 3636; baseline 0 -20"><span class='ocrx_word' id='word_1_606' title='bbox 975 3557 1055 3616; x_wconf 84' lang='lat' dir='ltr'>Rota</span> <span class='ocrx_word' id='word_1_607' title='bbox 1068 3554 1153 3632; x_wconf 89' lang='lat' dir='ltr'>apud</span> <span class='ocrx_word' id='word_1_608' title='bbox 1174 3556 1268 3614; x_wconf 89' lang='lat' dir='ltr'>Gonz.</span> <span class='ocrx_word' id='word_1_609' title='bbox 1286 3561 1317 3615; x_wconf 89' lang='lat' dir='ltr'>el</span> <span class='ocrx_word' id='word_1_610' title='bbox 1336 3557 1443 3632; x_wconf 89' lang='lat' dir='ltr'>Lcur.,</span> <span class='ocrx_word' id='word_1_611' title='bbox 1459 3575 1489 3636; x_wconf 85' lang='lat' dir='ltr'>q.</span> <span class='ocrx_word' id='word_1_612' title='bbox 1506 3557 1576 3630; x_wconf 73' lang='lat'>825,</span> <span class='ocrx_word' id='word_1_613' title='bbox 1593 3556 1670 3616; x_wconf 77' lang='grc'><strong>(1.1.</strong></span> <span class='ocrx_word' id='word_1_614' title='bbox 1689 3553 1770 3627; x_wconf 85' lang='lat' dir='ltr'>Quid</span> 
     </span>
     <span class='ocr_line' id='line_1_100' title="bbox 976 3642 1771 3721; baseline -0.003 -17"><span class='ocrx_word' id='word_1_615' title='bbox 976 3647 1081 3704; x_wconf 89' lang='lat' dir='ltr'>autem</span> <span class='ocrx_word' id='word_1_616' title='bbox 1102 3642 1279 3721; x_wconf 86' lang='lat' dir='ltr'>requiratur</span> <span class='ocrx_word' id='word_1_617' title='bbox 1294 3643 1333 3702; x_wconf 90' lang='lat' dir='ltr'>ad</span> <span class='ocrx_word' id='word_1_618' title='bbox 1355 3643 1531 3702; x_wconf 87' lang='lat' dir='ltr'>faciendam</span> <span class='ocrx_word' id='word_1_619' title='bbox 1546 3643 1641 3703; x_wconf 84' lang='lat' dir='ltr'>fidem</span> <span class='ocrx_word' id='word_1_620' title='bbox 1656 3642 1695 3702; x_wconf 93' lang='lat' dir='ltr'>de</span> <span class='ocrx_word' id='word_1_621' title='bbox 1714 3661 1771 3702; x_wconf 92' lang='lat' dir='ltr'>an-</span> 
     </span>
     <span class='ocr_line' id='line_1_101' title="bbox 976 3731 1767 3813; baseline 0 -19"><span class='ocrx_word' id='word_1_622' title='bbox 976 3731 1090 3794; x_wconf 89' lang='lat' dir='ltr'>teriore</span> <span class='ocrx_word' id='word_1_623' title='bbox 1109 3731 1287 3810; x_wconf 82' lang='lat' dir='ltr'>provisione</span> <span class='ocrx_word' id='word_1_624' title='bbox 1311 3731 1479 3793; x_wconf 80' lang='grc'><strong>06616661.</strong></span> <span class='ocrx_word' id='word_1_625' title='bbox 1506 3731 1585 3793; x_wconf 87' lang='lat' dir='ltr'>Vide</span> <span class='ocrx_word' id='word_1_626' title='bbox 1606 3733 1714 3810; x_wconf 85' lang='lat' dir='ltr'>Lcur.,</span> <span class='ocrx_word' id='word_1_627' title='bbox 1737 3752 1767 3813; x_wconf 86' lang='lat' dir='ltr'>q.</span> 
     </span>
     <span class='ocr_line' id='line_1_102' title="bbox 977 3817 1771 3898; baseline -0.003 -17"><span class='ocrx_word' id='word_1_628' title='bbox 977 3823 1045 3882; x_wconf 87' lang='grc'><strong>519.</strong></span> <span class='ocrx_word' id='word_1_629' title='bbox 1065 3817 1095 3880; x_wconf 91' lang='lat' dir='ltr'>Si</span> <span class='ocrx_word' id='word_1_630' title='bbox 1112 3823 1176 3879; x_wconf 86' lang='lat' dir='ltr'>tarn</span> <span class='ocrx_word' id='word_1_631' title='bbox 1190 3818 1289 3880; x_wconf 86' lang='lat' dir='ltr'>Titius</span> <span class='ocrx_word' id='word_1_632' title='bbox 1300 3838 1395 3898; x_wconf 88' lang='lat' dir='ltr'>quam</span> <span class='ocrx_word' id='word_1_633' title='bbox 1410 3819 1501 3881; x_wconf 87' lang='lat' dir='ltr'>Gaius</span> <span class='ocrx_word' id='word_1_634' title='bbox 1516 3819 1634 3898; x_wconf 91' lang='lat' dir='ltr'>ceperit</span> <span class='ocrx_word' id='word_1_635' title='bbox 1647 3838 1771 3898; x_wconf 89' lang='lat' dir='ltr'>posses-</span> 
     </span>
     <span class='ocr_line' id='line_1_103' title="bbox 978 3906 1771 3986; baseline 0 -18"><span class='ocrx_word' id='word_1_636' title='bbox 978 3906 1109 3982; x_wconf 89' lang='lat' dir='ltr'>sionem,</span> <span class='ocrx_word' id='word_1_637' title='bbox 1127 3909 1158 3966; x_wconf 98' lang='grc'>61</span> <span class='ocrx_word' id='word_1_638' title='bbox 1180 3906 1316 3985; x_wconf 87' lang='lat' dir='ltr'>previsIo</span> <span class='ocrx_word' id='word_1_639' title='bbox 1340 3906 1435 3968; x_wconf 91' lang='lat' dir='ltr'>solius</span> <span class='ocrx_word' id='word_1_640' title='bbox 1456 3906 1521 3968; x_wconf 82' lang='lat' dir='ltr'>Gaii</span> <span class='ocrx_word' id='word_1_641' title='bbox 1538 3906 1692 3986; x_wconf 85' lang='lat' dir='ltr'>exprimat</span> <span class='ocrx_word' id='word_1_642' title='bbox 1714 3908 1771 3968; x_wconf 91' lang='lat' dir='ltr'>bo-</span> 
     </span>
     <span class='ocr_line' id='line_1_104' title="bbox 979 3994 1768 4076; baseline 0.004 -20"><span class='ocrx_word' id='word_1_643' title='bbox 979 4013 1067 4072; x_wconf 92' lang='lat' dir='ltr'>ram,</span> <span class='ocrx_word' id='word_1_644' title='bbox 1091 3995 1257 4073; x_wconf 78' lang='lat' dir='ltr'>praelcrlur</span> <span class='ocrx_word' id='word_1_645' title='bbox 1279 3994 1390 4068; x_wconf 79' lang='lat' dir='ltr'>Gains3</span> <span class='ocrx_word' id='word_1_646' title='bbox 1416 3995 1442 4057; x_wconf 88' lang='lat' dir='ltr'>si</span> <span class='ocrx_word' id='word_1_647' title='bbox 1466 3995 1565 4057; x_wconf 82' lang='lat' dir='ltr'>&#39;lilius</span> <span class='ocrx_word' id='word_1_648' title='bbox 1590 3996 1768 4076; x_wconf 88' lang='lat' dir='ltr'>possideat,</span> 
     </span>
     <span class='ocr_line' id='line_1_105' title="bbox 980 4081 1772 4163; baseline 0.004 -20"><span class='ocrx_word' id='word_1_649' title='bbox 980 4081 1122 4162; x_wconf 87' lang='lat' dir='ltr'>quamvis</span> <span class='ocrx_word' id='word_1_650' title='bbox 1144 4082 1279 4162; x_wconf 89' lang='lat' dir='ltr'>provisio</span> <span class='ocrx_word' id='word_1_651' title='bbox 1302 4081 1396 4163; x_wconf 89' lang='lat' dir='ltr'>hujus</span> <span class='ocrx_word' id='word_1_652' title='bbox 1420 4101 1482 4144; x_wconf 94' lang='lat' dir='ltr'>non</span> <span class='ocrx_word' id='word_1_653' title='bbox 1506 4084 1696 4161; x_wconf 83' lang='lat' dir='ltr'>expresserit</span> <span class='ocrx_word' id='word_1_654' title='bbox 1715 4085 1772 4146; x_wconf 90' lang='lat' dir='ltr'>Iro·</span> 
     </span>
     <span class='ocr_line' id='line_1_106' title="bbox 979 4170 1770 4253; baseline 0.004 -21"><span class='ocrx_word' id='word_1_655' title='bbox 979 4191 1059 4248; x_wconf 91' lang='lat' dir='ltr'>ram,</span> <span class='ocrx_word' id='word_1_656' title='bbox 1075 4170 1199 4231; x_wconf 89' lang='lat' dir='ltr'>videtur</span> <span class='ocrx_word' id='word_1_657' title='bbox 1218 4171 1443 4250; x_wconf 73' lang='lat' dir='ltr'>praeferendus,</span> <span class='ocrx_word' id='word_1_658' title='bbox 1459 4171 1533 4233; x_wconf 88' lang='grc'><strong>11661</strong></span> <span class='ocrx_word' id='word_1_659' title='bbox 1551 4173 1616 4234; x_wconf 86' lang='lat' dir='ltr'>Gaii</span> <span class='ocrx_word' id='word_1_660' title='bbox 1632 4173 1770 4253; x_wconf 91' lang='lat' dir='ltr'>previsio</span> 
     </span>
     <span class='ocr_line' id='line_1_107' title="bbox 981 4259 1773 4341; baseline 0.005 -21"><span class='ocrx_word' id='word_1_661' title='bbox 981 4261 1090 4320; x_wconf 89' lang='lat' dir='ltr'>boram</span> <span class='ocrx_word' id='word_1_662' title='bbox 1106 4259 1302 4337; x_wconf 87' lang='lat' dir='ltr'>expresserit,</span> <span class='ocrx_word' id='word_1_663' title='bbox 1321 4259 1394 4339; x_wconf 88' lang='lat' dir='ltr'>quia</span> <span class='ocrx_word' id='word_1_664' title='bbox 1417 4261 1621 4339; x_wconf 72' lang='lat' dir='ltr'>praesumptio</span> <span class='ocrx_word' id='word_1_665' title='bbox 1644 4281 1680 4322; x_wconf 89' lang='lat' dir='ltr'>ex</span> <span class='ocrx_word' id='word_1_666' title='bbox 1701 4279 1773 4341; x_wconf 85' lang='lat' dir='ltr'>pos-</span> 
     </span>
     <span class='ocr_line' id='line_1_108' title="bbox 981 4345 1772 4426; baseline 0.003 -18"><span class='ocrx_word' id='word_1_667' title='bbox 981 4345 1118 4408; x_wconf 86' lang='lat' dir='ltr'>sessione</span> <span class='ocrx_word' id='word_1_668' title='bbox 1133 4346 1256 4407; x_wconf 91' lang='lat' dir='ltr'>videtur</span> <span class='ocrx_word' id='word_1_669' title='bbox 1270 4365 1418 4426; x_wconf 89' lang='lat' dir='ltr'>superare</span> <span class='ocrx_word' id='word_1_670' title='bbox 1439 4347 1718 4426; x_wconf 75' lang='lat' dir='ltr'>praesumptionem</span> <span class='ocrx_word' id='word_1_671' title='bbox 1734 4369 1772 4410; x_wconf 85' lang='lat' dir='ltr'>ex</span> 
     </span>
     <span class='ocr_line' id='line_1_109' title="bbox 982 4434 1770 4518; baseline 0.004 -22"><span class='ocrx_word' id='word_1_672' title='bbox 982 4435 1076 4508; x_wconf 88' lang='lat' dir='ltr'>lrora;</span> <span class='ocrx_word' id='word_1_673' title='bbox 1090 4435 1209 4514; x_wconf 82' lang='lat' dir='ltr'>&#39;Iiraq.,</span> <span class='ocrx_word' id='word_1_674' title='bbox 1222 4434 1390 4512; x_wconf 87' lang='lat' dir='ltr'>Illascurd.,</span> <span class='ocrx_word' id='word_1_675' title='bbox 1406 4435 1528 4514; x_wconf 81' lang='lat' dir='ltr'>itehal,</span> <span class='ocrx_word' id='word_1_676' title='bbox 1542 4439 1651 4514; x_wconf 90' lang='lat' dir='ltr'>Gonz.,</span> <span class='ocrx_word' id='word_1_677' title='bbox 1664 4439 1770 4518; x_wconf 86' lang='lat' dir='ltr'>Lcur.,</span> 
     </span>
     <span class='ocr_line' id='line_1_110' title="bbox 981 4524 1774 4604; baseline 0.005 -20"><span class='ocrx_word' id='word_1_678' title='bbox 981 4543 1008 4604; x_wconf 82' lang='lat' dir='ltr'>q.</span> <span class='ocrx_word' id='word_1_679' title='bbox 1031 4527 1102 4602; x_wconf 70' lang='lat'>825,</span> <span class='ocrx_word' id='word_1_680' title='bbox 1127 4543 1158 4584; x_wconf 83' lang='lat' dir='ltr'>a.</span> <span class='ocrx_word' id='word_1_681' title='bbox 1184 4526 1214 4601; x_wconf 74' lang='lat'>2,</span> <span class='ocrx_word' id='word_1_682' title='bbox 1240 4527 1350 4584; x_wconf 87' lang='lat' dir='ltr'>contra</span> <span class='ocrx_word' id='word_1_683' title='bbox 1375 4524 1531 4602; x_wconf 71' lang='grc'><strong>11666616,</strong></span> <span class='ocrx_word' id='word_1_684' title='bbox 1548 4525 1654 4588; x_wconf 89' lang='grc' dir='ltr'><strong>Μ666.</strong></span> <span class='ocrx_word' id='word_1_685' title='bbox 1681 4527 1774 4600; x_wconf 86' lang='lat' dir='ltr'>Quod</span> 
     </span>
     <span class='ocr_line' id='line_1_111' title="bbox 983 4610 1771 4692; baseline 0.005 -18"><span class='ocrx_word' id='word_1_686' title='bbox 983 4615 1078 4674; x_wconf 85' lang='lat' dir='ltr'>Gonz.</span> <span class='ocrx_word' id='word_1_687' title='bbox 1109 4610 1215 4672; x_wconf 90' lang='lat' dir='ltr'>etalii</span> <span class='ocrx_word' id='word_1_688' title='bbox 1238 4613 1438 4688; x_wconf 86' lang='lat' dir='ltr'>cumLeur.,</span> <span class='ocrx_word' id='word_1_689' title='bbox 1462 4633 1492 4672; x_wconf 87' lang='lat' dir='ltr'>a.</span> <span class='ocrx_word' id='word_1_690' title='bbox 1526 4617 1556 4690; x_wconf 88' lang='grc'>3,</span> <span class='ocrx_word' id='word_1_691' title='bbox 1587 4613 1771 4692; x_wconf 85' lang='lat' dir='ltr'>extendunt,</span> 
     </span>
     <span class='ocr_line' id='line_1_112' title="bbox 983 4699 1773 4780; baseline 0.004 -18"><span class='ocrx_word' id='word_1_692' title='bbox 983 4699 1104 4763; x_wconf 89' lang='lat' dir='ltr'>etiamsi</span> <span class='ocrx_word' id='word_1_693' title='bbox 1119 4699 1272 4779; x_wconf 88' lang='lat' dir='ltr'>possessio</span> <span class='ocrx_word' id='word_1_694' title='bbox 1288 4718 1350 4760; x_wconf 93' lang='lat' dir='ltr'>non</span> <span class='ocrx_word' id='word_1_695' title='bbox 1365 4699 1406 4762; x_wconf 91' lang='lat' dir='ltr'>sil</span> <span class='ocrx_word' id='word_1_696' title='bbox 1419 4704 1510 4780; x_wconf 86' lang='lat' dir='ltr'>capla</span> <span class='ocrx_word' id='word_1_697' title='bbox 1525 4701 1636 4765; x_wconf 85' lang='lat' dir='ltr'>eadem</span> <span class='ocrx_word' id='word_1_698' title='bbox 1647 4703 1697 4764; x_wconf 91' lang='lat' dir='ltr'>die</span> <span class='ocrx_word' id='word_1_699' title='bbox 1712 4705 1773 4765; x_wconf 87' lang='lat' dir='ltr'>lac·</span> 
     </span>
     <span class='ocr_line' id='line_1_113' title="bbox 983 4787 1775 4868; baseline 0.003 -16"><span class='ocrx_word' id='word_1_700' title='bbox 983 4795 1022 4852; x_wconf 74' lang='lat' dir='ltr'>tar</span> <span class='ocrx_word' id='word_1_701' title='bbox 1035 4787 1231 4868; x_wconf 75' lang='lat' dir='ltr'>provisionis.</span> <span class='ocrx_word' id='word_1_702' title='bbox 1249 4787 1335 4850; x_wconf 91' lang='lat' dir='ltr'>Idem</span> <span class='ocrx_word' id='word_1_703' title='bbox 1351 4789 1523 4850; x_wconf 87' lang='grc'><strong>6166616111</strong></span> <span class='ocrx_word' id='word_1_704' title='bbox 1539 4809 1610 4852; x_wconf 88' lang='lat' dir='ltr'>cum</span> <span class='ocrx_word' id='word_1_705' title='bbox 1631 4795 1726 4854; x_wconf 88' lang='lat' dir='ltr'>Gonz.</span> <span class='ocrx_word' id='word_1_706' title='bbox 1744 4797 1775 4854; x_wconf 88' lang='grc'>61</span> 
     </span>
     <span class='ocr_line' id='line_1_114' title="bbox 983 4878 1775 4959; baseline 0.004 -20"><span class='ocrx_word' id='word_1_707' title='bbox 983 4881 1089 4956; x_wconf 85' lang='lat' dir='ltr'>Lcur.,</span> <span class='ocrx_word' id='word_1_708' title='bbox 1105 4898 1135 4938; x_wconf 89' lang='lat' dir='ltr'>a.</span> <span class='ocrx_word' id='word_1_709' title='bbox 1152 4881 1182 4954; x_wconf 81' lang='lat' dir='ltr'>l,</span> <span class='ocrx_word' id='word_1_710' title='bbox 1199 4878 1272 4939; x_wconf 90' lang='lat' dir='ltr'>liccl</span> <span class='ocrx_word' id='word_1_711' title='bbox 1295 4878 1403 4956; x_wconf 85' lang='lat' dir='ltr'>Titius,</span> <span class='ocrx_word' id='word_1_712' title='bbox 1422 4879 1473 4958; x_wconf 87' lang='lat' dir='ltr'>qui</span> <span class='ocrx_word' id='word_1_713' title='bbox 1491 4878 1581 4940; x_wconf 90' lang='lat' dir='ltr'>citius</span> <span class='ocrx_word' id='word_1_714' title='bbox 1604 4882 1775 4959; x_wconf 91' lang='lat' dir='ltr'>possessio-</span> 
     </span>
     <span class='ocr_line' id='line_1_115' title="bbox 984 4965 1775 5051; baseline 0.004 -25"><span class='ocrx_word' id='word_1_715' title='bbox 984 4984 1057 5026; x_wconf 91' lang='lat' dir='ltr'>nem</span> <span class='ocrx_word' id='word_1_716' title='bbox 1071 4969 1247 5044; x_wconf 75' lang='lat' dir='ltr'>accepmat,</span> <span class='ocrx_word' id='word_1_717' title='bbox 1264 4965 1346 5026; x_wconf 84' lang='lat' dir='ltr'>lianc</span> <span class='ocrx_word' id='word_1_718' title='bbox 1362 4966 1533 5044; x_wconf 89' lang='lat' dir='ltr'>dimiserat,</span> <span class='ocrx_word' id='word_1_719' title='bbox 1556 4971 1587 5028; x_wconf 92' lang='lat' dir='ltr'>el</span> <span class='ocrx_word' id='word_1_720' title='bbox 1602 4968 1703 5046; x_wconf 88' lang='lat' dir='ltr'>Caius,</span> <span class='ocrx_word' id='word_1_721' title='bbox 1721 4968 1775 5051; x_wconf 91' lang='lat' dir='ltr'>qui</span> 
     </span>
     <span class='ocr_line' id='line_1_116' title="bbox 985 5052 1775 5137; baseline 0.006 -23"><span class='ocrx_word' id='word_1_722' title='bbox 985 5052 1083 5114; x_wconf 90' lang='lat' dir='ltr'>serius</span> <span class='ocrx_word' id='word_1_723' title='bbox 1098 5057 1274 5132; x_wconf 87' lang='lat' dir='ltr'>acceperat,</span> <span class='ocrx_word' id='word_1_724' title='bbox 1291 5072 1361 5114; x_wconf 86' lang='lat' dir='ltr'>earn</span> <span class='ocrx_word' id='word_1_725' title='bbox 1376 5073 1500 5133; x_wconf 91' lang='lat' dir='ltr'>semper</span> <span class='ocrx_word' id='word_1_726' title='bbox 1510 5055 1684 5134; x_wconf 89' lang='lat' dir='ltr'>retinuerit,</span> <span class='ocrx_word' id='word_1_727' title='bbox 1701 5057 1775 5137; x_wconf 87' lang='lat' dir='ltr'>quia</span> 
     </span>
     <span class='ocr_line' id='line_1_117' title="bbox 985 5141 1774 5223; baseline 0.009 -23"><span class='ocrx_word' id='word_1_728' title='bbox 985 5160 1041 5220; x_wconf 92' lang='lat' dir='ltr'>per</span> <span class='ocrx_word' id='word_1_729' title='bbox 1055 5141 1284 5219; x_wconf 89' lang='lat' dir='ltr'>possessionem</span> <span class='ocrx_word' id='word_1_730' title='bbox 1307 5141 1443 5220; x_wconf 86' lang='lat' dir='ltr'>priorem</span> <span class='ocrx_word' id='word_1_731' title='bbox 1466 5143 1537 5203; x_wconf 80' lang='lat' dir='ltr'>‘l&#39;ilii</span> <span class='ocrx_word' id='word_1_732' title='bbox 1562 5145 1774 5223; x_wconf 74' lang='grc'><strong>6666166666-</strong></span> 
     </span>
     <span class='ocr_line' id='line_1_118' title="bbox 985 5227 1772 5311; baseline 0.008 -21"><span class='ocrx_word' id='word_1_733' title='bbox 985 5232 1036 5290; x_wconf 88' lang='lat' dir='ltr'>tur</span> <span class='ocrx_word' id='word_1_734' title='bbox 1053 5228 1105 5307; x_wconf 89' lang='lat' dir='ltr'>jus</span> <span class='ocrx_word' id='word_1_735' title='bbox 1129 5229 1214 5306; x_wconf 85' lang='lat' dir='ltr'>Gaio,</span> <span class='ocrx_word' id='word_1_736' title='bbox 1240 5227 1324 5309; x_wconf 87' lang='lat' dir='ltr'>quod</span> <span class='ocrx_word' id='word_1_737' title='bbox 1344 5227 1397 5310; x_wconf 86' lang='lat' dir='ltr'>jus</span> <span class='ocrx_word' id='word_1_738' title='bbox 1421 5249 1583 5311; x_wconf 87' lang='lat' dir='ltr'>nunquam</span> <span class='ocrx_word' id='word_1_739' title='bbox 1604 5233 1772 5296; x_wconf 88' lang='lat' dir='ltr'>convaluit.</span> 
     </span>
     <span class='ocr_line' id='line_1_119' title="bbox 985 5316 1776 5394; baseline 0.008 -16"><span class='ocrx_word' id='word_1_740' title='bbox 985 5316 1064 5378; x_wconf 86' lang='lat' dir='ltr'>Vide</span> <span class='ocrx_word' id='word_1_741' title='bbox 1079 5317 1172 5394; x_wconf 90' lang='lat' dir='ltr'>dicta,</span> <span class='ocrx_word' id='word_1_742' title='bbox 1190 5337 1220 5378; x_wconf 86' lang='lat' dir='ltr'>a.</span> <span class='ocrx_word' id='word_1_743' title='bbox 1243 5320 1313 5379; x_wconf 78' lang='grc'><strong>1146.</strong></span> <span class='ocrx_word' id='word_1_744' title='bbox 1331 5318 1411 5390; x_wconf 82' lang='grc'><strong>0616</strong></span> <span class='ocrx_word' id='word_1_745' title='bbox 1426 5321 1531 5380; x_wconf 91' lang='lat' dir='ltr'>aulem</span> <span class='ocrx_word' id='word_1_746' title='bbox 1547 5317 1714 5380; x_wconf 88' lang='lat' dir='ltr'>dicendum</span> <span class='ocrx_word' id='word_1_747' title='bbox 1735 5323 1776 5385; x_wconf 92' lang='lat' dir='ltr'>sil</span> 
     </span>
     <span class='ocr_line' id='line_1_120' title="bbox 986 5404 1775 5486; baseline 0.014 -22"><span class='ocrx_word' id='word_1_748' title='bbox 986 5405 1018 5465; x_wconf 96' lang='lat' dir='ltr'>in</span> <span class='ocrx_word' id='word_1_749' title='bbox 1033 5404 1127 5466; x_wconf 90' lang='lat' dir='ltr'>dubio</span> <span class='ocrx_word' id='word_1_750' title='bbox 1144 5425 1183 5466; x_wconf 89' lang='lat' dir='ltr'>an</span> <span class='ocrx_word' id='word_1_751' title='bbox 1197 5406 1291 5467; x_wconf 88' lang='lat' dir='ltr'>luerit</span> <span class='ocrx_word' id='word_1_752' title='bbox 1304 5407 1420 5468; x_wconf 90' lang='lat' dir='ltr'>mensis</span> <span class='ocrx_word' id='word_1_753' title='bbox 1443 5407 1579 5486; x_wconf 88' lang='lat' dir='ltr'>Papalis,</span> <span class='ocrx_word' id='word_1_754' title='bbox 1595 5426 1636 5470; x_wconf 90' lang='lat' dir='ltr'>an</span> <span class='ocrx_word' id='word_1_755' title='bbox 1651 5409 1775 5475; x_wconf 88' lang='lat' dir='ltr'>ordina·</span> 
     </span>
     <span class='ocr_line' id='line_1_121' title="bbox 987 5493 1387 5571; baseline 0.015 -18"><span class='ocrx_word' id='word_1_756' title='bbox 987 5493 1063 5571; x_wconf 87' lang='lat' dir='ltr'>rius,</span> <span class='ocrx_word' id='word_1_757' title='bbox 1080 5493 1197 5557; x_wconf 88' lang='lat' dir='ltr'>dietum</span> <span class='ocrx_word' id='word_1_758' title='bbox 1211 5498 1258 5558; x_wconf 88' lang='lat' dir='ltr'>est</span> <span class='ocrx_word' id='word_1_759' title='bbox 1271 5515 1302 5556; x_wconf 82' lang='lat' dir='ltr'>a.</span> <span class='ocrx_word' id='word_1_760' title='bbox 1319 5497 1387 5559; x_wconf 77' lang='lat'>488.</span> 
     </span>
    </p>
   </div>
   <div class='ocr_carea' id='block_1_25' title="bbox 0 0 2105 6340">
    <p class='ocr_par' dir='ltr' id='par_1_30' title="bbox 0 0 2105 6340">
     <span class='ocr_line' id='line_1_122' title="bbox 0 0 2105 6340; baseline 0 0"><span class='ocrx_word' id='word_1_761' title='bbox 0 0 2105 6340; x_wconf 95' lang='lat' dir='ltr'> </span> 
     </span>
    </p>
   </div>
  </div>
 </body>
</html>
