4166 6346
350 621 409 688 452
1001 621 1119 690 claun
1140 621 1337 695 QUARTUS.

346 807 402 868 list
414 807 519 867 umen
534 803 637 869 licitus
647 807 805 887 ingressus
820 825 914 870 eausa
924 807 1072 871 medendi
1084 811 1141 871 lte·
1199 803 1997 886 vraeuecessorncster,umorumbeiseesssihm

348 893 459 974 ligiuso
472 894 613 974 graviter
626 913 711 974 agro
725 898 775 960 vel
790 897 876 976 laeso,
893 898 918 959 si
932 915 1001 960 mas
1020 899 1141 978 peritus
1197 895 1320 957 occasio
1329 893 1720 975 praebeaturpopnlaribus
1729 895 1954 974 conventibus,
1966 899 1998 958 at

348 981 440 1046 desit.
1197 982 1402 1063 simpliciores
1417 1002 1455 1044 ex
1469 984 1529 1045 hoc
1546 979 1883 1064 animasplarumque,
1910 983 1997 1064 quod

293 1112 322 1159 9,
387 1070 446 1150 §b
463 1073 600 1136 Feminae
614 1078 733 1138 temere
747 1073 960 1154 ingredientes
983 1076 1141 1138 Monaste·
1197 1071 1288 1148 absit,
1305 1071 1337 1131 in
1352 1070 1536 1134 scandalum
1550 1070 1665 1134 trabat.
1682 1070 1872 1152 llujusmodi
1887 1075 1996 1134 autam

346 1157 395 1220 ria
416 1158 556 1222 virorum
579 1162 698 1243 absquo
719 1161 860 1241 legitima
886 1161 1014 1224 licentia
1039 1163 1142 1223 ineur-

345 1248 420 1308 runt
433 1244 501 1324 ipso
525 1247 606 1311 sacto
629 1249 748 1329 absque
768 1249 830 1309 alia
852 1249 1063 1313 declaratione
1089 1269 1142 1310 ex-

345 1334 665 1399 communicationem
695 1339 788 1418 Papae
810 1344 1015 1416 reservatam,
1045 1339 1089 1399 uti
1111 1340 1144 1399 et

344 1421 491 1503 Religicsi
518 1424 719 1488 admittentes
748 1443 817 1499 eas;
855 1425 950 1508 hique
985 1431 1142 1508 praetcrea

343 1511 510 1575 incurrunt
536 1515 774 1594 suspensionem
798 1533 818 1575 a
840 1513 971 1593 Divinis,
994 1515 1141 1596 privatio·

344 1616 417 1660 nem
437 1598 611 1662 officiorum
635 1605 668 1663 et
688 1600 918 1664 inhabilitatem
943 1601 984 1664 ad
1007 1602 1071 1665 illa.
1100 1603 1138 1664 v.

343 1689 500 1767 Castrop„
517 1708 623 1768 supra,
642 1694 674 1753 et
686 1690 789 1768 Delb.,
807 1690 837 1753 d.
853 1695 905 1769 79,
922 1700 950 1752 et
964 1710 1042 1773 seqq.

289 1817 317 1865 ω
382 1777 443 1856 57.
461 1779 613 1856 Egressus
628 1777 758 1840 diurnus
775 1779 922 1859 Religicsi
941 1798 958 1840 e
982 1781 1141 1843 ltlcnaste·

343 1862 392 1925 rio
409 1882 465 1925 suo
481 1866 601 1947 absque
615 1867 718 1944 venia,
735 1867 761 1928 si
776 1885 839 1929 non
861 1867 917 1928 fiat
937 1868 1043 1930 animo
1068 1887 1141 1947 per-

344 1951 496 2014 noctandi
511 1958 609 2031 extra,
623 1958 669 2016 est
683 1957 806 2018 tantum
819 1956 954 2034 veniale,
972 1954 1066 2036 quale
1088 1974 1140 2016 ne-

343 2039 474 2118 quidem
489 2040 548 2103 orit
561 2042 586 2103 si
603 2043 657 2105 liat
671 2059 709 2102 ex
733 2060 829 2105 causa
850 2062 922 2105 cum
946 2049 1141 2123 praesumpta

237 2132 242 2140 '
342 2128 454 2190 saltem
481 2129 583 2209 venia,
612 2131 737 2212 quaudo
765 2132 925 2194 conveniri
951 2150 1013 2194 non
1037 2136 1141 2211 potest

1196 1159 1349 1238 regularis
1363 1159 1535 1238 disciplinae
1549 1158 1758 1236 observantia,
1776 1159 1835 1222 etsi
1846 1179 1907 1241 pro
1919 1165 1996 1222 tem-

1196 1265 1309 1326 porum
1323 1247 1475 1310 varietata
1489 1265 1527 1309 ac
1549 1246 1734 1309 necessitate
1756 1251 1804 1310 tot
1825 1251 1994 1328 mnusque

1196 1333 1292 1396 subiit
1312 1335 1399 1396 vices
1421 1337 1457 1396 ut
1488 1334 1585 1396 iidem
1612 1333 1864 1396 Praedeeessores
1890 1336 1994 1400 Nostri

1196 1424 1316 1486 aditum
1331 1427 1362 1485 et
1380 1441 1542 1486 accessum
1564 1422 1605 1484 ad
1629 1422 1771 1502 publicas
1784 1423 1995 1486 Monasterio-

1196 1529 1267 1572 rum
1289 1511 1451 1573 Ecclesiae.
1463 1512 1626 1588 duntaxat,
1651 1510 1717 1574 sive
1740 1511 1902 1590 mastralis,
1929 1511 1994 1574 sive

1195 1597 1329 1676 leminis,
1346 1602 1581 1660 sacrosanctum
1600 1598 1703 1660 Missae
1726 1598 1919 1662 sacrificium
1941 1619 1994 1662 au·

1195 1686 1313 1763 dieudi,
1329 1687 1606 1766 predicationibus
1619 1685 1708 1748 verbi
1722 1687 1778 1750 nai
1800 1686 1994 1750 interessen-

1196 1774 1240 1850 di,
1257 1779 1288 1836 et
1302 1776 1542 1837 Sacramentum
1555 1774 1760 1837 sanctissima
1783 1773 1990 1838 Eucharistioe

1195 1862 1351 1940 sumendi,
1376 1881 1414 1924 ae
1442 1867 1573 1942 peccata
1599 1881 1657 1925 sua
1683 1862 1854 1926 confitendi
1881 1881 1988 1941 eausa,

1194 1951 1261 2012 sine
1288 1955 1395 2014 mmen
1422 1952 1637 2014 parochorum
1664 1950 1861 2032 praejudicio,
1891 1952 1991 2014 inter·

1195 2038 1271 2100 dum
1285 2040 1506 2112 concesserint:
1524 2037 1662 2101 vicissim
1674 2043 1782 2101 tamon
1796 2039 1855 2119 ipsi
1867 2040 1990 2102 Praedo-

1194 2143 1335 2188 oessores
1350 2126 1453 2190 Nostri
1477 2132 1542 2191 tam
1565 2131 1637 2189 ante
1660 2125 1790 2189 Concilii
1813 2127 1988 2190 Tridentini

1195 2215 1322 2276 decreta
1349 2233 1445 2294 quam
1470 2219 1542 2294 post
1568 2215 1754 2278 eorumdem
1788 2214 1989 2278 decretorum

1194 2304 1479 2383 promulgationem
1493 2303 1825 2384 denuntiationemquo
1849 2301 1988 2382 providis

728 2435 742 2496 1
1195 2391 1470 2472 saluberrimieque
1503 2391 1783 2455 constitutionibus
1815 2391 1988 2456 ordinatio-

745 2480 753 2497 ·
1195 2479 1350 2558 nibusqua
1364 2479 1422 2540 sub
1436 2497 1532 2558 poena
1546 2478 1641 2542 etiam
1656 2478 1987 2543 excommunicationis

1194 2567 1267 2628 lata
1282 2567 1445 2630 sententia
1460 2568 1584 2629 leminis
1599 2569 1840 2650 quibuscunque
1866 2571 1987 2634 aditum

1194 2653 1433 2736 ingressumque
1444 2655 1625 2736 hujusmodi
1636 2657 1718 2718 intra
1726 2657 1986 2721 Mouastericrum

1194 2743 1373 2804 clausuram
1393 2742 1632 2805 interdixerunt.
1660 2744 1813 2816 Quoniam
1827 2750 1936 2808 autem
1948 2746 1986 2808 si·

1193 2833 1247 2892 cut
1260 2829 1402 2892 dolentes
1416 2831 1606 2911 accepimus,
1627 2831 1680 2892 alii
1700 2831 1830 2912 quidem
1854 2836 1986 2914 Aposto-

1193 2915 1270 2978 licus
1284 2919 1369 2998 leges
1388 2937 1426 2980 ac
1450 2924 1608 2999 praecepta
1631 2919 1812 3001 hujusmodi
1836 2922 1888 2984 vel
1910 2941 1984 2985 ausu

1193 3005 1360 3067 temerario
1371 3006 1646 3085 parvipendentes,
1663 3009 1713 3070 vel
1725 3009 1766 3071 ad
1781 3027 1894 3072 eorum
1908 3011 1984 3076 arbi·

1193 3093 1289 3154 trium
1311 3093 1573 3174 interpretantes,
1598 3095 1722 3158 feminis
1745 3097 1983 3181 quibuscunque

1193 3181 1316 3243 aditum
1328 3182 1568 3262 ingressumque
1582 3187 1648 3244 tam
1661 3183 1826 3247 manifeste
1841 3205 1880 3249 ac
1901 3191 1984 3250 anu

1193 3268 1389 3331 solemnitate
1412 3269 1544 3332 vetitum
1558 3270 1753 3350 permittunt,
1770 3272 1823 3334 alii
1839 3291 1916 3337 varo
1926 3276 1984 3358 pri·

1193 3357 1318 3436 vilugio,
1340 3357 1472 3435 indulta,
1488 3358 1725 3438 prerogativae,
1750 3360 1929 3440 facultates,
1949 3363 1985 3424 li·

1194 3444 1314 3506 centias
1329 3448 1360 3507 at
1373 3444 1451 3506 alius
1473 3463 1660 3526 quocunque
1680 3449 1773 3526 paeto
1792 3449 1983 3528 excogitatas

1193 3533 1410 3596 concessiones
1424 3533 1482 3595 sibi
1497 3534 1563 3596 siva
1577 3552 1597 3596 a
1611 3534 1684 3616 jure
1704 3534 1772 3598 slve
1793 3535 1835 3598 ab
1859 3537 1983 3600 homine

1191 3621 1290 3683 factas
1301 3624 1333 3682 et
1345 3620 1520 3700 impertitos
1533 3639 1588 3682 seu
1602 3621 1686 3686 facta
1696 3619 1921 3704 ata‘mpertita,
1949 3643 1983 3688 ao

1192 3725 1465 3788 quorumcumque
1501 3727 1681 3787 muncrum,
1719 3707 1912 3792 dignitatum
1949 3731 1982 3775 ao

1191 3795 1500 3876 praeminentioram
1526 3796 1647 3859 rabono
1661 3795 1795 3877 debiha,
1810 3817 1868 3860 seu
1880 3799 1982 3862 debita
2073 3821 2075 3850 1

385 3901 400 3939 n
420 3881 582 3961 Regularis
600 3883 774 3964 disciplina
808 3884 1041 3948 observantiam
1064 3889 1137 3948 ante
1192 3887 1387 3963 arrogantes,
1402 3885 1634 3962 praetendentes
1648 3883 1920 3968 obtendonteaque
1940 3887 1981 3948 ie·
2072 3881 2074 3930 J

339 3968 435 4030 etiam
450 3988 546 4051 quam
563 3975 595 4034 et
615 3974 816 4036 Generalium
843 3991 880 4036 ac
898 3974 1138 4035 Particularium
1191 3969 1292 4035 minas
1307 3971 1463 4052 quaslibet
1471 3973 1554 4036 iutra
1562 3971 1826 4040 blonastorionm
1835 3975 1978 4052 claustra,

339 4054 473 4137 alicujus
487 4058 628 4121 Naticnis
657 4066 713 4122 aut
738 4061 910 4141 provincia
929 4062 1138 4124 Consiliorum
1192 4065 1291 4141 septa,
1315 4061 1488 4139 coenaculo,
1511 4062 1657 4124 cubicula
1670 4059 1811 4144 elimo
1829 4063 1977 4139 officinas,

338 4144 473 4206 decretis
481 4147 735 4226 confirmaretur,
749 4155 780 4211 et
789 4153 1002 4212 Romanorum
1014 4151 1138 4214 Pontifr-
1192 4153 1247 4210 aut
1260 4147 1382 4210 admitti
1396 4166 1433 4210 ac
1447 4147 1545 4227 recipi
1560 4149 1666 4212 sinunt
1683 4148 1910 4230 mandantque,
1930 4152 1978 4211 aut

339 4249 411 4293 oum
426 4233 698 4299 Praedecessorum
712 4239 901 4300 Nostrorum
915 4238 1138 4318 legibussanc-
1192 4254 1372 4298 unaseoum
1385 4236 1522 4310 ducunt;
1548 4237 1600 4298 alii
1623 4236 1760 4319 denique
1778 4237 1839 4300 sub
1863 4235 1976 4316 pietatis

338 4319 538 4400 tionibusque
564 4325 847 4404 prescriberetur,
876 4327 981 4406 quoad
1005 4326 1137 4388 vetitum
1192 4343 1229 4386 ao
1254 4324 1412 4405 roligionis
1439 4330 1604 4405 pretextu,
1629 4343 1702 4387 oum
1727 4325 1973 4405 supplicationes,

338 4407 521 4471 mulieribus
548 4411 788 4495 quibuscunque
817 4414 916 4477 etiam
951 4414 1138 4494 consangui-
1191 4411 1971 4487 sivecumSauotissimoEucharistiaeSooramento,

339 4496 405 4556 neis
419 4495 501 4559 iutra
523 4518 782 4584 quorumcunque
802 4502 1030 4582 religiosorum
1053 4503 1138 4564 viro-
1191 4500 1338 4562 aivecum
1353 4501 1450 4562 sacris
1464 4502 1973 4583 SanctorumSanctarumquelte·

338 4601 410 4644 rum
432 4583 612 4648 clausuram
634 4588 812 4668 ingressum
840 4595 907 4652 tam
936 4591 1136 4672 integerrime
1189 4587 1305 4668 liquiis,
1332 4588 1449 4651 Statuis
1472 4594 1505 4652 et
1527 4588 1720 4671 Imaginibus
1742 4605 1802 4669 per
1835 4589 1970 4663 claustra,

339 4671 529 4733 custoditam
543 4673 638 4736 fuisse
653 4679 787 4754 constat,
804 4681 850 4754 ut,
872 4676 990 4738 nedum
1013 4679 1136 4740 seminis
1190 4681 1279 4756 septa
1294 4680 1325 4738 ot
1343 4677 1405 4738 alia
1419 4677 1680 4742 nonasteriomm
1693 4677 1765 4740 loca
1779 4676 1820 4738 de
1834 4694 1930 4754 mora,
1943 4679 1973 4736 ut

339 4757 587 4841 quibuscunque,
603 4763 658 4824 sed
684 4764 834 4827 masculis
848 4783 985 4845 quoque,
999 4771 1136 4828 nontam
1190 4769 1343 4842 asserunt,
1361 4765 1527 4843 habentur,
1543 4765 1612 4830 siae
1634 4766 1697 4828 ullo
1720 4783 1852 4846 prorsus
1875 4761 1973 4826 discd

339 4845 380 4906 ad
393 4845 653 4910 Monasteriorum
668 4853 812 4914 Claustra
827 4871 884 4914 seu
907 4855 1014 4932 Septa,
1040 4871 1135 4933 quam
1189 4853 1273 4914 mine
1287 4854 1445 4916 masculos
1460 4857 1492 4917 et
1505 4853 1637 4934 laudans
1660 4853 1905 4934 supplicationes
1925 4849 1973 4912 nu·

339 4931 380 4993 ad
392 4932 460 5011 ipsa
472 4937 657 4998 eorumdem
671 4940 936 5003 Monasteriorum
949 4941 1091 5003 oratoria
1105 4945 1137 5004 et
1185 4937 1324 5019 jusmodi
1334 4959 1392 5019 per
1406 4940 1519 5002 eadem
1530 4942 1602 5012 lona
1615 4941 1704 5023 sequi
1716 4945 1749 5006 et
1758 4941 1901 5004 comitari
1917 4938 1973 5002 lici·

338 5019 493 5084 Ecclesiae
512 5024 615 5086 nullus
642 5029 781 5106 patuerit
798 5027 902 5090 aditus
924 5033 957 5091 et
979 5047 1132 5107 accessus
1189 5029 1267 5104 tum,
1281 5028 1434 5107 quinimo,
1447 5035 1481 5092 ut
1492 5027 1830 5110 indulgentiaalucrari
1845 5028 1970 5102 valeant,

339 5107 479 5187 quinimo
491 5109 549 5171 sub
559 5112 753 5191 gravissimis
769 5115 871 5194 poenis
880 5115 976 5179 luerit
988 5116 1136 5179 interdie·
1188 5117 1401 5177 necessarium
1423 5135 1491 5179 esse
1511 5117 1697 5183 obtendunt.
1728 5117 1809 5181 ilinc
1828 5124 1876 5181 est
1898 5111 1973 5198 quod

338 5197 404 5271 tus;
423 5215 463 5258 ne
477 5197 606 5278 scilicet,
631 5205 666 5265 ut
686 5201 787 5285 inquit
801 5205 833 5266 S.
851 5205 1020 5284 Gregorius
1036 5206 1096 5268 PP.
1108 5206 1133 5283 l,
1188 5204 1251 5266 Nos
1265 5204 1330 5284 qui,
1347 5205 1424 5268 dum
1442 5205 1475 5268 iu
1499 5206 1674 5280 maenam
1695 5223 1849 5286 murus,
1874 5219 1973 5290 quam·

342 2216 503 2296 Superior3
524 2220 680 2300 Castrop.,
695 2239 728 2302 p.
745 2225 764 2282 'l
782 2221 804 2283 ¹.

577 2628 916 2691 consnlvuvlo

667 2839 709 2884 88.
734 2837 765 2884 D.
788 2837 820 2884 N·

402 2973 404 2978 ’
456 3013 731 3078 annnorum
764 3015 902 3078 aava
937 3015 1025 3092 xiv,

341 3203 441 3286 Super
456 3202 602 3268 Clausum
630 3205 878 3271 Monostere'oram
900 3224 1139 3292 quorumcunque

566 3293 703 3360 Vironum
719 3299 921 3381 Ileqclorium.

437 3492 747 3561 BENEDIGTUS
782 3498 907 3560 PAPA
942 3498 1043 3576 xlv,

483 3703 525 3748 Al)
546 3703 725 3751 PERPETUAH
746 3705 799 3752 REI
820 3705 994 3754 HEMORIAH.

371 5500 511 5555 lClaudet
540 5503 592 5558 hoo
605 5507 905 5575 argumentumduplex
919 5507 1132 5570 benedictlillv.
1188 5519 1410 5578 quorumcunque
1433 5505 1562 5568 Virorum
1585 5507 1769 5582 buranum,
1789 5507 1875 5570 utere
1898 5519 1970 5581 supet

342 5573 495 5642 contitutio,
523 5576 607 5629 altera
642 5593 724 5643 super
755 5581 879 5635 clausura
906 5583 1131 5639 Mouaateriorum
1188 5583 1312 5637 clausura
1326 5583 1498 5641 Monialium·
