4032 6340
628 570 745 643 Lissa
766 577 947 657 suerrus,
970 569 1072 644 anas
1094 571 1118 642 1..
1659 585 1697 654 et

70 783 129 832 ecre
141 785 170 828 se
182 757 384 828 defensurum
399 779 470 824 eras
492 764 525 825 et
547 781 673 844 semper
694 765 803 843 vitam,
820 765 845 827 si
903 771 988 827 trum
998 764 1140 848 justitiae,
1152 767 1286 850 ideoque
1296 768 1369 831 licet
1378 771 1490 833 modus
1506 775 1612 835 utendi
1624 795 1696 837 aue·

12 861 13 864 ’
75 857 132 940 quis
151 853 372 935 aggrediatur:
395 871 458 932 quo
490 871 641 932 responso
664 851 689 916 si
712 872 774 916 non
799 872 848 916 ac
903 854 1030 916 toritatc
1052 874 1110 916 sua
1129 873 1192 918 non
1213 855 1253 918 sit
1272 856 1441 936 legitimus,
1467 862 1635 924 auctoritas
1650 867 1698 926 ta-

75 945 196 1026 quieseat
209 941 297 1018 alter,
324 941 381 1002 sed
403 940 547 1002 occidere
571 941 661 1020 velit,
681 941 789 1004 licebit
802 961 846 1020 se,
903 961 975 1004 men
991 948 1039 1003 est
1053 943 1158 1022 quoad
1172 944 1380 1006 substantiam
1400 945 1552 1026 legitima,
1574 953 1605 1012 et
1619 969 1698 1030 prae·

12 1105 14 1124 h
74 1033 153 1094 etiarn
166 1032 296 1092 alterum
310 1029 497 1106 occidendo,
515 1028 696 1090 defendere.
905 1032 1030 1108 ceptum
1051 1031 1200 1110 validum,
1224 1032 1337 1112 singuli
1362 1038 1467 1094 autem
1488 1042 1632 1117 pugnant
1657 1039 1698 1101 oh

12 1128 54 1186 {tn
105 1122 164 1200 §2
187 1117 218 1180 Si
240 1116 334 1186 aliter
364 1135 427 1178 non
455 1135 564 1196 posses
594 1117 715 1178 salvare
739 1117 848 1196 vitam,
905 1137 993 1197 spem
1007 1118 1078 1182 vitae
1094 1121 1329 1199 conservandae,
1347 1122 1371 1182 si
1388 1123 1526 1187 vincant.

12 1191 14 1232 ³
75 1226 153 1289 quem
167 1204 366 1287 provocando
381 1203 422 1265 ed
437 1205 589 1283 duellum,
605 1210 718 1284 putant
732 1207 847 1268 Sancb.
945 1205 963 1284 §
978 1210 1008 1266 5.
1027 1207 1117 1268 Dian.
1131 1227 1163 1288 p.
1182 1209 1210 1284 3,
1228 1214 1247 1269 t.
1266 1211 1296 1286 6,
1312 1207 1348 1271 Il.
1365 1211 1416 1286 53,
1433 1213 1507 1292 etp.
1524 1214 1554 1290 3,
1571 1221 1594 1274 t.
1611 1217 1641 1290 6,
1658 1213 1696 1276 R.
1726 1243 1767 1289 820

12 1347 14 1366 ,
75 1292 849 1376 supra,lticast.dejust.lil.t,t.t,d.10,d.l3,
905 1295 1028 1366 23an
1045 1293 1250 1369 t.l;E:ram.
1275 1298 1305 1373 Ἰ,
1331 1316 1356 1358 c.
1380 1299 1410 1374 3,
1427 1317 1457 1358 rr.
1475 1301 1639 1373 63;Bass.
1663 1299 1696 1364 V.

12 1391 14 1436 i
75 1387 174 1460 atil,
190 1382 305 1461 aliique
328 1381 415 1460 apud
441 1380 544 1444 Teml.
562 1385 679 1443 etcum
696 1383 785 1445 Dr'an.
802 1401 853 1443 su·
905 1371 1057 1450 Datilum,
1073 1374 1241 1446 a.9;Fill.
1259 1379 1347 1454 l·l5‚
1374 1397 1404 1437 ⁷²·
1433 1380 1603 1452 113ἑΒῡῐ1·
1627 1389 1650 1442 i·
1666 1384 1697 1459 3,

12 1439 14 1512 l
75 1491 130 1552 pra,
144 1474 273 1549 teposse
287 1487 473 1549 provocare,
491 1468 565 1549 quia
579 1470 675 1530 etiam
690 1471 750 1532 boc
763 1471 852 1533 vide·
907 1460 937 1521 d.
954 1464 983 1538 22
1000 1465 1076 1562 923,
1089 1481 1124 1542 Ρ·
1141 1465 1172 1540 3,
1188 1483 1218 1524 ⁷²·
1237 1466 1285 1540 Μ,
1311 1473 1339 1524 tl
1359 1465 1417 1527 6ῐῆ
1440 1466 1535 1529 eliam
1550 1474 1701 1533 excusant

76 1567 192 1622 turesse
208 1555 430 1636 tantumjusta
448 1556 588 1617 defensio
607 1557 679 1618 vita
698 1557 853 1631 tuee;sed
907 1567 960 1611 eos
995 1569 1048 1629 qur
1077 1555 1251 1628 provocant
1279 1553 1327 1612 vel
1354 1557 1520 1632 acceptant
1547 1557 1697 1636 duellum,

76 1657 163 1708 cartre
175 1655 225 1722 est,
242 1645 319 1724 quia
332 1644 428 1704 vitam
440 1644 521 1705 tueri
536 1647 625 1723 potes
640 1644 851 1722 defendendo,
907 1639 1034 1717 quando
1050 1638 1126 1699 certi
1136 1645 1210 1700 sunt
1221 1658 1283 1701 non
1294 1647 1474 1702 secuturam
1484 1662 1634 1724 pugnam,
1647 1651 1702 1709 aut

77 1737 98 1796 si
109 1734 270 1814 impetaris,
288 1751 391 1811 neque
406 1733 446 1793 ad
461 1732 523 1794 hoe
535 1751 613 1812 opus
624 1737 853 1813 estprovooare
908 1725 1123 1804 peragendam
1138 1725 1205 1786 sine
1220 1727 1308 1805 gravi
1328 1728 1473 1810 utrinque
1488 1731 1699 1812 incommodo,

12 1807 14 1882 l
77 1820 508 1900 inalindtempusetlocum,
532 1819 563 1879 in
588 1838 649 1900 quo
672 1839 734 1883 non
757 1821 855 1900 impe·
909 1813 984 1892 quia
1005 1831 1117 1892 nempe
1143 1833 1205 1875 non
1228 1815 1395 1878 intendunt
1418 1819 1606 1881 occisionem
1625 1821 1702 1883 alte-

12 1887 14 1994 l
77 1910 140 1972 teris
155 1930 162 1970 ;
177 1908 259 1988 quod
275 1908 301 1967 si
313 1906 381 1987 jam
396 1907 554 1970 armatibi
574 1907 730 1987 deessent,
746 1927 855 1989 posses
909 1903 974 1962 rius
997 1907 1029 1960 et
1052 1901 1110 1962 sibi
1133 1919 1244 1963 cavere
1269 1908 1419 1982 possunt,
1444 1924 1482 1965 ne
1506 1908 1699 1971 occidantur.

12 2003 14 2050 t
78 2015 231 2076 provocare
246 2013 467 2074 aggressuram
482 1995 608 2075 proelio
620 2000 774 2075 tempore,
791 2015 854 2058 non
909 1990 995 2052 Idem
1010 1989 1128 2066 dicunt,
1150 1989 1175 2049 si
1197 1987 1298 2052 sciant
1311 1991 1543 2071 impediendam
1561 2013 1628 2056 esse
1643 2015 1703 2076 pu-

12 2053 15 2136 l
79 2091 151 2146 vetur
171 2085 210 2146 ad
232 2084 385 2162 duellum,
402 2085 457 2144 sed
472 2084 513 2146 ad
527 2085 739 2165 aequalitatem
754 2103 855 2147 armo.
910 2096 1017 2158 gnam,
1034 2082 1089 2138 aot
1102 2077 1159 2155 ipsi
1170 2077 1251 2140 inter
1262 2097 1294 2139 se
1308 2081 1522 2160 convenerint,
1537 2084 1620 2164 quod
1631 2103 1703 2164 per-

80 2191 138 2232 rum
152 2171 339 2248 habendam,
357 2189 419 2251 qua
434 2171 543 2232 habita
557 2176 680 2234 tautum
693 2173 811 2252 poteris
826 2177 855 2234 te
910 2167 1034 2227 mittent
1048 2184 1081 2226 se
1096 2165 1251 2244 impediri,
1268 2171 1434 2248 postquam
1445 2170 1627 2234 strinxerint
1636 2173 1703 2251 gla-

80 2259 241 2320 deiendere.
911 2255 980 2316 dios
1002 2257 1033 2314 et
1050 2254 1134 2314 leves
1149 2254 1228 2316 ictus
1243 2255 1309 2316 sine
1326 2256 1465 2335 periculo
1481 2261 1700 2340 contorserint,

31 2357 61 2401 66
113 2346 166 2425 §3
182 2347 213 2408 Si
227 2347 369 2409 duellum
383 2347 464 2408 inter
478 2347 557 2410 duos
568 2347 682 2410 milites
696 2348 856 2411 hostilium
911 2344 1077 2406 utsalvent
1090 2342 1240 2404 honorem
1257 2363 1348 2406 suum
1361 2347 1433 2407 :sed
1444 2366 1494 2408 res
1509 2348 1603 2409 illain
1614 2351 1702 2429 praxi

83 2433 259 2496 exercituum
274 2453 337 2496 non
353 2435 515 2497 ordinetur
537 2437 579 2498 ad
600 2436 697 2498 robur
719 2437 858 2500 bostium
913 2450 974 2493 non
990 2430 1085 2492 babet
1099 2431 1213 2508 locum,
1232 2431 1305 2512 qnia
1315 2450 1440 2513 semper
1454 2435 1557 2498 aderit
1570 2438 1704 2500 scauda-

81 2520 326 2598 imminuendum,
345 2523 401 2584 sed
415 2522 456 2582 ad
472 2523 724 2600 delectationem,
741 2526 791 2586 vel
805 2545 858 2587 va·
912 2521 978 2582 lum
993 2519 1077 2598 apud
1092 2538 1155 2595 coe,
1179 2520 1231 2601 qui
1254 2525 1366 2598 putant
1388 2523 1504 2583 serium
1520 2543 1587 2586 esse
1604 2545 1611 2587 :
1627 2527 1703 2588 item

82 2625 145 2667 nam
154 2611 402 2688 ostentationem,
414 2611 553 2672 duellum
565 2616 612 2673 est
619 2611 771 2690 illicitum,
784 2614 859 2695 quia
913 2627 1037 2687 semper
1052 2608 1154 2670 aderit
1176 2608 1305 2688 quidam
1329 2614 1526 2690 contemptus
1542 2613 1634 2692 Legis
1648 2615 1704 2676 Ec-

83 2693 157 2754 nelas
170 2701 214 2767 est
232 2714 300 2756 rem
321 2701 460 2758 atrocem
481 2698 639 2776 suscipere
660 2698 784 2760 obtem
803 2719 859 2762 va-
914 2696 1106 2774 clesiasticae,
1123 2715 1193 2777 quae
1209 2697 1302 2758 etiarn
1319 2699 1394 2760 talia
1414 2699 1486 2761 licta
1510 2699 1615 2763 duella
1634 2721 1704 2783 pro·

83 2800 148 2841 uum
161 2783 260 2845 finem.
284 2784 319 2846 si
335 2789 440 2845 tamen
453 2785 493 2845 ab
504 2804 566 2845 uno
581 2804 617 2847 eo
632 2787 694 2846 line
706 2787 856 2868 oblatum,
913 2784 1002 2846 hibet
1016 2789 1166 2865 tanquam
1180 2784 1365 2846 scandalosa
1380 2791 1410 2848 et
1430 2787 1609 2850 occasiones
1628 2793 1705 2853 alio-

83 2869 118 2930 ab
134 2871 222 2935 altero
237 2873 310 2934 ideo
326 2878 555 2953 acceptaretur,
573 2893 613 2935 ne
627 2874 661 2935 hi
684 2875 797 2940 milites
812 2877 860 2938 di·
913 2891 985 2934 rum
1000 2873 1194 2947 duellorum;
1216 2873 1289 2935 hinc
1310 2875 1452 2936 illicitum
1473 2883 1521 2938 est
1541 2878 1586 2939 sic
1609 2879 1706 2940 simu-

83 2959 373 3040 mitterentanimos,
395 2981 433 3022 ex
447 2961 508 3022 bac
526 2967 615 3041 parte
630 2981 692 3024 non
707 2969 790 3026 esset
803 2965 860 3026 illi·
913 2962 976 3023 late
991 2961 1070 3022 inire
1095 2962 1245 3038 duellum,
1262 2963 1435 3041 praesertim
1455 2983 1527 3026 eum
1542 2965 1633 3028 aliter
1646 2969 1706 3029 sal-

83 3046 176 3118 citum,
191 3048 305 3111 Sanch.
317 3069 348 3111 a.
366 3053 414 3127 lt,
432 3051 525 3130 quin.
543 3053 699 3129 l3,notat‚
712 3053 736 3114 si
749 3052 810 3115 duo
822 3073 860 3115 ex
914 3049 980 3110 vari
996 3049 1095 3127 possit
1107 3050 1220 3128 bonor,
1244 3048 1287 3111 ita
1308 3051 1421 3114 Mende
1443 3051 1473 3114 d.
1496 3057 1529 3132 l,
1553 3074 1583 3136 q.
1600 3059 1655 3135 tl,
1671 3075 1703 3120 n.

84 3137 204 3214 partein
218 3157 349 3200 arenam
364 3139 602 3218 descenderent,
624 3141 782 3203 neminem
805 3142 860 3204 de·
913 3141 973 3199 270
989 3137 1011 3198 ¹.

84 3223 148 3284 bere
160 3245 339 3288 succurrere
364 3227 437 3290 huic
460 3229 509 3290 vel
536 3229 590 3306 illi,
610 3230 753 3309 quamvis
776 3231 860 3292 enim
959 3248 974 3284 u
995 3229 1071 3288 Cum
1086 3226 1168 3291 inter
1181 3227 1394 3292 amicosmeos
1409 3250 1573 3294 numerem
1588 3235 1704 3298 Aucto·

85 3314 275 3394 unusinjuste
290 3316 418 3394 duellet,
436 3319 858 3394 tamenhonumeommune‚
914 3333 982 3374 rem
996 3317 1147 3376 tractatus
1166 3315 1204 3376 de
1228 3317 1337 3380 Duello
1352 3322 1383 3380 et
1406 3320 1521 3380 summi
1545 3323 1705 3386 Pontificis

86 3399 156 3476 quod
169 3403 399 3480 preterendum
415 3408 472 3482 est,
484 3407 623 3484 postulat
633 3405 728 3468 fidem
742 3409 860 3470 servari
915 3403 956 3465 ad
981 3404 1126 3465 eumdem
1141 3403 1305 3482 epistolam
1328 3405 1411 3485 typis
1426 3408 1577 3469 mandere
1593 3409 1705 3474 decre·

85 3484 220 3552 hostibus.
239 3490 272 3552 Si
291 3493 398 3552 tamen
413 3491 483 3572 quis
499 3493 529 3552 in
544 3493 605 3554 alio
621 3493 726 3556 duello
741 3495 863 3557 videret
916 3491 1026 3569 verim,
1043 3510 1145 3571 pauca
1158 3493 1283 3570 praefari
1299 3512 1426 3556 necesse
1442 3495 1528 3558 duxi.

85 3572 265 3638 innocentem
280 3597 314 3639 se
324 3579 374 3640 vel
384 3579 625 3660 auabonajuste
640 3581 862 3643 defendentem
957 3602 971 3638 a
997 3579 1056 3642 Vix
1071 3579 1212 3642 ediderat
1226 3580 1446 3643 Sanctissimns
1461 3584 1613 3648 Dominus
1628 3589 1705 3651 Nos-

84 3665 292 3743 sncrumbere,
317 3667 555 3730 circumstantes
583 3674 765 3732 tenerentur
787 3670 861 3733 huic
915 3671 964 3730 ter
977 3666 1165 3728 Benedictus
1180 3669 1259 3745 XIV,
1277 3686 1360 3731 anno
1384 3670 1545 3749 superiore
1559 3674 1701 3738 saluber-

85 3767 261 3832 saeeurrere,
278 3754 572 3819 utitenentSancb.
590 3756 707 3836 etalii,
729 3763 761 3820 et
774 3761 862 3838 patet
915 3755 1028 3815 rimam
1051 3754 1311 3818 Constitutionem
1334 3760 1445 3820 contre
1469 3760 1589 3840 Duelle,
1615 3763 1704 3826 darn·

85 3853 116 3897 er
128 3839 222 3910 dietis,
239 3861 270 3902 rr.
287 3843 359 3904 820.
915 3846 1043 3904 nantem
1058 3844 1195 3925 quinque
1206 3843 1435 3922 propositiones
1445 3846 1530 3910 circa
1543 3849 1625 3912 benc
1639 3871 1705 3914 ma-

38 3945 67 3992 ve
117 3927 220 4004 §est
240 3930 345 3992 ludex
368 3931 512 4008 mandat,
536 3935 570 3994 ut
592 3933 654 4008 duo
677 3933 733 3995 Rei
752 3933 861 3996 mortis
914 3931 1038 4008 teriam,
1054 3951 1127 3993 eum
1141 3933 1229 3994 multi
1249 3933 1331 3994 illico
1347 3933 1480 4013 digitum
1500 3935 1706 4002 intenderunt

85 4013 207 4079 duellent
219 4018 260 4079 ad
274 4019 416 4081 dandum
430 4022 656 4098 spectaculum,
672 4023 722 4084 vel
736 4040 861 4085 recrea·
914 4019 946 4080 in
969 4023 1137 4082 tractatum
1152 4020 1216 4082 Viri
1232 4021 1307 4082 mibi
1332 4022 1523 4102 amicissimi,
1549 4045 1611 4088 non
1633 4029 1702 4090 sine

84 4101 184 4166 tionem
193 4108 432 4186 spectatoribus,
444 4113 555 4186 peceat
565 4110 691 4190 quidem
699 4109 797 4191 judex
814 4131 861 4173 se·
916 4105 1027 4170 calami
1050 4106 1222 4168 acrimonia
1244 4109 1470 4188 predicantes,
1494 4131 1567 4173 eurn
1590 4117 1705 4194 preci-

85 4191 205 4254 cnndum
219 4193 356 4256 dicenda
369 4196 418 4258 lib.
436 4200 467 4274 l,
484 4215 514 4256 rr.
533 4199 621 4260 trev.
639 4199 677 4260 Et
691 4199 722 4260 in
738 4199 782 4260 eis
801 4199 862 4260 cir·
915 4213 976 4274 pue
1000 4194 1064 4272 peti
1087 4194 1147 4255 hac
1170 4195 1396 4258 Constitutione
1421 4215 1494 4258 cum
1507 4201 1631 4263 modico
1647 4204 1705 4266 uti-

85 4283 262 4344 cumstantiis
276 4287 389 4362 putant
403 4283 500 4363 aliqui
515 4301 588 4346 cum
603 4285 721 4365 Burgh.
737 4284 859 4364 Cenat,
917 4302 977 4364 que
993 4281 1167 4360 Societatis,
1185 4281 1274 4364 cnjus
1298 4285 1476 4348 membrum
1495 4293 1587 4366 esset,
1605 4290 1707 4353 bono-

88 4361 142 4428 ea.
157 4371 203 4430 13.
221 4371 303 4431 Reos
317 4388 381 4431 non
396 4389 488 4450 posse
511 4377 676 4452 acceptare
696 4373 758 4435 tale
776 4373 863 4434 duel·
916 4388 961 4432 re.
979 4373 1074 4432 Ferre
1095 4387 1156 4431 non
1180 4371 1266 4450 potui
1282 4371 1363 4432 hanc
1387 4377 1494 4435 notam
1518 4375 1705 4455 impressam

86 4451 149 4532 lum,
164 4457 234 4536 quia
248 4477 311 4519 non
322 4458 497 4537 imperatur
509 4461 695 4522 auctoritate
709 4459 859 4540 legitima,
916 4457 1036 4519 auctori
1050 4457 1132 4534 libri,
1150 4475 1186 4518 ac
1208 4457 1363 4520 detortam
1378 4459 1409 4520 in
1432 4461 1499 4540 ejus
1514 4463 1705 4543 Religiosarn

86 4541 215 4607 sedlt'ao.
236 4547 325 4608 Aser.
348 4545 428 4608 Lesa.
451 4546 559 4629 leym.
579 4547 631 4610 tit.
648 4550 678 4626 3,
695 4557 717 4610 t.
734 4551 762 4626 3,
778 4568 813 4630 p.
830 4552 859 4626 3,
917 4547 1116 4609 Societatem.
1133 4545 1227 4607 Liber
1240 4551 1323 4610 certe
1338 4548 1510 4610 admodum
1524 4552 1634 4613 utilem
1650 4573 1704 4614 cx-

86 4631 144 4706 cb,
156 4651 184 4692 r.
199 4637 232 4706 ὃς
249 4635 392 4713 Castrop.
411 4643 433 4696 t.
451 4638 481 4712 6,
497 4635 527 4696 d.
545 4639 575 4713 5,
589 4655 623 4716 p.
639 4640 669 4712 7,
686 4655 717 4697 rr.
731 4641 780 4714 lt,
796 4655 863 4698 me·
916 4635 989 4696 inde
1003 4636 1114 4696 saltem
1128 4653 1161 4696 se
1176 4635 1289 4704 reddit,
1306 4640 1373 4698 tum
1388 4639 1472 4716 quod
1487 4658 1525 4699 ex
1540 4641 1704 4721 sexaginta

86 4713 137 4777 lius
155 4722 342 4784 contrarium
366 4723 544 4796 affirmant;
568 4724 641 4785 lieet
664 4725 747 4785 enim
765 4724 863 4806 judex
917 4721 1096 4801 Principum
1110 4721 1270 4784 variorum
1284 4723 1394 4786 edictis
1409 4727 1564 4804 ostendat,
1578 4747 1641 4808 qua
1655 4749 1703 4792 ra·

87 4812 189 4884 peccet,
203 4829 260 4890 per
273 4811 335 4874 hoc
358 4831 422 4874 non
442 4812 562 4875 tollitur
584 4813 642 4892 ipsi
666 4814 858 4892 lurisdictio,
917 4811 1000 4874 tione
1024 4811 1134 4872 Duella
1156 4813 1206 4873 vel
1221 4811 1378 4892 impediri,
1394 4814 1444 4874 vel
1467 4816 1634 4878 commissa
1648 4837 1706 4897 pu-

87 4907 132 4953 sau
149 4901 280 4974 potestas
304 4899 389 4960 bunc
418 4904 449 4963 et
469 4901 559 4962 illum
576 4901 732 4963 statuendi
756 4901 864 4963 illinis-
917 4898 977 4959 niri
1000 4899 1136 4961 debeant
1153 4919 1159 4960 :
1177 4903 1243 4962 tum
1266 4901 1351 4980 quod
1372 4901 1578 4982 obligationes
1594 4907 1706 4986 Magis-

115 5175 245 5242 tdppoar'ta
266 5181 384 5234 doetm'ao
408 5195 473 5232 auec
499 5183 619 5236 domnola
642 5188 679 5235 est
701 5201 717 5235 a
743 5187 861 5238 Benedic-
916 5181 1030 5242 ‹ledr'mira
1053 5191 1079 5242 in
1101 5191 1176 5244 Libro
1192 5191 1351 5260 Prcdromo,·
1368 5194 1415 5246 red
1435 5195 1461 5246 in
1482 5193 1547 5246 darec
1563 5211 1617 5245 rem
1631 5195 1708 5261 juvat

90 5241 175 5322 ladit,
190 5255 233 5315 pai
248 5253 315 5304 harre
338 5253 428 5304 thesim
451 5256 554 5318 confixit
577 5272 586 5305 .·
608 5258 729 5306 excusari
750 5262 862 5322 possunt
915 5261 1005 5310 outlire
1025 5263 1088 5327 quid
1100 5265 1217 5328 Pontifici
1228 5266 1358 5329 scripserat
1380 5268 1407 5316 P.
1432 5267 1545 5328 Stadler,
1568 5267 1631 5332 quid
1651 5265 1708 5315 laic

89 5317 156 5366 etun
169 5319 278 5373 bonoria
294 5324 401 5384 tuendi,
418 5323 460 5373 vel
479 5325 604 5376 humanae
619 5327 808 5390 vilipensionis
823 5329 861 5377 vi·
915 5331 957 5379 ille
969 5333 1135 5396 responderit.
1153 5337 1289 5400 Utramque
1302 5337 1381 5400 igitur
1396 5338 1546 5401 prtolam,
1560 5339 1636 5402 preat
1655 5339 1708 5386 tto-

90 5383 161 5438 trndae
173 5393 256 5454 gratia
271 5393 396 5444 duellum
411 5399 588 5459 acceptantes,
603 5397 647 5447 vel
665 5397 699 5446 ad
715 5397 781 5446 illud
797 5413 860 5462 pro·
914 5399 999 5448 aurbei
1010 5415 1091 5465 nuper
1105 5405 1226 5467 impressa
1241 5408 1353 5466 estana
1366 5421 1422 5456 cum
1440 5406 1639 5472 Praefationead
1650 5407 1708 5456 lec·

90 5461 204 5523 tamnus,
218 5463 330 5526 quando
345 5467 419 5514 certo
433 5467 522 5516 sciunt
536 5481 655 5530 pugnam
671 5481 727 5518 non
746 5482 803 5520 esse
821 5483 862 5519 se·
915 5472 993 5520 turen
1004 5471 1054 5520 iltis
1060 5475 1195 5536 pransuro
1206 5476 1377 5538 proferamus.

92 5527 194 5580 caturam
205 5535 299 5602 utpote
313 5533 350 5584 ab
364 5535 427 5585 aliia
441 5535 647 5599 impediendam.
663 5537 762 5590 Bolum
780 5551 859 5604 supro
