4086 6348
791 659 843 728 ou
866 661 1013 728 suman.
1666 666 1737 752 pes,

88 847 358 932 presumptionem
377 850 592 916 fornicationis
612 851 695 916 inter
717 870 780 916 nou
802 871 875 916 con·
930 851 1036 916 variis.
1057 851 1146 916 Ratio
1166 851 1306 932 responsi
1326 857 1383 929 est,
1405 851 1480 932 quia
1496 853 1617 916 oroma
1633 851 1722 917 insti·

87 939 282 1020 sanguineos,
299 957 361 1002 non
371 959 496 1022 semper
505 941 648 1006 sufficere
659 942 698 1004 ad
709 960 780 1004 eam
794 940 875 1005 inter
929 944 996 1004 tuta
1023 943 1070 1003 est
1097 941 1137 1002 ad
1160 939 1334 1002 subsidium
1359 941 1563 1022 probationis,
1593 941 1720 1022 wando

87 1028 342 1108 consanguineos,
364 1029 409 1092 uti
428 1049 465 1092 ex
482 1030 555 1110 jure
572 1032 708 1110 probant
727 1029 871 1094 Menocb.
929 1035 1115 1108 argumenta
1129 1033 1160 1093 et
1180 1029 1295 1091 indicio
1316 1035 1388 1092 sunt
1405 1029 1497 1092 udde
1519 1029 1669 1109 efficacia,
1686 1035 1722 1094 ut

86 1115 133 1179 ro.
145 1120 177 1195 5,
184 1127 356 1200 proemmpt.
370 1121 419 1192 173
430 1119 586 1182 Muscard.
598 1120 656 1181 ool.
668 1124 698 1197 3,
711 1139 789 1182 conr.
801 1124 872 1196 810,
929 1116 972 1180 sic
998 1118 1092 1199 plena
1116 1119 1259 1200 probatio
1285 1119 1439 1197 eliciatur,
1463 1135 1537 1181 nam
1565 1119 1719 1183 confessio

85 1223 115 1268 n.
125 1207 171 1279 li;
187 1206 262 1273 biol.
273 1226 304 1274 o.
317 1209 366 1284 ll,
378 1205 422 1280 ita
431 1207 603 1288 etquidem
613 1207 720 1270 dicant
731 1226 793 1270 non
806 1227 872 1269 essa
928 1207 974 1268 rei
985 1207 1022 1289 (si
1032 1227 1102 1270 eam
1112 1208 1244 1270 ratificat
1258 1211 1346 1269 extra
1355 1212 1519 1287 torturam,
1530 1213 1719 1288 maneatque

86 1293 238 1356 sufficiens
272 1293 312 1356 ad
347 1294 500 1358 violenter
536 1296 791 1376 praesumendum
825 1295 874 1356 in·
927 1294 960 1355 in
975 1296 1370 1377 eausqueadsequeutcm
1385 1295 1479 1376 diem)
1496 1315 1533 1358 ex
1548 1295 1720 1378 semiplena

87 1385 212 1458 meum,
245 1381 271 1454 ai
299 1383 549 1462 consanguineus
577 1390 609 1446 et
641 1383 873 1465 consanguinea
928 1381 1112 1462 probatione
1127 1383 1202 1446 iacit
1216 1385 1456 1464 plenam3Lcss.
1474 1383 1528 1447 lib.
1544 1390 1574 1464 2,
1589 1404 1652 1467 cop.
1667 1387 1717 1464 30,

86 1469 155 1532 nudi
170 1469 368 1549 reperiantur
382 1471 413 1532 in
432 1470 544 1534 eodem
562 1473 664 1547 lecto;
685 1491 746 1554 qno
762 1472 872 1536 admit·
928 1469 958 1533 d.
975 1474 1033 1546 183
1049 1473 1133 1535 Dclr.
1150 1471 1203 1535 lib.
1220 1477 1250 1551 5,
1265 1483 1332 1536 sect.
1348 1475 1386 1547 3;
1403 1476 1512 1554 Laym.
1530 1469 1586 1534 loc.
1601 1473 1651 1556 cit.

85 1555 300 1624 tuntPcnornn.
311 1555 410 1622 Felio.
422 1568 451 1621 et
463 1560 547 1622 Gom.
561 1560 658 1624 sisini
668 1559 871 1624 ascendentes
968 1583 982 1620 u
1001 1559 1070 1622 Dixi
1085 1559 1116 1621 in
1131 1559 1344 1640 responsione,
1359 1559 1397 1624 si
1410 1571 1506 1623 tomen
1519 1561 1654 1644 torqueri
1664 1577 1720 1642 po-

85 1649 115 1704 et
135 1644 372 1724 descendentes,
396 1651 452 1710 aut
473 1649 569 1710 etiam
592 1649 724 1728 proximi
747 1649 871 1712 collate·
928 1656 999 1710 test:
1018 1649 1092 1729 quio
1109 1651 1254 1731 quaedam
1273 1669 1415 1730 persone
1434 1649 1641 1731 prohibentur
1655 1651 1720 1711 tor·

86 1733 171 1812 mles,
186 1733 230 1796 uti
245 1733 342 1798 frater
356 1740 389 1798 ct
396 1755 496 1814 soror,
508 1738 609 1819 inquit
622 1738 729 1800 Molin.
745 1737 872 1802 Limitnt
928 1735 1027 1818 queri,
1051 1737 1110 1799 nisi
1130 1738 1162 1799 in
1181 1738 1364 1800 criminibus
1386 1739 1533 1818 exceptis,
1555 1737 1633 1800 tales
1647 1740 1720 1799 sunt

85 1819 221 1887 choob.
236 1823 264 1886 ai
279 1823 468 1888 sinttencnae
481 1826 593 1901 aetabs,
611 1825 755 1907 quamvis
769 1831 800 1887 et
814 1826 871 1888 cir·
926 1825 984 1886 viri
1007 1824 1038 1886 in
1060 1843 1176 1906 magna
1198 1825 1348 1906 dignitate
1370 1825 1540 1902 constituti,
1563 1825 1720 1890 Olilciales

85 1911 274 1974 onmstantiae
305 1931 431 1992 semper
461 1914 595 1994 spectari
628 1914 774 1991 debeant,
808 1931 870 1994 quo
927 1912 1119 1993 Principum,
1152 1913 1283 1978 Urbium
1317 1913 1559 1990 Gubernatores,
1585 1913 1719 1976 'Nobiles

85 1999 229 2076 tempore,
256 2017 298 2062 an
321 2000 352 2061 in
376 2002 639 2083 peregrinatione,
659 2020 700 2063 on
723 2006 872 2064 econtra
927 2001 1081 2084 equestris
1091 2001 1228 2078 Ordinis,
1239 2001 1362 2080 Milites,
1375 2003 1534 2078 Doctores,
1547 2017 1718 2082 eorumque

85 2083 161 2146 doni
189 2091 222 2148 ct
240 2086 275 2148 in
304 2087 431 2152 latebris
461 2090 553 2152 amul
582 2089 782 2169 reperiantur
809 2095 868 2152 etc.
926 2089 1036 2164 liberi;
1057 2089 1133 2152 item
1148 2090 1338 2170 impuberes,
1353 2107 1444 2152 senes
1458 2089 1610 2152 memoria
1623 2087 1720 2150 vacil-

84 2191 152 2238 nam
177 2193 261 2256 saepe
291 2178 386 2240 etiam
415 2178 497 2242 inter
526 2179 775 2258 consanguineos
793 2179 872 2240 liunt
926 2176 1038 2256 lanice,
1059 2183 1259 2259 praegnantes
1280 2181 1311 2240 et
1331 2178 1472 2240 nondum
1490 2179 1720 2241 confirmatae

84 2259 223 2343 incestus,
246 2266 350 2346 iuquit
363 2268 508 2334 Menoch.
528 2269 640 2330 merito
656 2273 769 2348 putans
790 2267 871 2329 sumi
926 2271 1035 2346 partu;
1048 2267 1151 2330 Delrio
1166 2275 1233 2330 sert.
1244 2271 1278 2344 93
1291 2267 1387 2330 Binsl.
1400 2285 1465 2348 cup.
1477 2271 1511 2344 6;
1522 2269 1611 2349 Lugo
1625 2265 1654 2330 d.
1667 2267 1716 2344 37,

84 2367 167 2428 posse
197 2355 473 2436 presumptionem
502 2356 692 2434 violentam,
726 2357 752 2418 si
782 2359 872 2436 pater
925 2362 992 2417 sect.
1009 2357 1057 2416 lt.
1081 2354 1317 2418 Underesolues:

84 2442 113 2501 et
129 2440 192 2504 filia
211 2443 297 2504 olam
316 2446 524 2524 reperiantur,
548 2443 651 2522 simul,
674 2444 777 2506 nudus
798 2461 871 2506 oum
966 2465 980 2501 u
1008 2445 1032 2506 l.
1059 2445 1174 2506 Peccat
1195 2445 1297 2508 ludex
1321 2443 1470 2525 graviter,
1496 2444 1521 2506 si
1545 2461 1608 2506 non
1631 2443 1724 2524 priua¹

85 2529 181 2592 nuda:
197 2529 283 2594 unde
294 2537 377 2594 recte
392 2533 549 2596 concludit
558 2533 712 2597 Mascard.
724 2553 804 2596 oum.
818 2535 867 2616 22,
926 2532 1032 2594 omnia
1046 2531 1106 2596 alia
1121 2531 1226 2596 media
1243 2533 1369 2595 mitiora
1382 2531 1565 2612 detegenda
1579 2529 1719 2594 rennos

84 2619 181 2682 omnia
197 2619 483 2709 becrelinquenda
503 2641 570 2686 esee
590 2621 737 2704 prudenti
750 2619 871 2684 iudicis
925 2625 1034 2702 tentet,
1052 2622 1200 2704 quemad
1215 2621 1564 2686 torturamdescendat.

84 2705 203 2770 arbitrio
222 2708 333 2773 dicens
346 2729 426 2772 oum.
445 2714 493 2787 tr,
515 2730 554 2772 ex
567 2709 725 2772 communi
742 2707 867 2788 adagio,
964 2733 979 2770 n
997 2712 1035 2776 ΙΙ.
1059 2713 1193 2774 'l'ortnra
1215 2708 1397 2790 simpliciter
1417 2708 1638 2771 abstinendum
1658 2711 1716 2786 cat,

86 2793 183 2860 tuoe
195 2797 360 2875 consilium,
375 2799 490 2882 oequior
502 2797 689 2877 deliberatio,
705 2800 810 2860 certius
822 2795 869 2877 ju·
926 2800 1052 2881 qnando
1074 2800 1163 2862 adest
1185 2800 1278 2878 plena
1301 2797 1443 2879 probatio
1465 2797 1622 2872 criminia;
1644 2796 1720 2877 quia

84 2881 253 2964 dirimeret,
267 2887 724 2970 sempermeb'uspresumerede
737 2887 786 2958 eri,
799 2906 871 2972 quos
925 2889 967 2954 ad
989 2889 1071 2951 banc
1095 2887 1258 2952 ordinatur
1278 2892 1419 2962 tortura;
1444 2889 1523 2950 Nav.
1548 2890 1633 2950 base.
1659 2884 1715 2949 loc.

83 2990 222 3055 mucro
235 2977 268 3037 in
283 2977 404 3040 adnuae
417 2979 550 3040 nouimus
563 2976 758 3062 depr-eboraca.
776 2977 870 3040 Plura
925 2979 975 3042 cit.

85 3059 120 3122 dc
128 3064 363 3141 probationibus
376 3070 407 3130 et
415 3067 449 3128 in
459 3065 562 3146 specie
573 3067 657 3128 circe
666 3066 869 3143 adulterium,
965 3090 979 3127 o
998 3067 1048 3132 lll.
1060 3061 1715 3142 insufficientiaadtorturamindiciasunt,

83 3162 110 3210 t.
125 3153 204 3230 apud
220 3152 301 3216 (lob.
318 3153 351 3214 in
367 3153 465 3230 Quim.
486 3163 508 3215 t.
525 3156 557 3232 3,
571 3172 637 3234 cop.
653 3157 704 3232 32,
720 3162 786 3215 sect.
804 3156 819 3218 l
837 3160 869 3215 et
925 3155 951 3218 si
976 3156 1111 3219 cadaver
1138 3153 1231 3218 occisi
1259 3155 1425 3234 sanguinet
1451 3153 1492 3214 ad
1516 3153 1718 3235 praesentiam

85 3234 119 3298 de
131 3239 335 3304 fornicatione
348 3252 414 3306 rect.
427 3248 455 3306 2.
469 3243 547 3305 Vide
558 3243 654 3308 ctiam
667 3241 752 3304 dicta
767 3241 819 3304 ot.
836 3244 867 3320 3,
924 3243 1056 3325 alicujus
1070 3264 1078 3318 ;
1101 3245 1128 3306 si
1139 3261 1223 3324 sagae
1238 3262 1300 3304 non
1312 3243 1432 3323 possint
1443 3240 1621 3322 lacrymari.
1637 3243 1717 3304 Item

81 3342 141 3404 por.
154 3331 183 3406 3,
204 3349 289 3393 num.
313 3334 382 3408 330,
406 3337 438 3394 et
455 3331 589 3396 dicenda
610 3331 660 3394 hio
678 3351 759 3394 num.
778 3335 865 3397 itte.
923 3333 1031 3396 illicita
1045 3336 1091 3395 cst
1105 3333 1247 3412 probatio
1267 3349 1324 3412 per
1340 3347 1450 3411 aquas,
1472 3333 1530 3391 ete.
1548 3329 1587 3390 de
1602 3326 1717 3409 quibus

84 3413 503 3502 Queeutemformajudicii
519 3419 868 3502 servandasitinqnisi·
923 3421 995 3483 vide
1018 3419 1121 3484 Delrio
1147 3419 1199 3482 lib.
1224 3421 1264 3494 5;
1289 3421 1374 3480 basa.
1404 3435 1488 3479 oum.
1514 3419 1591 3490 loa;
1615 3413 1712 3478 'lrnlb

83 3500 158 3574 bono
175 3506 293 3584 delicti,
314 3509 383 3580 leta,
406 3510 544 3591 explicat
570 3512 739 3590 Fagnanus
757 3529 846 3594 supra
856 3531 868 3579 .·
925 3505 975 3572 lib.
987 3511 1016 3586 3,
1033 3528 1096 3591 cop.
1110 3511 1139 3586 l,
1155 3507 1183 3572 d.
1195 3511 1245 3572 tl.

85 3587 150 3673 Cap.
167 3594 315 3675 dimitto,
333 3603 402 3662 toto.
964 3619 978 3658 u
996 3599 1048 3660 IV.
1066 3598 1203 3658 Peccant
1219 3591 1357 3672 ludices,
1378 3593 1478 3675 quiin
1494 3590 1596 3654 causis
1610 3587 1717 3654 orimi-

924 3684 1046 3748 nalibns
1066 3689 1120 3748 aut
1138 3681 1283 3748 notabilis
1301 3683 1447 3761 inlomiae,
1468 3696 1558 3745 reum
1572 3699 1716 3762 compre·

924 3774 1069 3852 hensum,
1082 3779 1251 3857 antequam
1264 3771 1402 3835 habeant
1413 3771 1631 3852 probationem
1643 3785 1714 3832 oon·

324 3897 546 3962 ARTIGULUS
561 3900 602 3964 Π]
923 3864 972 3928 tra
982 3863 1095 3943 ipsum,
1108 3863 1287 3945 juramento
1303 3861 1480 3942 astringunt
1494 3860 1535 3922 ad
1547 3858 1714 3924 noandum

607 3944 614 3960 ⁸
923 3952 1088 4015 veritatem
1108 3950 1148 4012 de
1167 3949 1313 4012 omnibus
1332 3948 1561 4029 pertinentibus
1578 3947 1619 4010 nd
1639 3963 1716 4008 cau·

86 4085 869 4200 QuidliceotJudr'cr'cirooquestionessioetorturam?
922 4037 1715 4210 22¹2?{l}{iffipwfflffinsggseffiffiffldgffi

924 4239 990 4282 esse
1005 4219 1030 4280 si
1041 4217 1110 4298 (etsi
1120 4217 1186 4278 sine
1193 4213 1398 4297 juramento)
1410 4212 1513 4291 minis,
1529 4212 1712 4290 terroribus,

22 4325 64 4380 tero
121 4325 134 4362 ‘¹
147 4307 239 4390 aaa.
256 4308 351 4372 1..Αά
368 4308 580 4389 torquendum
598 4327 689 4370 raum
708 4307 745 4389 (si
761 4312 866 4372 tameo
922 4311 1150 4372 tormentorum
1165 4303 1353 4381 ostensione,
1368 4301 1529 4364 hominem
1542 4301 1670 4364 turbent
1683 4302 1715 4362 et

83 4390 209 4474 torqueri
232 4397 353 4478 potest)
378 4398 582 4478 requiruntur
604 4398 738 4479 alicujus
760 4399 866 4479 granis
922 4395 1101 4478 implicent3
1125 4392 1237 4455 nisibi
1258 4389 1488 4467 contradicens,
1509 4387 1715 4452 circumstan-

23 4501 26 4530 t
83 4481 390 4551 oriminia'aasaltem
409 4485 536 4566 indicia,
558 4505 628 4568 quoe
643 4486 867 4550 laciautaemi-
920 4485 997 4548 tiam
1012 4485 1149 4563 aliquam
1163 4482 1291 4558 revelet,
1313 4499 1376 4560 qua
1394 4479 1597 4541 convincatur
1612 4481 1643 4539 et
1655 4493 1714 4556 pu·

82 4570 197 4647 plenam
209 4576 439 4656 probationem,
455 4576 487 4638 id
498 4580 555 4652 est,
568 4577 702 4640 reddant
716 4593 784 4638 rem
797 4577 866 4656 plus
921 4575 1045 4648 niatur;
1060 4572 1139 4638 Vide
1154 4574 1252 4652 bago,
1270 4569 1299 4632 d.
1316 4573 1366 4648 lb,
1383 4587 1465 4630 num.
1482 4570 1511 4629 l.

83 4663 393 4744 comprobaniem
407 4665 763 4745 qualiahabcnturvg.
779 4665 866 4728 testis
960 4687 975 4724 u
994 4663 1032 4726 V.
1056 4663 1089 4725 Si
1109 4661 1211 4725 ludex
1232 4659 1396 4721 extorserit
1416 4655 1644 4720 contessionem
1656 4671 1713 4734 pcr

83 4763 156 4812 unm
183 4754 267 4816 omni
292 4753 476 4834 exceptione
504 4754 616 4834 major,
641 4754 686 4815 rei
713 4754 864 4816 confessio
921 4751 1078 4835 injuriam,
1094 4749 1182 4812 verbi
1206 4747 1318 4830 gratia,
1344 4745 1369 4808 si
1392 4743 1519 4810 torserit
1538 4747 1710 4822 exemptos,

83 4840 337 4922 mejudicium,
353 4843 430 4905 itam
439 4842 644 4922 probabiliter
658 4842 752 4904 etiam
767 4860 866 4906 asser·
920 4839 1032 4902 sisine
1055 4837 1291 4914 sufficientibus,
1317 4833 1450 4913 indiciis,
1474 4833 1499 4894 si
1523 4832 1594 4894 dolo
1615 4831 1710 4931 malo,

82 4921 122 4986 iio
141 4925 274 4994 duorum
295 4931 345 4992 vel
368 4932 464 4994 trium
487 4931 626 4994 criminis
649 4931 816 5011 sociorum,
833 4931 865 4993 in
919 4927 1104 5004 mendaciis,
1128 4927 1198 4990 licta
1223 4923 1419 5006 impunitatis
1441 4919 1646 5002 promissione
1666 4937 1712 4979 in·

82 5012 255 5084 criminibus
269 5019 418 5098 exceptis,
440 5024 649 5099 praeterquam
664 5020 806 5082 veneficii
822 5019 865 5100 (iu
920 5015 1009 5078 duxit
1022 5015 1062 5077 ad
1076 5013 1250 5091 fatendum,
1264 5013 1314 5073 vel
1328 5011 1419 5074 aliter
1433 5009 1510 5090 (sive
1522 5005 1626 5089 quoad
1640 5003 1712 5066 sub·

84 5113 151 5178 qno,
172 5121 211 5166 an
233 5123 271 5168 ex
292 5106 359 5168 sola
377 5107 613 5170 denuntiatione
632 5107 820 5186 complicum
835 5112 867 5170 et
920 5103 1067 5166 stantiam
1082 5102 1187 5182 quoad
1201 5099 1340 5180 modam)
1354 5095 1532 5162 notabiliter
1546 5092 1714 5156 excesserit

84 5201 140 5263 quo
148 5193 240 5256 modo
252 5195 423 5273 procedere
434 5195 536 5258 liceat.
548 5195 627 5260 Vide
640 5199 740 5258 Tann.
753 5205 821 5259 tom.
833 5199 862 5277 3,
919 5191 952 5254 in
966 5196 1098 5269 tortura,
1112 5189 1264 5252 confessio
1274 5188 1361 5249 nulla
1370 5190 1427 5265 est,
1440 5203 1497 5247 nec
1506 5186 1609 5264 potest
1623 5200 1660 5243 cx
1674 5199 1713 5243 ea

85 5271 111 5335 d.
125 5279 154 5355 l,
169 5278 204 5342 de
214 5280 320 5348 durtii.
336 5283 403 5348 dub.
420 5288 478 5346 tet
492 5287 530 5357 33
547 5286 656 5363 baym.
675 5283 728 5346 Iit.
746 5287 777 5364 3,
793 5295 816 5348 t.
832 5289 862 5364 6,
919 5270 1712 5361 procedi;imoteneturiudexadcompensationem

82 5377 143 5444 αφ.
166 5369 208 5448 5,)
232 5370 306 5435 item
333 5373 419 5434 lama
441 5372 567 5452 publica
589 5391 608 5434 a
627 5373 703 5434 viris
726 5372 864 5436 honestis
919 5361 1382 5445 damnorum,utdocetbng.d.
1396 5359 1709 5440 37,o.l57.V.Leas.

83 5453 158 5530 orio,
169 5460 611 5540 oopertestceprobata,cum
621 5461 865 5525 alteriusindicii
920 5456 988 5522 dud.
1005 5459 1058 5530 l8;
1074 5457 1183 5533 Laym.
1201 5473 1268 5535 cop.
1285 5457 1316 5529 5,
1332 5450 1384 5512 ubi
1401 5450 1496 5512 etiam
1510 5444 1599 5508 dolos
1611 5445 1712 5506 bonos

86 5537 265 5613 somniante
278 5546 372 5628 ,tuom
391 5547 477 5613 lama
496 5550 565 5613 sola
584 5567 647 5614 non
665 5550 788 5631 probat,
809 5549 866 5615 sed
920 5565 999 5628 qnos
1016 5545 1119 5608 Delrio
1139 5542 1280 5625 suggerit
1297 5538 1410 5618 iudici,
1430 5537 1525 5619 plane¹
1542 5533 1655 5618 rejicit.
1671 5531 1713 5600 V,

29 5643 58 5696 tu
84 5623 175 5698 hebet
185 5651 217 5700 se
231 5636 329 5707 instar
339 5640 543 5721 aeneatoris)
556 5642 666 5722 Laym.
683 5660 763 5704 nuno.
780 5645 810 5721 9,
827 5659 866 5702 ex
919 5639 997 5700 Tan.
1012 5654 1043 5717 q.
1059 5638 1090 5715 2,
1105 5630 1136 5697 d.
1152 5635 1192 5711 2,
1208 5627 1305 5696 Trull.
1323 5627 1376 5693 loc.
1392 5625 1445 5691 e‘t.
