3992 6336
670 531 722 592 DE
745 527 1040 594 abscindamus.
1620 539 1676 600 itt

66 718 148 800 tejas
159 717 196 780 ad
212 715 418 778 omissionem
433 714 564 777 actionis
578 715 660 776 illius
676 719 824 792 externae,
881 733 955 796 ergo
970 717 1029 797 ipsi
1044 715 1239 796 imputantur
1253 717 1370 780 damna
1386 736 1393 779 :
1418 736 1493 798 orgo
1516 719 1675 800 obligatur

64 808 110 870 icc
121 805 196 868 enim
210 805 250 866 da
262 823 296 866 se
310 822 376 865 non
393 807 440 866 est
453 803 580 883 injusta,
597 805 642 866 uti
662 821 823 884 suppon03
880 805 920 865 ad
937 823 974 865 ea
988 805 1175 884 reparanda.
1188 808 1223 867 R.
1242 809 1295 868 Est
1310 824 1406 868 causa
1420 805 1544 868 illorum
1559 827 1616 886 per
1626 827 1675 870 ac-

59 895 114 958 dato
125 901 233 970 autem,
251 892 359 976 quoad
374 892 490 953 habeat
501 891 553 973 jas
568 892 608 953 ad
625 891 826 954 omissionem
880 891 999 954 tionem
1014 896 1186 970 externam,
1204 893 1342 956 effective
1358 891 1551 974 injuriosam,
1569 895 1606 969 N.
1619 915 1676 975 per

8 997 10 1050 ζ,
57 981 163 1044 amonis
179 982 322 1058 internae,
348 983 456 1059 sicque
480 999 537 1060 per
559 981 766 1044 intentionem
790 980 827 1041 il·
881 981 1038 1042 actionem
1060 987 1221 1044 externam
1236 1001 1297 1044 non
1317 982 1500 1064 injuriosam
1520 983 1673 1063 effective,

11 1069 16 1113 *-
57 1071 105 1132 lan
116 1069 262 1132 interim
276 1072 427 1148 peccetur
442 1074 551 1130 eontra
567 1068 732 1148 justitiam,
757 1069 826 1130 heco
881 1071 914 1131 C.
932 1073 1017 1144 ant.;
1035 1089 1109 1150 ergo
1135 1071 1288 1152 quidquid
1311 1090 1349 1132 ex
1372 1071 1433 1132 illis
1447 1070 1599 1151 sequitur,
1616 1072 1675 1152 ipsi

17 1128 26 1221 i
61 1166 140 1221 temen
153 1158 280 1220 intentio
295 1157 421 1219 interna
435 1174 496 1216 non
516 1161 564 1218 est
587 1176 680 1218 causa
705 1159 823 1234 damni,
880 1155 1075 1238 imputantur
1089 1159 1129 1220 ed
1145 1160 1289 1240 culpam;
1307 1177 1376 1240 quae
1392 1165 1518 1221 externe
1534 1161 1675 1224 effective

59 1246 99 1308 sed
110 1246 171 1307 sola
182 1245 263 1306 actio
279 1248 421 1320 externa,
439 1261 508 1322 quae
523 1243 823 1315 soladamnosaest;
881 1244 921 1305 sit
935 1248 1045 1307 contra
1055 1246 1220 1326 justitiam,
1238 1250 1275 1308 N.
1293 1266 1363 1326 quae
1383 1251 1509 1308 externe
1534 1247 1675 1310 effective

59 1353 115 1414 ergo
135 1332 221 1394 sicuti
241 1349 305 1394 non
330 1335 378 1393 est
400 1331 548 1410 obligatio
563 1333 747 1394 restituendi
767 1349 824 1412 pro
880 1332 921 1392 sit
936 1331 1015 1394 forte
1039 1338 1148 1394 contra
1171 1333 1345 1412 caritatem,
1372 1335 1492 1397 interne
1512 1339 1617 1396 autem
1636 1335 1677 1396 sit

58 1423 193 1484 voluntate
212 1419 339 1482 interna
360 1418 498 1496 furandi,
523 1419 549 1480 si
573 1420 689 1480 lurtum
709 1419 827 1480 nonsit
880 1421 1002 1481 tantum
1024 1421 1164 1483 effective
1184 1427 1292 1484 contra
1312 1421 1477 1502 justitiam,
1494 1423 1672 1503 permittet

58 1514 186 1586 secutum,
208 1507 353 1586 quamvis
373 1506 480 1570 volitio
504 1507 628 1570 interna
647 1508 771 1570 iurandi
787 1509 827 1572 sit
881 1507 1052 1586 sequelam,
1069 1509 1124 1570 sed
1139 1512 1175 1570 N.
1187 1510 1339 1571 ultimam.

59 1603 147 1658 contra
160 1595 320 1676 justitiam,
344 1595 389 1658 ita
408 1612 465 1655 nec
489 1595 548 1657 erit
566 1596 714 1675 obligatio
739 1597 826 1658 resti·
922 1593 1016 1675 Objic.
1033 1599 1062 1656 3.
1081 1597 1228 1668 Quamvis
1243 1597 1355 1677 aliquis
1378 1597 1493 1659 habeat
1512 1597 1565 1678 jus
1588 1601 1675 1680 equi·
1703 1622 1742 1670 isi

17 1728 18 1739 .
60 1684 146 1746 luendi
159 1700 212 1762 pro
225 1683 399 1744 intentione
414 1682 537 1744 interna
551 1683 669 1760 damni,
686 1683 712 1744 si
727 1683 826 1744 inten-
879 1681 966 1742 tandi
991 1702 1028 1743 ex
1052 1685 1228 1746 rationabili
1253 1705 1358 1763 causa,
1393 1687 1466 1747 licet
1502 1687 1676 1764 praevideat

17 1806 18 1809 =
59 1772 134 1832 datur
150 1789 203 1848 per
220 1770 377 1830 actionem
401 1769 440 1829 de
460 1788 493 1830 se
514 1790 576 1832 non
601 1768 761 1852 injustam.
787 1773 828 1831 Et
880 1770 1094 1850 pollutionem,
1119 1772 1173 1832 sed
1196 1773 1266 1834 ideo
1282 1773 1550 1853 equitanspeccat
1565 1781 1676 1838 contra

18 1870 21 1913 :
59 1861 121 1920 ratio
134 1879 152 1920 a
163 1858 254 1938 priori
270 1862 327 1933 est,
346 1856 491 1938 quiahoc
503 1858 825 1940 damnumaequaliter
881 1857 1055 1919 castitatem
1072 1879 1079 1918 :
1096 1878 1171 1938 ergo
1180 1860 1281 1921 etiam
1297 1861 1440 1940 quamvis
1449 1861 1550 1922 Titius
1558 1860 1676 1926 lrabeat

18 1960 22 2029 ‘q
59 1953 218 2026 sequeretur
243 1965 281 2006 ex
308 1946 431 2008 ratione
456 1949 584 2007 externa
605 1945 644 2007 de
675 1965 708 2006 se
736 1965 825 2026 mque
877 1942 929 2023 jus
940 1945 1140 2008 dissuadendi
1153 1951 1386 2025 testamentum,
1400 1948 1675 2027 praevidensdam-

19 2032 21 2053 '
60 2034 197 2110 dammae,
221 2033 286 2094 sive
308 2033 377 2094 haec
398 2033 479 2094 actio
500 2039 628 2094 externa
641 2033 827 2112 procederet
881 2051 956 2092 num
971 2035 1157 2112 Sempronii,
1175 2039 1280 2096 tamen
1295 2055 1357 2097 non
1375 2036 1473 2098 habet
1489 2037 1541 2117 jus
1553 2039 1675 2102 dissua-

19 2058 23 2195 i
60 2121 163 2180 amala
187 2119 356 2180 intentione
381 2119 446 2180 sive
468 2137 555 2180 non:
583 2139 658 2200 ergo
685 2139 722 2180 ex
750 2120 824 2198 hoc,
884 2120 978 2181 dendi
994 2140 1030 2182 eo
1046 2123 1118 2198 fine,
1136 2127 1170 2184 ut
1190 2123 1250 2184 hoc
1265 2123 1413 2184 damnum
1434 2131 1585 2204 sequatur
1600 2128 1674 2188 :sed

63 2208 284 2286 quodprocedat
311 2207 432 2270 amala
455 2207 636 2284 intentione,
664 2227 726 2268 non
755 2209 825 2270 ideo
879 2206 1674 2293 ideodissuadenspeccahitcontrajustitiam,ergo

25 2314 28 2361 t
63 2301 98 2356 aa
109 2296 247 2356 damnosa
263 2315 271 2368 ς
289 2313 364 2374 ergo
381 2313 442 2355 non
457 2294 527 2356 ideo
543 2298 590 2356 est
605 2294 752 2373 obligatio
762 2314 825 2356 res·
880 2295 1041 2356 tenebitur
1063 2297 1104 2357 ad
1123 2298 1361 2374 restitutionem,
1379 2298 1423 2359 ita
1436 2301 1523 2378 Lugo
1544 2301 1580 2360 R.
1599 2303 1626 2362 l.
1641 2301 1674 2364 Si

64 2382 178 2444 timendi.
194 2383 281 2446 Adde
295 2382 503 2462 probabiliter
525 2382 620 2444 etiam
644 2383 716 2462 dici,
742 2383 826 2464 quod
880 2389 1100 2462 argumentum
1115 2385 1208 2461 valet,
1221 2403 1296 2465 ergo
1317 2385 1415 2446 Titius
1433 2391 1545 2464 peccat
1563 2393 1675 2451 contra

64 2471 87 2530 in
98 2475 204 2532 tantum
218 2471 257 2532 sit
267 2471 319 2552 jus
334 2471 374 2531 ad
395 2469 543 2546 actiones,
568 2470 617 2530 vel
642 2470 826 2533 omissiones
876 2470 1041 2550 justitiam,
1058 2472 1083 2532 si
1100 2472 1222 2534 omittat
1236 2474 1368 2535 suadere
1379 2477 1613 2552 testamentum,
1626 2477 1675 2538 in-

66 2557 184 2635 internns,
201 2559 231 2619 in
246 2561 399 2638 quantam
414 2557 462 2619 har
478 2556 755 2634 necessariaesunt,
775 2557 825 2618 vel
879 2559 1036 2620 tendendo
1052 2562 1086 2620 ut
1100 2559 1303 2637 Sempronius
1322 2559 1459 2638 patiatur
1482 2562 1559 2622 illud
1586 2563 1673 2624 darn-

66 2648 212 2710 ronducunt
224 2646 264 2708 ad
279 2646 430 2722 actioneS,
447 2647 497 2706 vel
520 2645 702 2708 omissiones
726 2650 825 2706 exter·
880 2665 966 2722 num,
984 2645 1073 2706 sicuti
1088 2649 1234 2724 peccaret
1243 2651 1353 2708 contra
1372 2647 1561 2726 castitatem,
1583 2651 1674 2712 omit·

66 2751 115 2811 aas,
128 2734 162 2796 ad
177 2753 251 2814 quas
266 2739 314 2796 est
324 2733 376 2814 jus
394 2753 400 2794 :
418 2731 473 2794 sed
488 2736 608 2794 nonest
617 2732 718 2812 jusad
729 2733 825 2794 talem
879 2731 974 2793 tendo
996 2735 1119 2810 gestare
1140 2730 1286 2809 cilicium,
1310 2732 1501 2796 intendendo
1524 2737 1672 2814 pollutio-

67 2823 235 2884 omissionem
245 2826 417 2898 externam,
428 2819 472 2881 uti
484 2820 600 2881 dictum
610 2825 667 2896 est,
684 2838 825 2898 ergonec
880 2825 963 2896 nem,
980 2821 1064 2899 quod
1079 2823 1184 2881 tamen
1205 2823 1291 2900 Lugo
1307 2826 1402 2900 negat
1418 2842 1425 2882 :
1443 2841 1518 2902 ergo
1543 2825 1673 2888 evidens

66 2909 94 2968 ad
110 2912 267 2982 internam3
293 2913 325 2970 et
342 2913 572 2988 consequenter
592 2907 673 2968 actio
688 2907 822 2985 interna,
879 2913 927 2970 est
941 2927 1009 2969 esse
1024 2909 1240 2988 disparitatem
1254 2910 1336 2970 inter
1350 2909 1487 2990 reliquas
1501 2909 1632 2975 virtutes
1643 2917 1674 2975 et
1766 2915 1771 2918 ’

67 3015 111 3076 qua
121 2998 241 3059 intendit
255 2997 405 3058 damnum
416 2995 554 3072 alterius,
571 2995 630 3056 erit
644 3001 765 3056 tantum
781 2996 825 3057 ai·
875 2995 1053 3076 justitiam;
1082 2997 1155 3058 hinc
1170 2997 1339 3077 respondet
1361 3001 1391 3060 Ξ.
1418 3000 1519 3060 Haun.
1545 3019 1576 3062 n.
1603 3004 1671 3079 136,

67 3083 150 3146 iective
162 3088 267 3145 contra
277 3082 340 3164 jas,
358 3101 420 3145 non
435 3086 540 3144 autem
556 3081 708 3143 effective.
734 3085 763 3144 2.
791 3081 824 3144 Si
879 3087 917 3145 N.
934 3102 1060 3163 conseq.
1072 3104 1079 3158 ;
1093 3085 1221 3146 castitas
1235 3089 1267 3146 et
1282 3085 1410 3166 reliquae
1425 3087 1557 3150 virtutes
1572 3089 1674 3151 inten-

67 3177 166 3250 propter
177 3174 331 3234 actionem
346 3177 508 3233 externam
522 3189 594 3231 cum
608 3171 662 3232 tali
678 3170 824 3235 intentio·
879 3173 958 3234 dunt
970 3174 1110 3234 modium
1120 3173 1258 3250 rationis,
1275 3175 1376 3252 idest,
1399 3193 1456 3253 pro
1472 3176 1533 3237 line
1553 3176 1674 3239 liabent

67 3273 93 3318 ne
104 3260 220 3338 positam
235 3260 404 3321 deberetur
417 3258 582 3336 restitutio,
606 3277 680 3338 ergo
703 3277 825 3321 merca·
878 3261 1085 3338 honestatem,
1103 3280 1164 3325 non
1180 3263 1308 3340 praecise
1324 3283 1362 3324 ax
1375 3263 1487 3340 sesssed
1499 3266 1673 3327 secundum

66 3349 141 3424 tores,
163 3349 285 3427 opilices
300 3352 332 3410 et
345 3347 487 3410 homines
504 3347 622 3426 passim
643 3352 825 3410 tenerentur
878 3348 981 3409 varias
1001 3348 1250 3409 circumstantias
1270 3349 1562 3411 determinandasa
1586 3357 1674 3414 recta

66 3435 207 3514 restituere,
224 3436 277 3517 qui
292 3455 331 3497 ex
347 3436 464 3498 invidia
478 3437 528 3496 vel
541 3435 826 3516 malevolentiapo-
879 3435 1014 3508 ratione;
1032 3439 1118 3496 recta
1133 3439 1238 3495 autem
1257 3435 1336 3496 ratio
1353 3435 1450 3498 dictat
1472 3439 1561 3498 salva
1582 3437 1674 3497 casti·

66 3525 263 3586 coniectiones
277 3523 317 3586 de
332 3543 366 3585 se
377 3523 477 3604 justas
492 3530 524 3584 et
541 3523 654 3601 licitas,
677 3524 825 3586 materia·
879 3529 942 3588 tato
958 3542 1019 3585 non
1036 3540 1126 3602 posse
1141 3522 1260 3584 intendi
1279 3523 1483 3602 pollutionem
1504 3523 1599 3586 etiam
1616 3543 1674 3603 per

65 3605 233 3673 iterantem
256 3613 435 3689 damnosas,
457 3632 486 3674 v.
508 3632 539 3692 g.
556 3611 720 3674 invitando
739 3631 825 3692 emp·
879 3611 1017 3674 actiones
1032 3609 1070 3670 de
1085 3629 1118 3670 se
1134 3609 1356 3686 indifferentes,
1375 3611 1449 3690 quia
1467 3629 1525 3689 per
1538 3610 1597 3672 has
1620 3629 1674 3673 ea-

63 3697 125 3760 tores
149 3701 185 3761 ad
212 3719 285 3763 suas
312 3701 452 3762 officinas
481 3719 552 3762 cum
580 3701 752 3762 intentione
780 3703 824 3763 sic
879 3701 952 3761 dem
965 3698 1164 3760 incommoda
1178 3701 1395 3778 sequerentur,
1418 3717 1487 3778 quae
1502 3718 1559 3778 per
1573 3699 1675 3761 actio-

61 3783 253 3852 darnniiicandi
268 3789 364 3851 alium
378 3792 585 3851 mercatorem
604 3788 757 3863 vicinum;
775 3793 824 3851 est
879 3805 934 3849 nes
949 3787 988 3847 de
1002 3805 1035 3847 se
1051 3785 1252 3860 inhonestas;
1278 3785 1351 3847 bino
1365 3785 1504 3847 actiones
1519 3786 1558 3847 de
1573 3805 1608 3846 se
1621 3786 1671 3847 in-

59 3879 143 3938 atem
155 3883 261 3940 contra
276 3897 402 3940 sensum
417 3895 617 3939 communem
635 3878 714 3940 velle
729 3877 825 3940 talem
881 3875 1061 3936 differentes
1077 3873 1120 3934 sic
1135 3873 1261 3934 intentae
1276 3878 1349 3934 sunt
1363 3877 1471 3936 contra
1484 3875 1580 3934 finem
1604 3893 1673 3935 cas-

57 3959 172 4042 obligare
185 3965 226 4027 ad
240 3965 468 4028 restituendum
485 3985 492 4027 :
509 3983 595 4043 ergo.
878 3961 976 4026 titatis
990 3980 996 4022 :
1013 3966 1163 4038 econtra,
1176 3961 1298 4040 justitia
1312 3961 1446 4023 intendit
1460 3962 1601 4022 medium
1611 3963 1670 4040 roi,

89 4049 169 4133 otje.
185 4057 213 4116 l.
229 4053 267 4115 L.
286 4058 313 4132 l,
330 4055 410 4133 ΜΞ,
427 4064 454 4115 et
467 4051 505 4131 L,
522 4057 552 4130 Ξ),
569 4051 630 4132 off.
644 4053 678 4114 de
687 4074 745 4135 qno
751 4054 825 4136 plo·
878 4049 978 4125 idest,
994 4047 1065 4124 hoc,
1083 4048 1167 4127 quod
1181 4046 1354 4108 secundum
1376 4066 1409 4108 se
1424 4052 1471 4108 est
1491 4047 1632 4109 debitum
1654 4068 1674 4109 a

53 4137 823 4221 &emendadiciturcontraeumquiiontem,vel
877 4139 966 4214 parte
989 4135 1045 4210 rei,
1072 4153 1129 4194 nec
1153 4133 1381 4195 determinatur
1402 4136 1574 4196 secundum
1590 4135 1674 4197 hanc

49 4228 252 4306 medactum
275 4229 398 4307 avertit,
424 4248 487 4291 non
510 4247 602 4307 posse
624 4228 687 4306 agi,
714 4227 738 4288 si
761 4247 823 4289 non
877 4224 928 4284 vel
941 4221 1027 4283 illam
1040 4221 1257 4300 intentionem,
1274 4241 1304 4282 v.
1321 4242 1352 4301 g.
1370 4222 1504 4284 intendit
1519 4223 1601 4285 hano
1617 4224 1674 4285 da-

46 4307 143 4380 recent
156 4317 259 4378 animo
274 4317 407 4379 nocendi
426 4338 432 4379 :
449 4335 487 4378 ex
498 4335 561 4396 quo
570 4316 696 4377 videtur
705 4312 821 4392 colligi,
877 4310 995 4372 tionem
1017 4312 1056 4372 lo
1076 4327 1256 4386 aureorum,
1273 4327 1351 4388 quos
1367 4309 1462 4390 exigit
1472 4310 1524 4390 jus
1533 4311 1671 4389 alteriue,

44 4407 127 4472 Nosse
139 4409 247 4467 contra
261 4423 334 4466 eum
348 4403 410 4484 agi,
426 4405 452 4466 si
467 4404 575 4466 fecerit
589 4402 694 4464 animo
710 4420 823 4463 noccn-
878 4415 935 4458 nec
950 4397 1019 4476 plus
1034 4413 1091 4456 nec
1106 4395 1220 4472 minus,
1238 4413 1308 4475 quae
1323 4393 1419 4472 datio,
1436 4395 1462 4456 si
1477 4413 1544 4457 non
1569 4397 1673 4477 exiga-

43 4481 182 4572 di:ergo
200 4498 267 4554 tum
290 4492 447 4555 tenebitur
469 4492 620 4552 damnum
639 4490 716 4552 illud
740 4507 824 4551 com·
877 4489 928 4546 tur
949 4483 1054 4563 ajure
1075 4484 1216 4560 alterius,
1240 4483 1305 4544 sive
1330 4501 1388 4562 ego
1409 4483 1571 4545 intendam
1586 4485 1673 4547 illam

40 4581 177 4656 tensare,
193 4582 230 4643 a.
247 4579 284 4641 N.
302 4598 386 4642 cons.
404 4599 442 4640 ex
457 4581 516 4640 hoc
531 4577 625 4654 enim,
643 4578 730 4657 quod
753 4595 823 4657 pos·
876 4591 1005 4652 ponere,
1021 4573 1086 4634 sive
1102 4571 1257 4648 omittere,
1273 4588 1336 4631 non
1353 4589 1407 4632 ero
1425 4569 1541 4651 justus,
1559 4573 1609 4634 vel
1623 4573 1671 4633 in-

42 4657 195 4728 !itcontra
209 4685 281 4728 eum
295 4667 357 4748 ag',
375 4670 496 4730 tantum
510 4666 654 4746 sequitur
672 4684 763 4744 posse
779 4663 823 4724 illi
873 4663 976 4740 justus
993 4681 1000 4720 :
1018 4678 1094 4738 orgo
1109 4677 1181 4720 cum
1196 4659 1453 4735 emolumentum,
1478 4659 1562 4739 quod
1584 4662 1674 4722 Sem-

42 4741 347 4816 manuductionem
361 4753 400 4816 de
414 4754 497 4831 dolo,
514 4752 824 4833 siaquamaverterit
877 4749 1006 4826 pronius
1034 4751 1211 4826 reportaret
1237 4765 1275 4806 ex
1298 4750 1486 4809 testamento
1508 4748 1584 4824 Gaii,
1610 4767 1673 4809 non

45 4833 105 4900 sinc
122 4859 216 4904 causa
236 4841 429 4915 rationabili3
451 4841 565 4922 poterit
580 4839 664 4902 enim
678 4858 697 4900 a
711 4838 822 4900 ludica
877 4835 1020 4916 exigetur
1041 4855 1061 4897 a
1080 4835 1151 4915 jure
1177 4835 1365 4915 Sempronii,
1390 4833 1456 4895 sive
1479 4833 1556 4895 illud
1570 4837 1673 4896 inten-

50 4919 178 4988 thmnari
197 4929 236 4990 ad
257 4929 542 5009 compensationem
570 4929 770 5002 damnorum,
796 4925 822 4984 si
877 4924 951 4984 dam
975 4941 1173 5003 promovero,
1198 4922 1263 4982 sive
1292 4920 1456 5000 impedire,
1487 4941 1549 4983 non
1574 4939 1671 5002 pecco

56 5011 174 5076 monitus
189 5035 248 5077 non
262 5017 412 5078 destiterit
421 5017 461 5078 ab
471 5016 546 5088 hoc;
560 5015 633 5075 inde
644 5018 750 5075 eutem
760 5029 823 5073 non
879 5014 988 5073 contra
1000 5011 1165 5091 justitiam.
1183 5012 1220 5071 n.
1236 5011 1265 5070 3.
1283 5011 1360 5070 Cum
1374 5011 1474 5070 Diana
1487 5027 1552 5090 sep.
1571 5013 1608 5072 N.
1626 5010 1674 5070 ul-

60 5097 182 5176 ttquitor
195 5121 232 5162 ex
244 5101 355 5164 datura
368 5104 411 5164 rei
427 5104 475 5165 rel
490 5122 527 5164 ex
536 5103 714 5164 conditione
725 5100 823 5162 actio-
877 5101 986 5162 tiniam
1001 5117 1086 5161 cons.
1104 5117 1177 5160 nam
1192 5099 1265 5159 dato
1279 5115 1337 5176 per
1355 5097 1441 5158 illam
1467 5096 1673 5159 intentionem

66 5179 154 5244 lisso
166 5188 266 5264 posite
281 5191 364 5250 nasci
384 5190 605 5269 obligationem
625 5188 820 5251 restituendi.
878 5187 1002 5267 peccari
1025 5190 1135 5248 contra
1149 5185 1315 5265 justitiam,
1338 5185 1383 5245 uti
1405 5185 1500 5246 etiarn
1523 5187 1674 5262 peccatur

98 5265 184 5346 Objic.
198 5275 225 5334 ἣ.
241 5274 297 5345 Qui
311 5294 380 5335 cum
392 5277 561 5337 intentione
572 5281 681 5338 causat
692 5277 770 5337 tales
780 5275 823 5335 ef·
878 5292 935 5353 per
948 5271 1129 5335 volitionem
1143 5271 1279 5347 furandi,
1296 5289 1358 5330 non
1373 5270 1444 5333 idco
1460 5272 1507 5331 est
1521 5269 1672 5349 obligatio

71 5347 164 5432 boma,
176 5358 221 5418 ille
234 5367 278 5423 est
291 5379 384 5422 causa
397 5382 452 5442 per
467 5383 502 5424 se
516 5364 666 5426 eteilicax
676 5363 820 5425 illorum:
879 5359 1073 5437 restituendi,
1091 5359 1165 5438 quia
1178 5359 1230 5419 illa
1245 5357 1374 5420 intentio
1390 5376 1453 5419 non
1464 5356 1607 5436 expletur
1616 5373 1674 5435 per

73 5449 136 5514 {¹8⁰
148 5441 202 5520 ipsi
212 5445 375 5524 imputatur
384 5450 532 5530 quidquid
542 5471 580 5512 ex
590 5452 649 5513 illis
659 5451 819 5533 sequitur:
880 5448 1036 5514 actionem
1052 5451 1214 5509 externam
1229 5443 1423 5524 injuriosam.
