3998 6344
317 575 378 640 382
876 572 993 636 LlBllll
1012 563 1197 648 TERTIUS,
1227 569 1329 636 PARS
1356 571 1395 638 ll.

317 760 456 843 gravitas
468 757 607 822 materias
617 759 789 822 seeundum
804 778 837 822 se
851 759 883 820 in
899 779 962 841 qua
981 761 1016 822 nt
1029 759 1109 842 inju-
1164 777 1222 820 666
1236 755 1461 839 infirmitatem,
1479 777 1541 844 qua
1556 761 1734 843 assentitur,
1747 770 1944 849 quamtemen

317 850 387 923 616;
411 848 487 911 item
513 848 604 911 varia
630 847 792 928 dispositio
815 848 1029 926 audientium,
1059 848 1109 910 vol
1164 845 1270 924 habet,
1288 847 1341 927 qui
1356 853 1480 911 tantum
1493 849 1614 912 interne
1630 851 1754 932 judicat
1777 873 1785 915 ε
1808 871 1882 934 ergo
1899 856 1946 917 de·

316 937 536 1019 spectantium.
558 937 648 998 Ratio
673 940 731 1014 est,
748 936 822 1017 quia
836 937 930 1013 tama,
949 953 1040 1017 quam
1059 954 1109 997 se-
1163 932 1341 997 tractioille
1357 940 1946 1024 661666666166616666166166,6666

318 1027 424 1108 quitur
437 1025 548 1104 honor,
564 1025 705 1088 consistit
719 1026 750 1086 in
765 1025 992 1087 existimatione
1007 1023 1110 1086 homi·
1163 1039 1309 1084 assensus
1324 1023 1374 1084 ille
1389 1025 1541 1089 internus.
1560 1028 1649 1100 Quod
1670 1030 1695 1090 si
1711 1032 1849 1094 exterius
1863 1033 1946 1113 sigui-

316 1133 392 1178 num
413 1135 421 1176 :
442 1131 517 1192 ergo
538 1113 638 1192 qualis
659 1113 720 1191 hic,
744 1119 776 1175 et
797 1133 881 1174 nunc
900 1111 1110 1176 communiter
1163 1113 1273 1173 ficeret
1292 1112 1378 1173 illem
1396 1113 1595 1176 formidinem
1616 1117 1784 1198 internam,
1812 1119 1945 1198 dicendo,

316 1207 364 1265 est
381 1201 507 1283 jactura
520 1201 756 1264 existimationis
774 1201 948 1280 homiuum,
963 1202 1034 1262 talis
1049 1199 1109 1262 erit
1162 1197 1324 1280 probabile
1353 1207 1401 1264 661
1434 1221 1503 1264 6666
1531 1205 1730 1284 adulterum,
1760 1225 1820 1287 per
1846 1227 1878 1272 se
1906 1211 1946 1272 lo·

315 1291 431 1372 injuria
446 1310 453 1352 ε
470 1290 656 1353 existimatio
669 1290 948 1352 autemhominum
961 1288 1109 1353 osteario
1164 1289 1299 1370 quando,
1323 1295 1483 1352 66666661
1502 1292 1652 1354 6161666116
1677 1295 1795 1374 gravis,
1822 1299 1946 1360 61166666

314 1397 373 1461 666
394 1378 490 1440 variis
511 1377 664 1458 ejusmodi
680 1379 921 1456 circumstantis,
938 1399 968 1441 v.
983 1397 1014 1458 g.
1032 1378 1109 1439 faci-
1163 1379 1336 1440 secundum
1358 1379 1576 1442 limitationem
1590 1401 1620 1444 6.
1640 1387 1716 1446 taut
1732 1383 1883 1448 dandam.

314 1468 374 1530 1166
388 1467 448 1528 6611
458 1465 573 1546 injuria
586 1466 703 1545 gravis,
717 1466 743 1527 si
758 1485 903 1546 persona,
921 1466 959 1528 de
974 1485 1037 1547 qua
1051 1465 1109 1526 ali-
1205 1466 1947 1552 (161661.119.-6616166616666661666166661161666
1965 1475 1984 1524 ¹¹

314 1556 390 1638 quid
404 1554 479 1616 mali
501 1553 625 1630 dicitur,
650 1555 691 1616 sit
710 1573 834 1634 magnae
857 1554 1106 1631 existimationis,
1162 1552 1378 1634 detractionem,
1394 1565 1423 1618 et
1436 1557 1565 1638 tirjarias
1584 1569 1687 1621 contra
1700 1561 1844 1642 samam?
1865 1565 1944 1646 llesp.

314 1649 382 1708 tum
395 1641 471 1723 quia
485 1660 548 1704 uno
563 1642 687 1704 delectu
702 1642 824 1706 detecto
838 1661 949 1705 omnes
961 1644 1105 1721 61616166,
1162 1660 1251 1723 seqq.
1268 1648 1296 1706 t.
1318 1646 1475 1708 Detractio
1495 1647 1563 1708 lieri
1583 1653 1687 1728 potest
1709 1651 1829 1726 verbis,
1849 1649 1945 1731 signis,

314 1737 346 1795 et
355 1732 439 1794 bona
453 1730 574 1810 reliqua
588 1729 686 1809 ipsius
699 1732 779 1792 fiunt
792 1737 947 1811 suspecta,
960 1733 1009 1794 vel
1019 1750 1108 1793 revo-
1162 1731 1252 1794 166116
1269 1733 1328 1796 :nt
1348 1740 1454 1794 autem
1477 1735 1636 1814 praecipue
1658 1737 1708 1799 bis
1727 1740 1748 1800 8
1774 1739 1886 1816 modis,
1909 1737 1946 1801 uti

314 1825 426 1882 cantur
447 1821 479 1879 in
503 1817 654 1896 dubium,
680 1824 746 1882 tum
771 1820 865 1882 etiam
887 1820 962 1901 quia
990 1824 1107 1902 quanto
1162 1823 1251 1882 notat
1263 1823 1361 1904 Lago,
1378 1821 1433 1884 dis.
1446 1827 1538 1904 p.ll,
1550 1843 1579 1885 a.
1592 1827 1642 1902 35,
1652 1823 1758 1888 Primo
1768 1827 1946 1908 imponendo

314 1909 417 1990 major
433 1911 481 1969 est
494 1905 589 1983 lama,
610 1909 697 1969 tanto
712 1925 784 1969 oum
798 1907 918 1989 majore
941 1909 1060 1984 labore,
1076 1912 1109 1970 et
1162 1909 1285 1972 falsum.
1309 1914 1338 1972 2.
1366 1912 1529 1973 Publicum
1550 1914 1707 1993 augendo.
1736 1918 1766 1979 3.
1795 1917 1946 1979 Occultum

314 1997 497 2060 diftlcultate
513 1998 560 2056 est
573 2001 675 2074 parta,
697 1995 770 2056 hinc
781 1997 892 2058 merito
907 1995 1034 2076 gravius
1047 1995 1109 2056 fert
1162 1997 1342 2060 revelando.
1357 2003 1389 2061 1.
1407 1999 1537 2062 Sinistra
1553 2001 1790 2080 interpretando
1812 2004 1902 2066 bona.
1919 2006 1944 2065 5.
1982 2059 1984 2102 Ι

313 2087 359 2149 116
372 2103 436 2147 666
449 2083 518 2146 6166
537 2084 614 2163 tolli,
639 2085 689 2145 vel
708 2084 862 2149 imminui.
877 2089 973 2159 Item,
989 2085 1014 2146 si
1037 2103 1107 2165 666-
1162 2087 1314 2166 Negando
1338 2086 1539 2149 laudabiliter
1561 2088 1654 2150 laeta.
1679 2094 1710 2152 o.
1740 2091 1946 2152 lmmiuuendo

313 2193 392 2238 sone
401 2175 508 2236 dicans
522 2190 584 2234 non
599 2172 766 2236 soleettale
781 2175 868 2256 quid,
880 2175 997 2237 auttali
1011 2173 1106 2236 modo
1161 2175 1284 2237 merite.
1315 2179 1346 2237 ’1.
1375 2175 1503 2238 Silendo
1528 2177 1581 2239 ubi
1604 2177 1765 2241 silentium
1794 2181 1946 2260 aquirslel

314 2263 430 2341 dicere,
447 2261 505 2322 nisi
527 2279 599 2322 cum
619 2279 734 2341 magno
749 2262 964 2341 fundamento,
977 2262 1045 2343 jam
1059 2263 1108 2321 est
1162 2262 1349 2325 confessioni
1362 2263 1502 2329 delectus
1517 2265 1621 2329 alieni.
1643 2269 1673 2330 8.
1699 2271 1747 2331 116
1766 2269 1880 2350 frigide
1892 2271 1946 2330 lau·

312 2350 514 2434 praesumptio
532 2349 645 2430 major.
660 2353 749 2428 ltem,
766 2351 791 2412 si
806 2351 970 2414 audientes
984 2353 1108 2413 616116-
1161 2353 1277 2430 dando,
1300 2359 1335 2416 61
1347 2355 1453 2434 661166
1469 2361 1579 2438 vergat
1593 2357 1626 2418 in
1649 2362 1878 2438 contemptum.
1892 2359 1945 2420 llos

311 2441 368 2518 les,
386 2439 439 2520 qui
453 2438 574 2499 soleant
589 2438 695 2498 omnia
708 2438 740 2498 iu
759 2439 900 2520 pejorem
918 2443 1041 2520 partem
1060 2439 1106 2499 iu·
1160 2443 1271 2505 modos
1286 2443 1347 2504 llls.
1374 2451 1396 2504 t.
1412 2447 1443 2521 1,
1462 2443 1495 2506 d.
1511 2446 1542 2522 3,
1565 2465 1596 2508 6.
1623 2447 1692 2525 101,
1716 2448 1896 2528 complexus
1907 2448 1945 2508 est

311 2526 489 2609 terpretari,
515 2531 547 2587 61
561 2526 646 2604 apud
670 2545 703 2588 se
719 2527 788 2606 plus
809 2528 986 2608 concipere,
1010 2543 1106 2608 quam
1161 2531 1210 2592 his
1224 2531 1392 2594 versibus:

311 2615 415 2695 reipsa
429 2615 562 2691 dicatur,
575 2613 644 2694 jam
658 2615 728 2694 plus
743 2620 885 2695 nocetur,
902 2617 1038 2699 quamsi
1057 2617 1107 2678 di·

580 2702 586 2712 ,
800 2704 806 2717 ,
1192 2659 1347 2726 lmponeus,
1364 2675 1476 2726 augens,
1492 2663 1676 2728 manifestans,
1696 2667 1725 2718 in
1740 2667 1813 2719 mala
1828 2671 1931 2720 6661666.

311 2707 435 2765 caretur
448 2702 533 2782 apud
547 2702 624 2764 11108
640 2706 699 2764 810·
715 2705 761 2766 ΕΚ
776 2705 834 2766 1118·
1193 2731 1244 2791 Qui
1256 2735 1336 2797 negat
1351 2736 1399 2784 aut
1414 2734 1514 2785 minuit
1528 2736 1625 2787 reticet
1638 2737 1788 2802 laudatque
1803 2738 1914 2790 remisse

231 2811 284 2858 tros
353 2789 587 2872 Collipea'Seqq.
605 2792 634 2852 t.
650 2792 724 2870 Esp.
750 2791 786 2852 de
804 2791 953 2875 testrep.
973 2797 1024 2870 29,
1046 2811 1104 2873 666

310 2878 444 2941 materia
461 2878 550 2957 gravi
573 2877 676 2939 minus
699 2882 785 2941 recte
799 2879 850 2942 hic
872 2882 982 2944 statuit
995 2900 1105 2962 peeca-
1200 2873 1395 2956 Quanquuss
1417 2875 1453 2938 fii
1474 2874 1627 2940 deirflssii⁰
1650 2877 1749 2940 eiiam
1770 2899 1829 2960 Per
1851 2881 1941 2942 11011111

311 2973 380 3032 tum
406 2967 559 3043 mortale,
589 2967 674 3046 quod
703 2969 773 3048 quis
800 2968 896 3047 dicit,
921 2972 971 3032 vel
996 2971 1106 3052 objicit
1160 2963 1312 3040 dolorem,
1335 2962 1380 3025 flii
1395 2963 1517 3025 (11061111
1538 2965 1559 3027 l·
1579 2969 1609 3044 5,
1625 2985 1655 3028 n·
1679 2969 1749 3040 30⁶3
1766 2969 1941 3049 (1¹¹deth

310 3056 453 3137 proximo
465 3055 507 3136 (et
517 3055 600 3116 idem
609 3059 657 3116 est
666 3055 832 3136 dejudicio
842 3058 1022 3140 temerario)
1030 3059 1105 3140 quia
1161 3051 1346 3113 detractioni
1368 3052 1491 3114 accedit
1512 3053 1632 3115 malitia
1654 3055 1873 3135 666666116616,
1891 3073 1941 3136 que

1980 2935 1984 2988 t

310 3143 336 3206 ri
350 3143 390 3205 de
404 3144 549 3224 gregario
564 3142 661 3204 milite
676 3144 773 3224 dicas,
790 3146 937 3208 habuisse
952 3149 1100 3227 duellum,
1161 3140 1318 3202 dirimitur
1333 3139 1485 3218 amicitia,
1503 3145 1534 3204 61
1548 3159 1609 3220 666
1623 3141 1706 3204 inter
1720 3144 1862 3224 aliquos,
1883 3161 1940 3225 que

310 3232 405 3295 luisse
426 3231 564 3308 ebrium,
581 3235 645 3294 616.
662 3239 813 3296 6666661
835 3234 957 3316 iujuriae
979 3253 1103 3316 graves,
1159 3230 1296 3306 malitie,
1324 3233 1453 3309 propter
1467 3231 1697 3308 oppositionem
1723 3249 1799 3294 eum
1813 3235 1937 3308 66611616,

311 3319 454 3402 quamvis
469 3319 530 3381 sint
544 3319 583 3381 de
596 3327 725 3399 peceato
749 3325 872 3385 mortali
890 3343 897 3386 :
918 3343 936 3386 6
954 3330 1063 3388 666166
1078 3327 1103 3387 si
1160 3323 1292 3397 clpam,
1316 3317 1420 3397 666616
1432 3317 1636 3396 distinguitur
1648 3337 1669 3381 a
1682 3321 1806 3384 malitia
1814 3321 1938 3403 justitie.

310 3409 349 3472 de
368 3409 525 3490 Religioso
539 3409 631 3472 valde
646 3408 784 3473 studioso
804 3412 1003 3490 perfectionis
1018 3413 1105 3476 dicas
1199 3410 1217 3488 ἓ
1240 3412 1268 3470 1.
1297 3405 1494 3469 Pmbtbilius
1519 3413 1567 3471 est
1593 3415 1705 3471 contra
1726 3409 1795 3491 Gej.
1823 3417 1854 3472 et
1875 3399 1984 3471 6116611

308 3499 409 3562 solere
425 3498 569 3573 mentiri;
586 3497 626 3560 de
640 3500 794 3580 Episcopo
807 3519 874 3564 esse
888 3501 1046 3582 spurium3
1063 3503 1103 3564 de
1159 3493 1402 3576 66611666111.
1422 3497 1939 3578 1,6.11,6.88,(6666666666166-
1983 3495 1984 3536 1

308 3587 497 3670 peritissimo
518 3587 639 3650 Medico
662 3607 729 3650 esse
744 3590 952 3669 ignorantem,
969 3596 1043 3653 6661
1055 3591 1104 3653 in·
1158 3586 1235 3647 tiam
1249 3584 1447 3664 probabilem
1469 3585 1662 3648 6666616661
1682 3585 1935 3649 11166611116661
1983 3645 1984 3650 ,

305 3678 398 3760 juria
412 3695 539 3758 graves3
557 3677 699 3757 quamvis
721 3696 783 3740 non
799 3680 859 3741 sint
876 3681 1032 3759 mortalia,
1049 3685 1104 3744 aut
1159 3673 1205 3736 De
1219 3673 1357 3734 Restitat.
1379 3672 1409 3735 d.
1432 3675 1481 3734 11.
1504 3692 1535 3734 6.
1554 3673 1636 3753 133),
1655 3675 1741 3754 quod
1765 3675 1863 3754 possit
1880 3687 1937 3735 esse
1983 3751 1984 3754 Ἴ

309 3765 477 3847 nequidem
488 3769 627 3845 peecata.
639 3770 669 3828 2.
687 3768 750 3828 Nec
760 3765 886 3830 videtur
896 3769 1038 3831 sufficere
1052 3789 1103 3832 re·
1157 3762 1290 3826 mortale
1334 3762 1429 3823 eiiam
1471 3758 1557 3842 apud
1589 3761 1718 3824 uflissum
1755 3763 1934 3836 (1111111111,
1976 3773 1984 3884 p

308 3857 394 3936 gula,
411 3871 507 3935 quam
521 3853 576 3916 dat
588 3855 663 3918 Mol.
688 3854 718 3918 d.
736 3859 785 3934 16,
802 3875 833 3919 a.
850 3861 880 3936 5,
897 3859 982 3938 quod
996 3859 1103 3921 illasii
1158 3848 1302 3931 quamtis
1320 3846 1372 3908 ¹¹5⁰
1385 3847 1489 3908 511111
1502 3848 1651 3927 Prndssnsi
1671 3848 1727 3929 qui
1741 3867 1810 3910 ΝΠ]
1825 3847 1935 3911 ”mm
1983 3903 1984 3906 =

308 3941 562 4022 materiagravis,
571 3959 627 4022 pro
634 3943 963 4025 quaultermallctpati
972 3965 1101 4026 gravem
1158 3957 1219 4000 non
1235 3935 1459 4016 lifflmfflgahiii
1475 3935 1604 3998 11101111]
1621 3936 1767 4000 1111181118·
1783 3955 1863 3999 ’lum-
1878 3937 1933 4011 lffii

307 4033 467 4095 laesionem
479 4031 511 4092 in
525 4031 773 4110 bonislortunm,
790 4051 863 4094 nam
881 4034 974 4097 homo
990 4035 1102 4098 nobilis
1156 4028 1310 4090 rationem
1340 4024 1395 4087 dat
1421 4025 1569 4088 Busemb.
1600 4023 1675 4104 quia
1701 4025 1764 4088 lroc
1792 4032 1839 4091 est
1862 4027 1932 4106 plus,

308 4139 392 4201 saepe
406 4121 513 4182 mallet
526 4120 607 4181 lerre
618 4119 775 4201 jacturam
791 4122 907 4202 ducati,
927 4143 1022 4204 quam
1036 4125 1100 4204 pati
1157 4135 1252 4200 quam
1276 4113 1430 4196 judicium
1453 4114 1676 4192 temerarium,
1706 4132 1781 4176 uam
1808 4135 1864 4196 per
1885 4115 1933 4175 hoo

307 4212 410 4273 levem
431 4211 568 4291 aliquem
588 4209 821 4281 confusionem,
839 4213 888 4272 vel
912 4212 1099 4293 irrisionem,
1155 4211 1277 4270 tautum
1296 4203 1416 4267 tollitur
1431 4202 1516 4264 lama
1529 4202 1679 4281 formalis,
1695 4222 1752 4265 seu
1767 4203 1882 4267 6616616
1891 4202 1932 4284 ju·

307 4301 352 4363 uti
366 4302 538 4378 rectatur.
556 4295 586 4360 d.
602 4302 650 4377 tt,
665 4317 746 4360 666.
764 4303 813 4376 nt,
832 4304 863 4362 et
877 4299 950 4362 ideo
968 4301 1102 4380 ipsemet
1156 4295 1272 4358 dicium
1296 4293 1335 4354 de
1357 4293 1439 4354 bono
1459 4291 1588 4354 utemur
1613 4311 1621 4353 :
1646 4311 1705 4373 per
1723 4295 1931 4357 detractionem

307 4387 381 4451 ltlol.
397 4386 427 4448 d.
446 4390 496 4466 26,
511 4406 541 4450 6.
557 4391 588 4463 1,
605 4388 739 4449 66666611
757 4389 797 4449 ad
812 4390 954 4468 regulam
973 4409 991 4450 a
1010 4389 1100 4452 nobis
1155 4389 1261 4448 autem
1287 4381 1406 4445 tollitur
1433 4383 1528 4445 etiam
1556 4381 1714 4460 radicalis,
1743 4387 1777 4446 et
1795 4382 1930 4464 judicium

307 4477 471 4539 (1616663.
494 4474 612 4558 lnjuria
634 4475 665 4536 iu
688 4476 773 4537 tama
792 4481 894 4558 potest
912 4495 979 4538 esse
994 4479 1100 4558 gravis
1155 4472 1244 4552 quasi
1259 4469 1428 4546 1611111611,
1445 4469 1581 4531 diximus
1604 4477 1708 4532 aulem
1722 4491 1755 4533 6.
1773 4475 1929 4550 11116111
1982 4529 1984 4556 ,

306 4566 427 4628 ratione
449 4563 555 4625 damni
578 4563 663 4626 cirea
686 4565 748 4626 alia
769 4564 870 4644 bone,
893 4566 1036 4646 quamvis
1060 4567 1101 4630 sit
1154 4559 1332 4635 communi,
1357 4558 1512 4639 judicium
1537 4561 1741 4622 temerarium
1760 4579 1850 4642 possa
1874 4574 1927 4621 esse

305 4653 383 4717 levis
400 4651 519 4714 ratione
541 4652 767 4730 inlamationis,
790 4653 816 4714 si
839 4671 963 4733 nempe,
981 4673 1017 4715 err
1032 4654 1096 4733 illa,
1153 4649 1296 4712 mortale.
1313 4647 1927 4728 116661616166616666661166666666·

306 4741 505 4822 quantumvis
521 4739 559 4801 de
570 4759 604 4801 66
619 4741 690 4819 levi,
704 4742 825 4803 oriatur
838 4759 934 4822 grave
948 4741 1098 4804 damnum
1154 4739 1230 4800 deut
1243 4755 1315 4798 cum
1329 4737 1440 4798 'lamb
1458 4736 1491 4797 in
1506 4735 1607 4799 Derai.
1629 4737 1649 4799 1.
1661 4742 1693 4815 9,
1709 4758 1735 4801 6.
1751 4740 1781 4816 1,
1799 4741 1928 4816 6.1,666

306 4831 336 4890 16
359 4828 448 4892 bonis
466 4828 610 4906 1661666,
636 4829 786 4910 eorporis,
812 4831 861 4891 vel
880 4829 1004 4908 animae,
1030 4835 1097 4893 tum
1149 4827 1305 4909 judicium
1315 4826 1517 4888 temerarium
1532 4827 1621 4907 quasi
1633 4827 1753 4908 imponi
1763 4829 1869 4891 laisum
1880 4822 1926 4886 cn'·

305 4923 353 4982 est
370 4917 501 5006 mortale
515 4917 642 4980 alterius
660 4919 786 4998 speciei.
806 4919 941 4982 111661
962 4920 1040 4983 levis
1058 4921 1099 4984 sit
1152 4935 1236 4992 men,
1260 4916 1344 4995 quod
1369 4933 1478 4976 omnes
1497 4915 1751 4995 apprehendunt,
1778 4923 1813 4980 61
1835 4927 1923 4996 grate,

305 5006 428 5090 injuria,
452 5005 562 5088 siquis
582 5006 841 5088 internejudioet
859 5008 995 5089 aliquem
1015 5027 1094 5088 esse,
1152 5007 1206 5068 sed
1234 5005 1460 5067 detractionem
1485 5004 1554 5065 lieri
1577 5004 1609 5065 in
1633 5023 1708 5067 vero
1733 4995 1924 5081 criminanti

304 5113 334 5156 v.
351 5112 383 5173 g.
400 5093 594 5166 adulterum3
616 5093 741 5172 quaudo
762 5095 938 5174 probabilia
959 5100 1031 5158 sunt
1051 5097 1096 5157 in·
1151 5095 1352 5174 suppositum
1376 5111 1445 5154 nam
1469 5093 1528 5154 hoc
1553 5093 1637 5171 dato,
1664 5091 1739 5156 inde
1760 5099 1873 5159 tautum
1887 5105 1923 5150 66

304 5183 387 5246 dicia
400 5199 457 5262 pro
472 5199 521 5256 eo,
540 5182 624 5263 quod
645 5182 695 5260 sit,
717 5186 748 5244 et
762 5185 856 5246 ctiam
871 5201 928 5264 pro
944 5203 991 5262 eo,
1010 5185 1095 5266 quod
1151 5185 1258 5265 quitur
1267 5182 1364 5264 judici
1370 5201 1422 5242 um
1435 5181 1639 5244 temerarium
1652 5201 1722 5245 asse
1733 5185 1877 5266 majorem
1888 5179 1923 5238 iss-

304 5287 366 5334 non
388 5269 428 5333 sit
452 5271 587 5348 adulter,
609 5271 653 5332 uti
677 5272 795 5335 dietum
818 5293 848 5334 6.
875 5277 964 5350 1180,
989 5281 1095 5336 tamen
1146 5272 1262 5354 juniam
1278 5271 1309 5331 in
1323 5271 1418 5332 modo
1433 5269 1616 5350 injuriandi,
1633 5289 1695 5333 non
1711 5277 1817 5335 autem
1837 5271 1865 5332 16
1883 5283 1921 5327 66·

295 5359 410 5441 -gravis
419 5359 499 5422 foret
508 5356 633 5439 injuria,
650 5358 675 5418 si
690 5360 778 5421 alteri
789 5361 916 5422 deceret
930 5379 997 5422 esse
1009 5361 1096 5423 adul·
1150 5363 1234 5425 tione
1249 5361 1356 5422 damni
1374 5381 1380 5422 :
1397 5360 1513 5422 deinde
1527 5361 1633 5423 adlruc
1646 5359 1754 5442 quivis
1768 5361 1870 5424 merito
1883 5355 1922 5418 est

303 5450 422 5521 terum,
439 5446 653 5526 disparitatem
668 5447 875 5529 datLugo,a.
892 5451 942 5526 tn,
957 5449 1095 5530 quiaqui
1149 5450 1288 5530 graviter
1313 5447 1428 5512 invitus
1456 5449 1550 5511 etiam
1577 5467 1688 5512 verum
1710 5451 1826 5513 crimen
1846 5457 1920 5509 suunt
1983 5469 1984 5472 ¹

306 5538 433 5599 externe
447 5534 523 5599 dicit
534 5553 596 5598 non
610 5534 766 5616 significat
778 5555 868 5599 suam
883 5535 1093 5616 formidinem,
1150 5538 1283 5602 revelari
1317 5537 1427 5618 alteri,
1456 5543 1493 5602 ut
1514 5537 1671 5620 colligitur
1693 5559 1732 5603 ex
1760 5533 1918 5602 dfflcuutt
