3992 6336
662 559 713 619 llll
742 553 1041 619 ausrleoelorm.
1608 551 1665 614 {aa

22 759 23 774 l
66 747 208 824 certiorem,
222 745 304 826 quod
317 763 381 808 uon
401 745 441 810 sit
455 746 549 808 homo
563 750 622 806 ete.
641 743 758 825 ubique
772 746 820 807 ta·
874 759 937 804 uon
966 741 1060 816 tenet,
1077 739 1102 800 si
1126 755 1199 800 oum
1221 738 1393 817 semiplena
1413 740 1536 800 tantum
1549 738 1666 800 adver·

22 859 23 878 .
66 854 119 896 meu
131 834 295 914 requiritur,
312 834 391 912 imo,
406 837 437 897 et
454 853 511 914 per
530 835 617 914 leges
632 833 820 914 quandoque
875 829 975 892 tentia
988 828 1028 889 sit
1040 829 1159 888 laesum.
1177 829 1255 889 Nam
1270 845 1333 888 non
1348 829 1394 888 est
1408 828 1514 888 actum
1527 826 1665 906 graviter

22 983 23 988 ,
65 925 125 986 10010
144 922 311 1002 praecipitur
337 923 410 985 talis
437 923 609 1004 diligentia,
636 923 762 1003 qualem
790 921 821 981 in
876 923 985 981 contra
998 921 1117 977 rectam
1132 915 1296 977 rationem.

22 1029 23 1036 ¹
65 1011 188 1090 ejusmodi
202 1011 440 1074 circumstantiis
453 1011 662 1074 communiter
672 1009 823 1070 adhibent
918 1003 1010 1086 Objie.
1027 1007 1056 1064 1.
1072 1003 1170 1065 Titius
1182 1007 1285 1082 potest
1298 1003 1330 1065 10
1343 1007 1466 1067 tantum
1480 1003 1591 1064 cedere
1601 1001 1665 1084 juri
1694 1007 1735 1053 ¹8⁰

22 1099 24 1232 q
64 1099 213 1178 prudentes,
235 1115 330 1177 quam
352 1099 408 1178 qui
430 1099 553 1176 omittit,
578 1098 743 1159 committit
759 1097 822 1158 cul·
877 1112 945 1170 000,
960 1096 994 1153 01
1005 1091 1030 1152 si
1046 1092 1138 1154 Caius
1153 1110 1269 1170 equum
1286 1092 1343 1171 ipsi
1360 1091 1491 1169 furetur,
1508 1092 1582 1154 velit
1595 1111 1667 1154 eum

22 1235 24 1256 ,
65 1203 121 1264 pam
138 1186 234 1261 latam,
262 1191 294 1247 et
318 1187 479 1248 ordinarie
503 1189 614 1266 peccat
637 1185 820 1260 mortaliter,
876 1197 1008 1260 peecare
1025 1182 1148 1240 tantum
1164 1179 1337 1257 venialiter,
1353 1184 1491 1241 attamen
1508 1179 1566 1240 sub
1583 1197 1670 1241 mor·

22 1259 24 1284 '
65 1277 204 1354 uotautque
223 1274 443 1336 universaliter
463 1277 548 1336 Less.
573 1277 676 1346 0.1’1;
705 1273 821 1334 Iliensi.
877 1270 930 1330 tali
956 1268 1053 1329 teneri
1079 1269 1119 1327 ad
1143 1270 1244 1328 totum
1272 1287 1388 1348 equum
1417 1268 1665 1346 restituendum,

22 1355 24 1436 l
66 1383 87 1422 o.
99 1365 139 1438 50,
153 1361 249 1437 etalii,
267 1362 397 1442 quando
412 1363 562 1424 damnum
576 1363 623 1422 est
636 1378 743 1440 grave,
759 1360 824 1421 cul·
879 1357 1021 1439 quamvis
1033 1359 1143 1436 postea
1154 1375 1229 1417 casu
1241 1356 1369 1436 perierit
1384 1377 1390 1418 :
1405 1357 1461 1418 sed
1474 1356 1505 1416 in
1518 1357 1578 1417 hoc
1593 1373 1667 1417 casu

22 1447 24 1510 ἓ
65 1468 130 1530 pam,
151 1467 206 1529 qua
227 1454 396 1526 causatur,
423 1449 613 1511 censendam
637 1449 821 1522 mortalem3
879 1445 1027 1524 obligatio
1044 1445 1148 1524 gravis
1166 1443 1349 1506 restituendi
1366 1449 1551 1524 0000000100
1568 1463 1605 1504 ex
1618 1461 1668 1504 ae·

22 1513 26 1594 l
66 1539 109 1598 uisi
120 1536 192 1597 aliud
203 1540 343 1599 constet:
360 1540 478 1599 Bonae.
491 1541 597 1599 autom
611 1557 641 1598 0.
657 1541 687 1613 9,
703 1537 778 1599 dicit
792 1535 823 1596 in
878 1534 1021 1612 ceptione
1042 1536 1163 1594 tantum
1179 1531 1288 1592 leviter
1310 1533 1551 1611 peccaminosa:
1579 1549 1665 1609 erga.

22 1629 24 1698 ,
67 1623 150 1698 dubio,
163 1642 198 1684 au
220 1625 311 1705 culpa
332 1625 429 1687 100011
448 1627 589 1688 mortalis
606 1644 668 1688 non
680 1624 821 1702 venialis,
878 1625 914 1684 a.
930 1642 960 1683 n.
975 1622 1050 1682 min.
1067 1639 1140 1681 nam
1153 1619 1220 1680 haec
1234 1620 1382 1699 obligatio
1395 1625 1544 1702 sequetur
1557 1639 1594 1680 cx
1609 1618 1669 1680 hoc

67 1711 337 1792 iorcobligationem
362 1715 403 1774 ad
425 1715 715 1794 mediampartem;
739 1713 825 1774 deni·
880 1709 967 1790 quasi
988 1713 1148 1771 contractu
1172 1727 1244 1769 cum
1264 1709 1336 1770 Caio
1356 1709 1444 1770 inito.
1467 1709 1513 1770 Ob
1535 1707 1668 1768 similem

22 1823 24 1904 q
68 1799 230 1878 queadduut
243 1804 329 1863 reete
341 1819 414 1862 erem
427 1802 736 1884 aliisbugode'sp.l8,
749 1805 821 1879 0.1,
879 1799 1032 1860 rationem
1051 1798 1160 1859 dieunt
1176 1799 1254 1876 Lug.
1279 1797 1309 1858 d.
1331 1799 1362 1873 8,
1380 1817 1409 1858 0.
1427 1797 1477 1874 63,
1499 1801 1530 1857 01
1542 1795 1665 1856 Petsch.

22 1911 24 1946 r
68 1887 195 1949 etDicaet.
215 1887 250 1948 de
269 1887 376 1950 Restit.
394 1889 470 1966 (1.1,
494 1910 523 1950 0.
546 1895 597 1967 or,
620 1908 677 1968 000
699 1889 825 1967 culpam
873 1906 947 1968 000.
969 1888 1036 1960 118,
1058 1886 1083 1945 01
1104 1883 1173 1964 0010
1192 1903 1259 1944 rem
1279 1885 1413 1945 alienam
1430 1883 1587 1963 acceperit
1602 1881 1668 1943 sine

67 1994 169 2054 gravem
188 1975 235 2036 hio
256 1976 390 2056 intelligi
411 1979 505 2040 etiam
526 1979 629 2054 illam,
653 1996 723 2059 0010
738 1979 774 2038 tit
788 1995 825 2036 ex
879 1975 944 2035 ulla
964 1975 1072 2052 culpa,
1096 1973 1268 2052 prudenter
1290 1991 1483 2052 praesumens
1505 1972 1668 2035 dominum

70 2061 266 2124 madverteutia
304 2063 447 2143 graviter
487 2064 656 2144 culpabili,
698 2065 825 2144 quando
880 2066 1152 2138 essecontentum,
1168 2062 1193 2122 si
1216 2065 1326 2140 postca
1344 2063 1488 2124 advertat
1507 2061 1670 2122 dominum

68 2169 156 2230 nempe
168 2151 314 2230 potuisset
327 2157 360 2214 et
375 2153 533 2216 debuisset
545 2154 665 2215 adverti
687 2153 825 2232 gravitas
880 2170 942 2213 non
955 2151 1048 2212 fuisse
1061 2155 1252 2228 contentum,
1268 2151 1354 2212 illum
1367 2150 1465 2212 teneri
1480 2151 1574 2213 etiam
1587 2167 1670 2210 com-

69 2240 187 2318 materia,
201 2241 230 2298 in
243 2258 305 2320 qua
318 2241 461 2303 lltlaesio.
880 2257 1012 2320 pensare
1032 2239 1164 2315 damna,
1189 2239 1263 2319 quia
1283 2240 1335 2301 hic
1357 2243 1425 2300 erat
1448 2237 1536 2318 00001
1557 2237 1670 2300 1001100

98 2327 538 2410 010000000000001001,
564 2334 595 2392 et
616 2329 826 2392 exeommuui-
881 2329 1077 2402 contractus,
1102 2331 1137 2388 ut
1160 2327 1191 2387 in
1214 2327 1280 2389 istis
1305 2327 1545 2390 circumstantiis
1565 2330 1671 2406 posset

69 2415 130 2476 calio
150 2415 244 2476 minor
269 2422 345 2479 sunt
375 2437 488 2498 graves
512 2437 636 2498 poenae,
664 2423 696 2480 et
720 2423 826 2480 tamen
882 2415 1008 2496 quidem
1022 2415 1179 2493 accipere,
1198 2433 1269 2475 oum
1293 2416 1347 2478 tali
1374 2420 1481 2477 tamen
1503 2433 1609 2492 onere,
1636 2417 1671 2476 01

69 2502 225 2581 quandoque
238 2505 432 2582 respondent
454 2512 582 2585 peccato
595 2507 708 2568 veniali
726 2526 732 2568 :
751 2525 826 2586 ergo
881 2506 906 2565 si
930 2503 1060 2565 resciret
1079 2503 1241 2564 dominum
1267 2521 1329 2565 non
1351 2503 1445 2566 luisse
1467 2506 1667 2581 contentum,

68 2587 190 2651 restitutio
212 2591 354 2652 materia
376 2595 482 2672 gravis
507 2595 601 2656 etiam
627 2596 742 2674 poterit
764 2611 826 2655 res·
882 2593 998 2654 damna
1010 2595 1236 2671 compensaret.

68 2678 178 2755 pondere
195 2683 323 2757 peceato
345 2682 471 2744 veniali.
492 2685 528 2744 R.
554 2703 585 2745 n.
610 2702 736 2764 conseq.
757 2701 826 2764 quae
921 2683 1000 2761 §l8.
1018 2683 1063 2742 Ex
1077 2682 1167 2742 dietis
1182 2682 1319 2743 10100001
1334 2681 1448 2744 Sanch.
1461 2684 1545 2743 Less.
1557 2681 1667 2742 lamb.
1699 2691 1739 2740 too

68 2763 204 2841 rivaleret,
218 2783 345 2844 possem
359 2786 415 2846 pro
435 2769 528 2849 culpa
546 2770 657 2831 leviter
676 2771 828 2832 damnosa
855 2811 857 2814 -
883 2771 997 2849 aliique
1017 2788 1088 2830 oum
1109 2770 1231 2832 Petsch.
1249 2791 1283 2851 p.
1306 2773 1374 2846 181,
1398 2770 1422 2831 01
1445 2771 1525 2833 00110
1545 2775 1601 2833 100
1619 2789 1674 2830 ex-

68 2853 154 2914 iuuuo
169 2853 273 2932 solido,
296 2855 429 2934 obligari
452 2858 493 2918 ad
507 2859 715 2920 restituendos
728 2858 824 2934 mille,
881 2861 972 2920 terna
985 2857 1101 2937 injusta
1113 2858 1206 2919 luerit
1216 2863 1381 2938 peecatum
1398 2861 1521 2921 tantum
1534 2856 1668 2933 veniale,

69 2943 91 3002 et
100 2939 132 3000 ud
142 2942 330 3004 subeundam
342 2946 503 3008 crudelem
523 2952 668 3025 mortem,
685 2946 759 3026 quia
771 2963 828 3024 per
883 2945 1023 3026 quamvis
1035 2946 1155 3006 interne
1168 2945 1262 3007 luerit
1272 2947 1416 3023 mortale,
1431 2949 1462 3006 te
1475 2946 1534 3007 sub
1545 2946 1670 3008 mortali

68 3029 167 3107 culpam
185 3029 268 3092 011000
290 3049 417 3094 mereor
436 3037 666 3114 purgatorium,
691 3051 827 3114 possem·
883 3050 945 3093 non
967 3032 1066 3094 tenori
1090 3033 1265 3110 restituere,
1289 3053 1320 3095 v.
1346 3053 1377 3113 g.
1401 3032 1427 3095 si
1450 3033 1482 3094 in
1505 3033 1671 3094 venatione

69 3133 113 3194 quo
134 3119 235 3178 mereri
272 3124 629 3185 excommunicationem
660 3124 825 3188 minorem.
882 3125 1002 3183 tantam
1017 3121 1166 3182 adhibeas
1188 3121 1398 3200 diligentiam,
1415 3141 1454 3182 ne
1475 3121 1600 3182 occidas
1618 3121 1672 3182 ho-

67 3207 152 3286 ltaque
165 3205 330 3286 disparitas
352 3214 408 3287 est,
434 3212 518 3292 quod
541 3231 637 3291 poena
654 3207 828 3291 purgatorii
881 3209 1014 3285 minem,
1037 3211 1154 3287 quanta
1172 3209 1342 3287 requiritur
1356 3210 1395 3270 ad
1410 3207 1575 3270 vitandum
1588 3227 1674 3269 mor-

69 3293 97 3354 011
107 3293 230 3354 absolute
251 3295 341 3373 levis,
362 3303 501 3376 spectato
516 3299 583 3361 1000
598 3298 728 3360 alterius
742 3298 826 3372 vitae,
882 3298 955 3373 tale,
970 3301 1150 3357 nontamen
1165 3299 1296 3372 tantam,
1317 3301 1434 3377 quanta
1448 3295 1619 3376 requiritur
1632 3296 1673 3355 ad

68 3385 92 3442 ot
109 3382 267 3461 respective
292 3384 334 3444 ad
358 3402 486 3464 poenam
510 3387 635 3449 inferni.
667 3385 825 3461 Similiter,
882 3384 1046 3446 vitandum
1059 3383 1193 3460 veniale,
1217 3385 1359 3463 quamvis
1378 3384 1470 3444 simul
1485 3383 1609 3444 adesset
1626 3383 1673 3443 in-

69 3469 147 3550 inquit
161 3470 219 3531 llls.
243 3490 273 3532 n.
299 3474 347 3548 12,
365 3475 644 3536 excommunicatio
659 3474 762 3534 minor
782 3479 830 3533 est
882 3477 990 3535 ternus
1011 3471 1134 3531 animus
1154 3471 1316 3532 occidendi
1340 3471 1463 3533 hostem
1477 3475 1566 3532 tuum
1584 3471 1608 3530 si
1630 3469 1671 3530 ibi

68 3558 213 3620 mortaliter
232 3559 311 3639 quid
330 3560 420 3638 leve,
437 3563 510 3641 quia
532 3582 590 3642 per
610 3561 828 3642 poenitentiam
883 3563 963 3623 10010
977 3560 1111 3634 adesset,
1128 3559 1230 3637 posito
1248 3559 1389 3638 quodibi
1409 3559 1491 3620 adsit
1505 3561 1536 3620 01
1548 3559 1673 3620 occidas

69 3647 416 3710 etabsolutiouemfaoile
431 3651 551 3713 tollitur
567 3672 573 3713 :
589 3671 605 3712 e
621 3651 828 3713 contraresti-
883 3667 955 3711 eum
976 3647 1145 3727 jaculando
1169 3647 1201 3707 in
1224 3647 1318 3724 illud,
1345 3648 1429 3727 quod
1450 3647 1583 3727 putabas
1604 3663 1672 3708 0000

68 3735 126 3796 tutio
138 3735 270 3797 00010010
285 3739 391 3816 gravis
406 3741 829 3822 essctpoenaabsolutegra-
883 3737 993 3812 feram,
1018 3737 1050 3796 te
1071 3752 1133 3796 000
1158 3734 1289 3814 obligari
1308 3735 1448 3814 graviter
1469 3735 1508 3796 ad
1528 3753 1673 3814 compen·

68 3821 103 3882 ris
119 3827 247 3901 spectato
272 3825 339 3886 1000
364 3825 458 3906 hujus
482 3827 563 3897 vita,
580 3829 611 3890 in
633 3847 693 3910 000
707 3827 828 3889 veniale
883 3824 983 3887 sanda
995 3823 1197 3884 damnaiude
1213 3827 1342 3884 causata
1351 3823 1510 3900 uxori,vel
1521 3823 1671 3902 prolibus,

68 3911 253 3974 committitur.
272 3912 462 3993 AdditLugo
476 3915 829 3977 excommunicationem
884 3915 958 3994 quia
977 3913 1050 3975 dato
1072 3912 1158 3973 illam
1178 3913 1335 3974 actionem
1355 3917 1515 3974 externam
1534 3911 1674 3973 denomi-

68 3998 195 4060 miuorem
220 4017 283 4061 non
309 4017 375 4060 0000
399 4019 511 4081 puram
534 4021 683 4082 poenam,
713 4002 768 4063 sed
791 4001 830 4061 si·
884 4003 951 4063 nari
974 4000 1112 4080 graviter
1131 3999 1278 4080 injustam
1300 4001 1340 4062 ab
1359 4001 1483 4062 interna
1502 4001 1673 4063 intentione

68 4085 117 4146 mul
138 4086 343 4163 medicinam,
371 4107 441 4167 000
475 4089 548 4152 11001
579 4090 659 4152 10001
696 4089 829 4152 acerbis-
884 4091 1022 4170 graviter
1036 4089 1161 4169 injusta,
1178 4095 1283 4150 tamen
1297 4090 1335 4151 de
1353 4108 1386 4150 se
1401 4107 1463 4150 nou
1479 4093 1526 4151 est
1536 4088 1675 4169 graviter
1719 4133 1722 4139 .

68 4171 228 4250 0100000001
246 4174 330 4237 utilis
351 4174 567 4259 delinquenti:
589 4196 663 4258 ergo
682 4179 765 4260 juste
783 4177 830 4238 in·
884 4179 1014 4259 injusta,
1039 4196 1096 4238 neo
1117 4177 1254 4255 00010010
1278 4193 1374 4238 eausa
1394 4177 1522 4238 moralis
1543 4176 1672 4238 damni:

69 4257 178 4338 ligetur.
885 4267 1033 4346 obligatio
1058 4269 1163 4328 autem
1187 4265 1293 4344 gravis
1319 4265 1502 4327 restituendi
1528 4263 1675 4344 supponit

100 4347 184 4430 Objio.
199 4353 229 4412 3.
246 4348 280 4412 Si
293 4349 361 4430 quis
373 4369 431 4431 per
444 4358 608 4432 peccatum
627 4371 705 4435 pure
728 4353 831 4433 philo·
885 4354 1040 4416 actionem
1052 4356 1214 4413 externam
1228 4351 1267 4412 de
1282 4369 1314 4412 00
1329 4351 1469 4431 graviter
1481 4351 1631 4431 injustam
1644 4356 1676 4413 et

68 4437 208 4515 saphicum
227 4444 309 4501 esset
328 4440 449 4502 furatus
473 4461 539 4503 rem
562 4459 702 4522 gravem,
722 4445 831 4520 postea
884 4443 1021 4521 perfecte
1045 4440 1239 4504 causativum
1263 4441 1390 4518 damni,
1415 4439 1461 4504 uti
1485 4441 1603 4503 dictum
1629 4443 1675 4502 est

68 4521 209 4618 advertens
235 4525 294 4589 hoo
315 4527 479 4606 displicere
505 4533 581 4608 Deo,
609 4535 770 4593 teneretur
792 4549 831 4590 ex
884 4531 1000 4592 0118.

69 4608 162 4691 rnjusta
175 4616 353 4693 acceptione
366 4616 424 4677 sub
437 4617 560 4678 mortali
575 4637 641 4679 rem
662 4619 746 4680 illam
765 4638 831 4679 res·
924 4619 943 4698 ἕ
958 4622 1004 4683 le.
1020 4615 1216 4679 Probabilius
1228 4616 1353 4679 videtur
1366 4635 1434 4678 esso
1452 4615 1675 4696 obligationem
1701 4631 1741 4680 101

67 4699 170 4778 lituere,
184 4721 258 4782 ergo
271 4703 366 4764 etiam
387 4703 507 4766 furatus
527 4723 584 4784 per
600 4709 765 4784 peccatum
779 4724 831 4766 ve·
884 4710 986 4770 levem
1007 4706 1189 4768 restituendi
1211 4710 1332 4784 partem
1352 4706 1458 4786 gravis
1479 4706 1585 4766 damni
1604 4723 1674 4784 pro-

68 4784 199 4849 0101011.
225 4789 296 4854 dato
321 4796 385 4851 ant.
408 4809 439 4852 n.
470 4810 555 4854 cons.
579 4792 745 4872 disparitas
763 4797 827 4866 est;
885 4795 1096 4875 portionatam
1113 4795 1212 4872 culpae
1233 4793 1362 4869 veniali,
1388 4811 1445 4871 000
1459 4811 1675 4872 quamcausa·

68 4874 127 4950 0010
137 4877 257 4955 quando
265 4877 316 4958 jus
329 4879 466 4940 alienum
479 4881 644 4942 laesumest
655 4899 725 4943 oum
738 4882 831 4960 plena
884 4889 951 4946 tum
966 4884 1014 4944 est
1032 4883 1205 4942 secundum
1225 4881 1390 4943 arbitrium
1403 4881 1610 4960 prudentum3
1630 4881 1676 4943 ita

69 4959 241 5026 advertentis
264 4967 303 5027 ad
330 4985 460 5046 gravem
494 4968 727 5031 difformitatem
758 4988 830 5031 oum
886 4975 951 5034 Sot.
981 4971 1091 5048 Regin.
1119 4972 1235 5032 Bonae.
1263 4990 1294 5030 0.
1326 4973 1366 5043 8;
1393 4971 1525 5031 Ηο0001.
1555 4973 1587 5032 01
1610 4969 1672 5031 1110.

69 5053 138 5110 recta
157 5051 281 5130 ratione,
308 5054 418 5114 eadem
440 5061 526 5116 recta
548 5056 628 5118 ratio
652 5057 749 5118 dictat
763 5075 829 5118 esse
883 5079 983 5142 supro,
1008 5058 1127 5137 Burgh.
1150 5065 1225 5120 cent.
1252 5062 1281 5134 l,
1303 5075 1360 5120 cos.
1382 5061 1432 5136 61,
1456 5060 1565 5120 000100
1587 5061 1672 5120 Lesa.

70 5133 267 5216 obligationem
293 5143 472 5222 reparandi,
503 5143 640 5224 alioquin
669 5145 831 5208 continua·
885 5149 905 5211 l.
929 5153 958 5225 2,
982 5167 1007 5209 e.
1031 5152 1060 5224 7,
1084 5165 1114 5208 0.
1140 5149 1197 5219 a&
1219 5149 1305 5225 Lugo
1328 5146 1357 5208 d.
1381 5149 1411 5223 8,
1430 5166 1460 5208 0.
1481 5149 1538 5220 58;
1561 5145 1671 5208 lamb.

71 5227 140 5285 retur
165 5229 253 5306 actio,
281 5248 351 5309 quae
379 5233 577 5310 cognoscitur
605 5252 671 5294 esse
693 5234 831 5312 graviter
884 5257 913 5298 0.
932 5239 970 5310 3;
987 5235 1158 5315 Ρο10010.0.
1177 5238 1250 5309 1793
1268 5237 1341 5313 llsp.
1357 5253 1386 5316 q.
1403 5237 1461 5308 31;
1478 5234 1587 5298 Ρ10101.
1598 5253 1630 5315 p.
1642 5235 1673 5310 3,

71 5315 161 5374 contra
172 5319 284 5378 rectam
308 5317 473 5395 rationem,
498 5321 631 5400 ideoque
651 5320 746 5381 etiam
760 5339 829 5399 gra·
883 5345 913 5386 0.
930 5327 999 5401 733,
1017 5324 1069 5403 qui
1090 5323 1200 5384 dicunt
1217 5323 1385 5401 nequidem
1406 5321 1464 5383 sub
1478 5321 1592 5382 veniali
1607 5339 1674 5382 esse

71 5393 136 5459 viler
153 5409 256 5465 contra
275 5405 380 5484 legem
398 5407 465 5482 1101,
483 5425 552 5488 000
574 5427 656 5470 0000
672 5409 830 5488 cognosci·
884 5411 1106 5492 obligationem
1118 5412 1286 5491 quicquam
1296 5409 1489 5471 restituendi.
1502 5409 1592 5470 Ratio
1604 5427 1675 5470 nos-

72 5485 112 5546 tor
134 5489 265 5554 assistere
293 5493 336 5556 illi
365 5496 456 5556 rectae
483 5495 613 5571 rationi3
638 5496 696 5558 hoc
724 5500 830 5559 autem
883 5502 932 5561 tra
947 5503 1003 5574 est,
1025 5497 1100 5578 quia
1121 5498 1222 5561 omnis
1242 5495 1358 5577 injuria
1379 5494 1517 5558 formalis
1537 5499 1568 5564 et
1588 5495 1674 5564 dam·
