3992 6336
641 501 692 560 DE
720 497 1019 560 RESTITUTIONE.
1597 496 1655 558 183

46 691 135 752 Bonae.
150 686 236 748 etalii
248 703 323 748 cum
335 689 424 766 Lugo
438 687 468 748 d.
486 689 535 763 10,
546 706 577 748 n.
595 689 653 751 uro
665 684 732 748 etd.
749 689 797 764 ll,
854 682 953 746 tentia
961 683 1025 744 late
1037 685 1094 758 est,
1106 680 1155 741 vel
1165 683 1358 742 transactum
1368 683 1415 742 est
1427 680 1466 740 de
1477 681 1563 742 certo
1577 697 1654 759 pre·

46 797 69 838 ιι.
80 779 120 854 25,
131 775 234 837 merito
244 777 355 837 tenent
369 775 557 854 oppositum,
579 774 654 855 quio
668 774 800 856 quisque
855 771 900 833 tio
922 774 1089 850 propterea
1107 768 1271 844 solvendo,
1293 769 1417 830 tenatur
1433 765 1533 830 'l'itius
1551 770 1654 830 totum

46 864 119 926 lubet
131 863 188 944 jus,
212 867 245 925 ut
267 881 332 924 non
356 863 518 925 occidatur
536 862 721 925 auctoritate
736 861 801 943 pri·
854 859 973 920 solvere
984 857 1177 934 haeredibus,
1190 856 1265 936 quia
1274 855 1332 916 suit
1341 853 1489 935 obligatio
1509 873 1651 935 persen-

45 955 107 1030 rstu,
127 950 179 1013 nisi
200 949 231 1012 iu
253 951 434 1012 necessaria
455 950 503 1012 sui
527 950 708 1012 defensione
726 968 733 1012 ε
750 950 801 1010 bic
854 955 1056 1032 tentiamvel
1077 973 1133 1034 per
1142 957 1347 1031 contractum,
1374 953 1651 1033 inductacumspe

24 1075 25 1078 ι
44 1045 192 1102 autemnon
205 1039 261 1102 luit
275 1039 466 1114 necessaria,
484 1038 558 1119 quia
581 1038 691 1100 aderet
710 1035 800 1100 facile
856 1043 1033 1123 etpericulo
1044 1043 1190 1122 utrinque
1201 1042 1278 1102 lucri
1290 1047 1321 1103 et
1327 1042 1481 1121 jacturae:
1503 1059 1520 1101 e
1541 1047 1653 1103 contra

24 1127 152 1190 medium
164 1127 219 1189 hoc
234 1127 416 1188 declinandi
437 1146 494 1206 per
516 1127 635 1205 fugam,
653 1144 723 1206 quae
738 1143 801 1187 non
855 1131 880 1190 si
906 1130 989 1191 nullo
1010 1130 1119 1192 luisset
1132 1131 1196 1191 lata
1216 1131 1381 1207 sententia,
1402 1131 1452 1190 uel
1471 1133 1649 1192 contractus

43 1215 165 1278 attulisset
175 1233 269 1296 grave
284 1215 521 1277 incommodum
539 1234 545 1275 :
563 1232 638 1293 ergo
653 1213 728 1293 iuga
743 1212 801 1274 erit
855 1216 961 1292 initus,
978 1238 1040 1280 non
1059 1223 1219 1280 teneretur
1231 1218 1289 1278 nisi
1305 1218 1345 1279 ad
1365 1219 1481 1279 demna
1494 1217 1565 1279 uiuo
1576 1237 1651 1280 cau·

43 1305 66 1368 in
87 1303 127 1365 his
149 1301 389 1366 circumstantiis
415 1302 522 1364 debite
540 1301 604 1382 juri
641 1301 769 1363 alterius
789 1319 797 1374 ;
855 1309 933 1384 satu,
958 1308 1032 1386 quia
1055 1307 1188 1368 nonfuit
1211 1325 1307 1368 cause
1328 1307 1439 1368 efficax
1462 1305 1651 1370 domnorum

42 1392 125 1454 lamb.
134 1390 288 1470 praemissa
302 1391 364 1452 hac
378 1389 531 1453 sententia
540 1387 800 1469 hugonis,adhuc
854 1400 1070 1474 postmortem
1091 1395 1335 1473 obvenientium,
1355 1395 1398 1456 ita
1421 1395 1537 1456 Sanoh.
1560 1392 1591 1457 d.
1616 1399 1646 1472 2,

42 1483 110 1562 putet
119 1479 270 1559 probabile
294 1497 376 1558 csse,
402 1479 486 1560 qood
506 1479 578 1541 talis
601 1482 801 1540 excusatura
854 1501 885 1543 ιι.
902 1487 950 1544 lb.

24 1561 25 1564 '
42 1569 213 1646 restitutione,
230 1567 305 1647 quie
321 1567 447 1648 quondo
459 1567 593 1629 alterum
607 1566 737 1643 invadit,
753 1564 800 1626 ui·
894 1571 913 1650 5
932 1575 962 1632 5.
979 1571 1010 1634 Si
1024 1571 1144 1633 occisus
1157 1589 1216 1632 nec
1237 1589 1377 1648 uxorem,
1393 1589 1451 1634 nec
1463 1572 1579 1634 liberos
1592 1571 1647 1633 ba·
1675 1586 1717 1632 suo

24 1655 111 1760 'pietur
121 1655 223 1718 tedere
238 1656 299 1716 1100
313 1655 386 1736 jure
401 1654 569 1727 su⁰.Ouod
584 1655 609 1715 si
624 1671 799 1734 provocans
854 1661 943 1737 beat,
972 1679 1074 1740 neque
1098 1660 1207 1721 fuisset
1230 1659 1416 1736 habiturus,
1442 1659 1549 1740 plures
1574 1678 1647 1721 eum

24 1765 26 1830 }
44 1743 169 1805 occideret
188 1747 407 1820 provocatum,
428 1741 481 1822 qui
496 1745 582 1804 metu
596 1740 732 1803 infamiae
747 1740 799 1801 de·
855 1747 962 1825 Steph.
978 1767 1008 1808 n.
1023 1751 1071 1822 5r,
1088 1746 1196 1807 dicunt
1207 1745 1435 1807 restitutionem
1449 1765 1516 1808 esso
1529 1747 1646 1808 lacien-

24 1829 93 1918 3luit
109 1845 291 1910 comparere,
326 1847 501 1909 provocans
528 1834 687 1893 teneretur
715 1847 800 1890 corn-
855 1835 927 1896 dum
949 1833 1126 1895 haeredibus
1147 1833 1186 1895 ab
1204 1833 1362 1911 intestato,
1377 1834 1409 1894 hi
1430 1835 1514 1896 enim
1528 1853 1647 1914 reprae-

24 1917 359 1998 {peuseredamnainde
380 1921 497 1994 secuta,
516 1919 590 1999 quia
612 1919 800 1996 provocatus
854 1925 980 1984 sentent
1017 1921 1171 1995 occisum,
1208 1925 1238 1982 et
1269 1919 1442 1986 succedunt
1464 1922 1588 2003 injure
1610 1941 1647 1985 ec

24 1989 189 2068 *messuisset
210 2005 432 2084 involuntarie,
458 2007 564 2070 Salon.
591 2007 706 2088 aliique
727 2023 799 2068 cum
855 2029 971 2074 onere:
993 2009 1018 2070 si
1031 2013 1135 2070 temen
1149 2009 1306 2086 credatur,
1327 2011 1410 2090 quod
1423 2011 1532 2073 luisset
1554 2011 1646 2072 habi-

43 2093 130 2158 tenen
143 2092 208 2156 deu.
226 2097 275 2157 10.
854 2101 942 2158 turus
963 2096 1088 2173 liberos,
1113 2096 1220 2158 dicunt
1241 2096 1317 2158 nibil
1333 2097 1452 2174 deberi,
1471 2101 1538 2160 tum
1560 2099 1646 2160 enim

69 2179 123 2260 §2
146 2181 178 2244 Si
202 2183 296 2244 Ceius
325 2181 378 2245 det
405 2200 534 2244 oausam
554 2183 628 2246 rixae
652 2201 710 2263 per
732 2181 800 2244 sole
854 2184 995 2245 haeredes
1023 2184 1141 2246 habeut
1170 2184 1272 2264 potius
1296 2185 1522 2264 commodum,
1550 2205 1645 2267 quam

41 2269 114 2332 rerba
132 2271 371 2348 contumeliosa,
397 2276 428 2334 et
455 2276 564 2351 postca
592 2272 754 2335 occidatur
780 2289 800 2332 a
854 2272 1004 2334 damnum
1031 2292 1037 2335 :
1064 2272 1179 2334 Sanch.
1207 2277 1312 2334 tamen
1335 2272 1406 2336 dub.
1433 2277 1472 2352 3,
1499 2294 1530 2336 n.
1556 2279 1586 2354 3,
1614 2280 1646 2339 et

24 2423 26 2438 ,
41 2355 110 2436 litio,
123 2359 212 2422 'lilius
231 2363 361 2423 tenetur
374 2361 550 2438 restituere,
568 2361 643 2442 quie
662 2358 799 2422 verbalis
854 2360 1255 2438 remuneratorium
1269 2379 1490 2441 expensespro
1504 2363 1645 2424 curando

24 2439 195 2510 lacunela
209 2467 271 2510 uon
286 2447 390 2528 potuit
404 2448 479 2510 dare
500 2449 553 2530 jus
568 2448 731 2511 occidendi
749 2467 755 2508 :
772 2447 798 2509 si
854 2450 1028 2527 vulnerato,
1055 2450 1106 2530 qui
1129 2453 1239 2528 postea
1258 2449 1402 2527 moritur,
1423 2451 1497 2512 item
1510 2451 1573 2513 alie
1585 2452 1644 2531 ipsi

41 2533 120 2596 brnen
133 2535 226 2598 'lilius
250 2535 358 2598 verbis
380 2536 613 2598 contumeliosis
637 2537 800 2598 allectuse
853 2536 924 2599 ideo
939 2543 1011 2598 ante
1026 2543 1159 2600 mortem
1175 2538 1291 2615 debite,
1308 2537 1428 2599 restitui
1449 2538 1564 2601 debere
1579 2539 1646 2600 hae-

40 2619 106 2699 ouo,
124 2622 211 2686 uellet
233 2622 346 2685 Gaium
369 2622 523 2701 occidere,
548 2625 639 2686 Caius
662 2623 745 2685 licite
765 2639 799 2682 sc
854 2625 991 2704 redibus,
1018 2626 1091 2706 quie
1115 2626 1146 2685 hi
1170 2625 1342 2688 succedunt
1356 2627 1387 2686 in
1404 2627 1478 2708 jura
1492 2627 1643 2704 defuncti,

41 2706 215 2787 diuideret,
244 2715 277 2772 et
306 2709 450 2790 quamuis
477 2711 510 2771 in
543 2711 724 2774 defensione
751 2711 798 2772 sui
854 2714 947 2776 autsi
963 2716 1065 2776 nullus
1089 2715 1129 2776 sit
1144 2716 1254 2792 haeres,
1272 2715 1413 2777 dandum
1436 2721 1483 2778 est
1497 2717 1646 2796 pauperi-

25 2795 167 2861 ,oceideret
187 2797 316 2866 litium,
343 2797 419 2859 nihil
443 2801 601 2861 teneretur
623 2800 796 2875 restituere,
853 2803 912 2864 bus
930 2823 936 2863 :
953 2802 1070 2863 demna
1084 2806 1189 2865 autem
1204 2805 1275 2881 alie,
1293 2804 1376 2865 facta
1396 2807 1565 2887 postquem
1580 2807 1646 2867 vul·

41 2881 213 2949 mandem
235 2885 404 2964 rationem,
430 2888 505 2968 quio
527 2888 625 2950 'litius
647 2888 687 2950 oh
702 2887 799 2949 verba
854 2898 981 2952 uerutus
1005 2898 1051 2954 est
1073 2897 1225 2969 mortuus,
1251 2913 1279 2954 v.
1304 2911 1334 2972 g.
1362 2892 1446 2973 quod
1466 2911 1529 2955 non
1548 2895 1647 2973 possit

39 2973 229 3041 contumeliosa
260 2991 326 3036 non
359 2973 497 3037 habebat
523 2975 575 3056 jus
610 2973 796 3053 occidendi,
854 2977 930 3040 dere
953 2979 1102 3040 alimenta
1126 2979 1320 3059 perentibus,
1344 2980 1444 3058 uxori,
1470 2980 1553 3057 filiis,
1571 2981 1647 3042 dicit

38 3059 165 3124 umbe.
182 3067 228 3124 l'l.
854 3067 974 3128 restitui
1003 3087 1064 3129 non
1093 3068 1208 3130 debere
1237 3067 1424 3146 haeredibus,
1451 3069 1526 3149 quia
1545 3068 1646 3130 haeres

67 3149 116 3230 fit.
137 3151 166 3214 Si
189 3152 262 3214 Caio
288 3151 413 3216 etTitio
434 3151 647 3233 pugnantibus
661 3167 799 3213 accesse—
853 3157 976 3216 tantum
992 3155 1221 3235 acquiritjura,
1243 3174 1312 3234 qum
1337 3155 1448 3218 habuit
1466 3156 1643 3236 defunctus

36 3241 95 3300 tent
112 3239 156 3300 elii
176 3259 232 3301 sue
256 3245 380 3320 sponte,
398 3241 556 3303 ethorum
570 3257 651 3301 unus
665 3239 798 3300 alterum
853 3260 915 3304 non
930 3249 1035 3303 autern
1050 3243 1113 3304 alii.
1131 3243 1272 3318 Quodsi,
1290 3263 1318 3304 v.
1335 3263 1366 3324 g.
1385 3261 1464 3306 uxor
1477 3248 1549 3322 post
1563 3245 1647 3306 occi-

47 3324 135 3404 ι’(111,
154 3327 242 3390 Caius
266 3331 324 3390 aut
344 3328 444 3392 Titius
467 3346 529 3389 non
549 3325 799 3389 teneturadali-
853 3348 921 3391 sum
950 3330 1097 3391 moritum
1121 3347 1209 3409 seque
1243 3329 1407 3390 commode
1435 3331 1565 3408 nupsit,
1596 3331 1645 3392 vel

34 3413 112 3476 .=u'd·
138 3415 161 3476 si
186 3419 293 3478 autem
322 3416 414 3480 Gaius
438 3415 580 3478 excitarit
602 3415 738 3496 aliquem
757 3413 797 3474 ad
853 3418 951 3498 possit
965 3417 1093 3494 nubere,
1111 3423 1165 3477 eut
1183 3417 1207 3477 si
1223 3416 1336 3497 aliquis
1352 3435 1389 3477 ea
1414 3417 1578 3479 occasione
1593 3417 1646 3479 det

38 3501 149 3573 'rum
174 3522 229 3586 pro
258 3523 293 3568 se
321 3505 530 3582 defendendo,
561 3508 591 3566 et
618 3503 669 3564 hic
689 3505 799 3582 postea
852 3506 910 3586 ipsi
931 3507 1089 3581 alimento,
1120 3504 1193 3564 huic
1223 3522 1284 3564 non
1314 3508 1396 3566 esset
1419 3521 1497 3583 opus
1526 3503 1646 3583 aliquid

55 3589 180 3670 “datm
195 3593 372 3656 secundum
387 3595 478 3656 Suar.
502 3599 534 3654 et
553 3591 630 3654 alios
648 3592 741 3654 Ceius
754 3595 798 3651 te·
852 3593 1027 3670 restituere,
1043 3597 1110 3654 tum
1129 3592 1203 3671 quia
1217 3590 1321 3670 reipsa
1335 3609 1398 3652 non
1418 3591 1477 3653 luit
1498 3591 1645 3652 domniu-

62 3705 88 3729 ιι
130 3681 316 3750 restituere,
347 3682 422 3762 quio
447 3699 505 3762 per
535 3679 713 3742 suasionem
740 3678 799 3739 iuit
852 3685 1027 3758 cete,tum
1051 3679 1146 3742 etiarn
1170 3679 1243 3760 quie
1267 3679 1386 3741 occisor
1406 3678 1477 3739 ideo
1499 3681 1641 3754 tenetur,
1712 3725 1716 3732 .

34 3773 105 3842 ζῖιιιτ
128 3768 288 3831 occisionis
311 3773 344 3830 et
365 3767 483 3832 damni.
507 3767 686 3832 Secundum
700 3768 795 3846 Vasq.
853 3770 927 3850 quia
954 3767 1093 3840 succedit
1119 3765 1151 3828 in
1179 3766 1402 3846 obligationem
1429 3765 1559 3844 mariti,
1590 3767 1646 3846 qui

37 3870 39 3882 ¹
71 3851 317 3936 ulioscumLugo
332 3855 362 3918 d.
386 3859 435 3934 12,
451 3877 482 3918 n.
510 3859 559 3934 l8,
585 3857 795 3930 nonteuetun
853 3875 923 3919 eam
951 3855 1109 3918 debuisset
1136 3856 1219 3915 alere
1248 3872 1254 3916 :
1285 3853 1416 3914 maritus
1443 3856 1550 3915 autem
1580 3867 1643 3912 non

35 3935 87 4025 ξω
111 3943 177 4006 licet
189 3943 240 4008 hic
255 3943 392 4006 suadens
413 3947 522 4022 peccet
545 3948 654 4006 contro
684 3942 799 4005 corita-
851 3949 1011 4006 teneretur
1025 3945 1119 4022 alere,
1136 3942 1162 4004 si
1181 3941 1306 4003 aliunde
1322 3941 1349 4002 ei
1365 3943 1447 4003 esset
1461 3939 1642 4019 provisum:

38 4036 40 4039 ’
69 4058 80 4081 ι
107 4033 363 4094 tamencumnec
378 4031 635 4094 freudenecdolo
650 4031 793 4109 suadeat,
854 4049 940 4112 ergo.
965 4034 1025 4092 Pro
1054 4031 1149 4093 dubio
1173 4035 1296 4106 autern,
1322 4035 1475 4110 quantum
1499 4029 1646 4106 teneatur

76 4125 320 4200 upeccetcontra
340 4120 509 4199 iustitiam,
534 4120 643 4183 scienti
667 4120 798 4182 enimet
854 4120 973 4182 occisor
996 4135 1199 4199 compensare
1222 4117 1292 4177 liliis
1320 4117 1434 4191 occisi3
1464 4115 1539 4177 item
1568 4118 1646 4195 quot

141 4226 199 4270 non
213 4209 250 4270 fit
263 4207 588 4290 injurio,secuudum
603 4207 796 4285 dictabat,
852 4209 943 4285 illios,
970 4211 1001 4269 et
1033 4206 1171 4288 quandlu
1195 4207 1340 4268 teneatur·
1361 4205 1457 4280 alere,
1473 4201 1572 4264 rideri
1588 4218 1643 4280 po·

48 4326 59 4359 ς
79 4295 175 4359 rumh.
190 4317 220 4358 a.
238 4299 288 4360 19.
853 4299 914 4360 teet
929 4295 1005 4375 Beja
1015 4313 1050 4374 p.
1072 4297 1100 4372 1,
1117 4311 1181 4355 cas.
1198 4295 1248 4354 43.

64 4379 124 4466 fil.
145 4386 200 4458 Qui
220 4384 335 4448 occidit
357 4385 492 4448 alterum
510 4385 604 4465 paulo
626 4388 696 4465 post
710 4391 799 4446 nutu·
892 4385 953 4463 56.
971 4381 1076 4443 Salon.
1098 4380 1221 4459 Arriag.
1238 4378 1330 4441 Cord.
1356 4379 1432 4440 Led.
1458 4380 1545 4439 Less.
1562 4379 1642 4456 Lug.
1672 4414 1713 4462 3„

50 4468 800 4555 '21veljustamoroeoccidendumnonteneeur
854 4471 968 4552 aliique
999 4467 1207 4530 communiter
1241 4483 1313 4528 curn
1348 4465 1496 4528 Buscmb.
1536 4465 1646 4528 dicunt

76 4588 88 4603 ··
113 4581 181 4632 mre.
207 4564 283 4646 quia
304 4581 367 4625 non
383 4567 528 4625 consetur
548 4561 688 4624 intulisse
701 4579 798 4642 grave
854 4561 970 4621 demna
990 4561 1098 4619 secute
1119 4575 1156 4618 err
1180 4553 1345 4631 occisione,
1375 4555 1424 4616 uel
1448 4554 1644 4617 mutilatione

68 4674 97 4701 ιιι
112 4665 161 4712 um
181 4651 213 4712 in
233 4651 325 4714 bouis
346 4652 492 4728 fortunae,
518 4649 562 4711 uti
585 4648 703 4711 hebent
718 4652 795 4711 Nau.
853 4647 926 4710 'litii
940 4664 1008 4708 esse
1024 4641 1258 4724 compensanda
1272 4642 1345 4702 solis
1359 4642 1552 4721 parentibus,
1569 4659 1646 4704 uso-

71 4733 415 4819 teruennenses.
441 4743 490 4802 l3.
515 4739 550 4802 ln
565 4738 661 4800 dubio
679 4741 796 4822 tumen,
853 4737 891 4814 ri,
917 4737 948 4796 et
969 4734 1052 4810 illlis,
1079 4750 1115 4793 eo
1140 4730 1224 4812 quod
1248 4730 1359 4811 reliqui
1375 4734 1563 4792 censeantur
1577 4747 1645 4790 esse

47 4895 48 4898 ξ
87 4823 125 4888 ita
142 4832 325 4890 euenturum
348 4827 468 4904 luisset,
495 4825 649 4906 possessio
673 4830 720 4885 cst
743 4843 798 4904 pro
853 4824 948 4886 ueluti
977 4821 1116 4884 extranei
1145 4839 1178 4881 sc
1207 4824 1326 4881 remote
1350 4820 1513 4896 hebentes,
1535 4823 1567 4882 et
1588 4837 1646 4898 per

51 4952 78 4988 n
111 4913 303 4994 «neeocid,
329 4915 420 4996 eujus
443 4914 509 4977 rita
521 4915 615 4977 etiam
629 4913 662 4974 in
676 4930 800 4993 posscs-
854 4912 999 4975 accidens
1013 4911 1174 4992 patientur
1186 4909 1240 4971 illa
1254 4909 1385 4970 damna:
1401 4912 1478 4988 Lop.
1488 4908 1643 4972 etSench.

125 5007 197 5065 erut.
218 5005 306 5078 Quod
330 5003 355 5065 si
380 5001 537 5064 occideret
556 5003 690 5065 alterurn
704 4999 799 5081 paulo
854 4998 1220 5078 dicuntcompensende
1243 5015 1311 5058 esse
1333 4997 1428 5058 etium
1452 4996 1601 5058 fratribus
1616 4999 1647 5056 et

59 5159 60 5162 ξ
104 5085 207 5170 injuste
221 5091 427 5154 occidendum
442 5109 472 5154 v.
489 5091 696 5171 paratusne,
713 5093 799 5150 teuc·
853 5089 1024 5165 sororibus
1042 5089 1152 5148 saltem
1166 5091 1233 5148 tum
1257 5085 1283 5145 si
1303 5084 1424 5145 occisus
1439 5102 1492 5145 eos
1507 5100 1564 5164 per
1577 5101 1647 5145 sen·

125 5177 292 5259 restituere,
315 5179 362 5242 uti
384 5181 507 5242 eonstut
527 5197 566 5240 ex
586 5177 677 5240 dictis
699 5197 729 5239 o.
746 5178 796 5254 49,
852 5175 984 5238 tentiam
1004 5174 1125 5238 iudicis
1152 5173 1319 5235 tenebatur
1346 5171 1450 5249 alere,
1481 5171 1555 5252 quio
1579 5170 1646 5251 jam

61 5324 62 5327 ,
82 5294 83 5297 ·
114 5265 192 5346 prior
213 5267 367 5332 intulisset
386 5285 484 5347 graue
508 5267 670 5330 damnum.
688 5266 720 5328 Si
743 5283 800 5326 au·
854 5264 1015 5326 habebant
1026 5261 1078 5342 jus
1093 5262 1133 5323 ed
1148 5262 1212 5339 ille,
1225 5279 1294 5343 quae
1310 5260 1505 5340 accepissent
1518 5277 1538 5320 a
1551 5259 1644 5323 uitio:

81 5351 373 5418 ¹litiusmutilusset
387 5356 507 5432 Caium,
534 5355 587 5436 qui
608 5358 719 5435 postea
738 5353 798 5416 ulio
855 5371 929 5432 ergo
950 5353 1002 5433 qui
1021 5368 1079 5430 per
1102 5351 1165 5410 vim
1188 5349 1330 5430 impedit,
1356 5353 1480 5410 tenetur
1499 5365 1646 5426 compen·

60 5462 85 5487 ι
103 5466 139 5520 ιι,
156 5445 202 5506 rel
224 5435 299 5508 casu
323 5444 410 5522 obiit,
431 5444 456 5506 si
481 5447 552 5506 oute
575 5448 708 5508 mortem
728 5460 797 5504 sen·
855 5459 945 5514 sore;
961 5439 1164 5501 edduntlllol.
1183 5443 1213 5500 et
1228 5441 1328 5499 llaun.
1346 5437 1378 5498 id
1388 5436 1523 5496 maxime
1537 5440 1645 5498 tencre
