3998 6344
302 611 362 675 eto
868 605 1186 690 transmiserim,
1210 609 1312 672 PARS
1332 609 1371 671 ll.

302 799 392 874 nent,
428 811 502 856 nam
535 793 655 857 collecti
689 794 875 873 spectabant
909 795 950 856 ed
984 793 1092 856 laicos.
1149 793 1174 854 si
1190 789 1444 853 loenumillatum
1459 791 1506 849 est
1521 783 1942 850 ctdomusobloenumcesn

220 902 275 950 ιοιι
341 885 608 966 §inexpensa
631 883 816 945 necessariae
842 882 883 943 ad
908 900 1094 944 conservari·
1150 881 1242 961 plane
1266 879 1394 941 fortuito
1418 875 1640 955 conflagravit,
1665 879 1795 937 tenetur
1821 872 1861 934 de
1889 871 1943 934 hoo

301 971 374 1034 dam
388 970 595 1032 substantiam
617 970 662 1031 rei
679 971 807 1048 locatae,
831 969 890 1032 nisi
906 977 1033 1050 pactum
1048 968 1097 1029 vel
1156 970 1289 1043 damno;
1306 969 1381 1031 item
1396 967 1420 1028 si
1436 970 1563 1046 pactum
1591 969 1659 1026 erat
1672 968 1707 1026 ιι
1721 979 1843 1043 equum
1857 960 1945 1022 habe·

301 1059 493 1122 consuetudo
522 1060 644 1136 obstet,
670 1062 814 1139 spectant
840 1060 880 1120 ad
903 1060 1095 1135 locatorem,
1151 1063 1311 1138 ratusque
1327 1055 1498 1132 Coloniam,
1515 1055 1581 1134 ipse
1595 1052 1802 1116 eutemducit
1818 1049 1942 1112 ulterius

300 1165 331 1209 ι.
352 1166 383 1227 g.
401 1153 435 1208 ut
448 1153 634 1227 reperentur
647 1147 806 1224 lenastrae,
824 1146 947 1224 fornax,
967 1150 1093 1226 puteus,
1153 1151 1184 1209 et
1197 1146 1239 1207 ibi
1254 1146 1347 1225 plane
1361 1162 1435 1206 casu
1452 1143 1585 1222 capitur,
1598 1143 1694 1204 etiam
1708 1141 1748 1204 (ιι
1759 1141 1824 1202 hoc
1834 1139 1942 1200 damno

195 1241 200 1250 '
301 1237 337 1296 ut
348 1235 381 1294 ιι
395 1253 470 1313 agro
494 1236 571 1296 fiant
585 1235 690 1311 fossae,
709 1252 863 1314 aggeres,
891 1237 926 1294 ut
945 1233 1003 1294 viae
1024 1235 1097 1294 anta
1153 1237 1287 1312 tenetur,
1304 1230 1379 1314 quia
1397 1231 1462 1311 egit
1474 1235 1583 1293 contra
1597 1231 1647 1293 vel
1667 1230 1751 1294 ultra
1768 1229 1867 1309 pacta
1882 1245 1889 1300 ;
1905 1225 1944 1288 ite

302 1323 413 1385 domos
438 1341 495 1403 pro
528 1324 686 1384 communi
720 1324 804 1384 bono
837 1325 1035 1398 sternantur,
1066 1323 1100 1380 ut
1154 1319 1345 1398 cxluribus,
1363 1321 1454 1400 Spar.
1472 1322 1567 1382 ιιι.

302 1429 401 1491 equus
432 1411 605 1472 instruatur
633 1411 743 1489 soleis,
771 1409 822 1471 vel
847 1409 1095 1472 extraordinario
1193 1407 1283 1486 §lt
1310 1409 1342 1472 Si
1362 1407 1537 1470 conductor
1554 1407 1697 1490 privetur
1718 1424 1753 1468 re
1778 1401 1945 1478 conducta,
1966 1415 1989 1464 ιι

300 1497 530 1561 medicamento
554 1505 692 1575 curetur,
713 1499 738 1560 si
757 1500 798 1560 sit
820 1499 973 1560 infirmus.
1003 1497 1098 1560 Ratio
1155 1499 1229 1578 quia
1244 1517 1306 1560 non
1321 1502 1425 1578 potest
1437 1497 1560 1560 solvere
1574 1495 1753 1578 pensiones,
1770 1490 1890 1555 remitti
1900 1489 1945 1550 de·

302 1589 367 1663 est,
390 1586 464 1668 quia
481 1588 601 1649 locator
623 1591 749 1650 tenetur
766 1605 835 1648 rem
858 1587 961 1648 facere
986 1590 1097 1666 aptam
1155 1585 1258 1647 botei
1288 1585 1398 1664 pensio
1421 1583 1580 1664 sequentis
1602 1582 1772 1663 temporis3
1801 1579 1830 1642 si
1851 1579 1948 1639 autem

303 1672 372 1734 usui
386 1674 601 1754 conductoris,
627 1679 680 1737 aut
699 1674 745 1756 (si
766 1674 972 1753 aptitudinem
990 1673 1100 1734 amise-
1155 1670 1226 1732 ideo
1250 1672 1399 1752 privetur,
1416 1673 1492 1753 quia
1508 1673 1590 1734 mele
1605 1675 1752 1733 versatur
1775 1667 1812 1728 iu
1835 1684 1869 1727 ra
1884 1681 1947 1760 coh·

302 1760 358 1840 rit)
389 1761 534 1823 eamdem
558 1763 712 1839 reddere,
735 1780 810 1823 nem
833 1761 874 1824 ad
897 1762 958 1822 hoc
980 1761 1102 1841 accepit
1157 1757 1270 1835 ducta,
1292 1762 1417 1820 tenetur
1443 1759 1564 1820 solvere
1588 1758 1774 1838 pensionem
1804 1757 1947 1831 tempora

302 1849 438 1928 pretium
454 1854 488 1911 ιι
500 1851 528 1912 ιι
543 1869 633 1912 usum
649 1856 796 1931 procuret
812 1870 820 1925 ;
838 1849 970 1911 modicae
992 1853 1100 1911 tamen
1156 1848 1315 1927 sequentis
1329 1866 1428 1928 usque
1444 1847 1485 1909 ad
1494 1847 1663 1911 terminum
1673 1841 1855 1918 locationis,
1866 1843 1943 1902 Lesa.

303 1940 336 1998 et
348 1937 513 2001 ordinariae
533 1957 677 2019 expensa
701 1939 888 2000 necessariae
908 1938 948 2000 ad
969 1938 1051 2014 hoc,
1067 1941 1102 2000 ut
1155 1955 1185 1997 ιι.
1202 1939 1260 2010 38;
1279 1937 1369 2015 Spar.
1386 1955 1418 1999 ιι.
1435 1939 1484 2000 30.
1502 1935 1591 2009 Quod
1607 1939 1712 1998 tamen
1725 1931 1848 1993 limitat
1866 1930 1944 2006 tuga

303 2042 354 2085 res
380 2025 537 2088 conducta
561 2030 777 2105 conservetur,
802 2044 832 2088 v.
854 2045 886 2105 g.
908 2044 928 2087 a
950 2026 1101 2087 militibus

303 2112 355 2172 vel
381 2113 421 2173 ab
448 2113 593 2176 inccndio
620 2118 766 2194 spectent
789 2114 830 2175 ed
855 2114 1100 2192 conductorem,

304 2198 416 2263 Tamb.
433 2200 522 2278 Spar.
539 2220 570 2264 ιι.
587 2205 636 2276 37;
653 2202 696 2263 ad
710 2219 844 2282 magnas
867 2207 974 2264 autem
996 2204 1027 2262 ct
1049 2220 1103 2261 ex-

303 2284 527 2348 traordinarias
549 2306 611 2349 non
634 2293 779 2350 censetur
794 2307 827 2349 sc
849 2288 1006 2369 obligasse
1026 2305 1101 2350 con·

304 2371 426 2451 ductor,
443 2372 524 2435 unde
539 2375 566 2435 si
580 2375 636 2436 has
651 2376 785 2454 omittet,
799 2394 850 2437 res
861 2376 988 2438 dominc
1005 2375 1097 2455 perit.

304 2460 434 2536 Quodsi
452 2460 540 2523 initio
558 2462 777 2526 conductionis
797 2463 870 2526 fecit
888 2464 1041 2525 notabiles
1053 2483 1105 2524 cx-

303 2567 417 2630 penses
431 2549 463 2610 in
477 2549 724 2630 melioramento,
741 2569 872 2632 sperans
886 2571 931 2630 sc,
944 2572 975 2614 v.
988 2571 1020 2632 g.
1037 2551 1105 2612 sal-

303 2643 368 2700 tem
390 2640 493 2716 posti
507 2655 609 2700 annas
623 2641 826 2718 recepturum
842 2655 953 2700 eorum
967 2638 1105 2700 fructum

305 2726 338 2788 et
348 2723 462 2786 locatio
475 2743 550 2786 casu
565 2725 654 2788 citius
668 2727 805 2804 llnialur,
822 2743 949 2808 equum
965 2729 1012 2787 est
1026 2743 1103 2786 con-

306 2810 429 2874 ductori
452 2813 651 2892 compensari
670 2814 728 2876 has
756 2833 921 2894 expensas,
944 2813 988 2876 uti
1017 2817 1104 2875 recle

308 2903 395 2980 hugo
414 2921 446 2963 ιι.
469 2905 529 2978 70;
545 2902 572 2964 si
593 2909 699 2964 autem
718 2922 863 2984 expense
881 2903 997 2965 fuerint
1018 2919 1104 2963 merc

307 2989 494 3052 voluntariae
516 2991 567 3052 vel
585 2990 803 3069 adornatum,
825 2991 883 3052 has
905 2989 987 3052 ferre
1011 2991 1106 3052 debet

308 3077 497 3156 conductor,
524 3077 583 3139 nisi
605 3079 725 3142 locator
746 3078 779 3140 in
804 3097 857 3140 eas
877 3078 989 3141 saltem
1011 3078 1104 3140 tacite

308 3164 514 3241 consenserit;
530 3166 555 3226 si
570 3169 675 3228 tamen
686 3170 790 3230 essent
803 3166 938 3229 multum
953 3167 1044 3229 utiles
1058 3167 1105 3228 lo·

309 3253 424 3331 catari,
440 3257 471 3315 et
483 3253 652 3317 redderent
669 3273 737 3317 rem
757 3253 939 3318 notabiliter
957 3255 1106 3317 melicra-

1155 2043 1186 2086 a.
1204 2027 1253 2102 15,
1271 2024 1328 2084 nisi
1344 2024 1474 2087 locatori
1489 2024 1594 2087 adhuc
1608 2021 1704 2084 fuerit
1722 2021 1865 2082 liberum
1882 2013 1947 2077 reti·

1158 2130 1232 2173 ncre
1256 2112 1490 2190 conductorem,
1509 2111 1584 2193 quia
1606 2115 1675 2172 turn
1695 2107 1827 2170 videtur
1850 2107 1948 2186 sponte

1157 2199 1305 2260 recedere
1329 2219 1348 2262 a
1369 2205 1549 2274 contractu3
1573 2197 1733 2261 tenebitur
1758 2199 1868 2258 tamen
1888 2209 1949 2254 con

1158 2289 1270 2350 ductor
1290 2307 1495 2369 compensare
1516 2288 1634 2349 damna
1655 2284 1732 2347 vitio
1758 2285 1948 2358 subsecuta,

1158 2377 1240 2438 inter
1254 2395 1324 2457 quae
1340 2378 1400 2440 erit
1417 2379 1541 2439 lucrum
1555 2373 1732 2456 pensionis,
1760 2369 1822 2434 nisi
1837 2389 1886 2432 res
1898 2376 1949 2432 sla·

1158 2464 1214 2530 tim
1230 2483 1318 2546 aque
1333 2467 1452 2528 utiliter
1464 2465 1561 2528 locari
1576 2461 1677 2545 possit
1690 2460 1800 2524 elteri.

1198 2555 1217 2633 5
1232 2557 1279 2617 18.
1296 2555 1377 2627 Ouid
1392 2554 1561 2616 dicendum
1576 2552 1664 2614 sitin
1678 2550 1949 2626 cubiosnrespe
1968 2543 1989 2610 ιι

1159 2641 1247 2707 rierit
1269 2660 1359 2720 casu,
1376 2661 1417 2705 en
1441 2661 1479 2705 ex
1498 2643 1591 2721 culpa
1613 2639 1841 2715 conductoris,
1861 2631 1949 2696 videri

1159 2734 1291 2810 possunt
1313 2729 1397 2791 dicta
1410 2749 1441 2791 n.
1459 2732 1516 2804 ¹83
1540 2738 1567 2790 el
1591 2730 1661 2790 573.
1677 2727 1713 2788 ln
1729 2723 1831 2787 dubio
1853 2726 1950 2784 autem

1160 2837 1200 2881 an
1215 2818 1388 2880 conductor
1401 2818 1584 2900 pensionem
1595 2814 1736 2892 solverit,
1757 2813 1864 2875 adhuc
1877 2816 1949 2874 tene

1159 2911 1211 2970 tur
1229 2907 1402 2969 secundum
1427 2907 1512 2969 dicte
1533 2927 1564 2969 a.
1580 2909 1651 2982 ιιι,
1671 2904 1748 2985 qnia
1773 2903 1892 2964 locator
1911 2901 1950 2960 ιιι

1159 2995 1192 3056 ιι
1205 2995 1402 3075 possessione
1416 2995 1527 3058 crediti
1542 2997 1653 3056 contra
1670 2993 1795 3072 ipsum;
1824 2995 1949 3052 attamen

1159 3083 1197 3146 L.
1223 3083 1416 3166 Quicumque,
1443 3082 1516 3146 coa.
1542 3081 1578 3144 de
1596 3079 1725 3162 Apocln's
1742 3077 1888 3160 publicas,
1907 3093 1948 3136 ex·

1159 3191 1265 3253 presse
1280 3173 1440 3251 statuitur,
1464 3177 1499 3234 ut
1514 3171 1540 3233 si
1556 3171 1627 3251 quis
1642 3167 1796 3232 ostendet
1817 3185 1850 3227 se
1863 3163 1949 3228 tribus

1160 3259 1250 3322 annis
1264 3259 1414 3339 proximis
1428 3259 1570 3334 solvisse,
1588 3257 1621 3317 in
1636 3256 1735 3317 dubio
1752 3254 1949 3334 praesumetur

309 3347 385 3419 tarn,
407 3348 441 3402 ut
457 3341 482 3402 si
501 3359 559 3422 pro
574 3343 763 3405 ambulacris
777 3343 952 3422 plantasset
977 3342 1106 3404 arbores

310 3430 504 3509 fructiferas,
525 3437 557 3492 et
570 3449 714 3511 expense
733 3433 793 3494 illae
807 3432 898 3495 fectae
920 3432 982 3494 sint
996 3432 1036 3493 de
1050 3449 1107 3493 va·

309 3519 429 3581 lunlate
447 3518 558 3580 saltem
576 3519 672 3582 tacita
686 3521 835 3582 locatoris
850 3538 909 3581 neo
928 3519 1021 3580 nimis
1036 3537 1107 3598 gra·

310 3623 385 3683 nee,
411 3603 525 3668 docent
537 3607 610 3667 Mol.
633 3610 665 3669 ιι
685 3610 773 3686 Lugo
796 3626 826 3668 ιι.
843 3608 893 3685 dl,
909 3611 1051 3686 spectare
1066 3604 1107 3666 ad

310 3693 498 3772 locatorem,
514 3696 546 3755 et
563 3692 626 3755 hoc
642 3699 689 3754 est
702 3693 864 3755 conforme
879 3693 969 3754 dictis
986 3712 1018 3755 a.
1034 3695 1104 3763 226,

232 3813 287 3864 tote
352 3781 432 3861 §le
445 3779 478 3843 Si
492 3781 612 3842 locator
621 3781 738 3860 obliget
748 3781 975 3843 conductorem
984 3779 1025 3842 ed
1040 3799 1108 3841 me·

312 3867 490 3933 liorandam
502 3886 569 3930 rem
584 3868 783 3947 conductam,
801 3887 902 3950 neque
918 3869 987 3930 ideo
1003 3872 1108 3930 osten-

314 3959 369 4020 dat
389 3973 422 4018 se
442 3957 607 4038 detrahere
627 3958 667 4019 de
681 3958 850 4036 pensione,
871 3962 961 4038 putat
980 3957 1053 4020 Mol.
1074 3958 1107 4019 id

314 4046 382 4108 lleri
406 4043 521 4106 debere
539 4045 715 4125 sumptibus
729 4046 893 4124 locatoris,
911 4046 986 4127 quia
999 4047 1109 4108 melio-

314 4132 395 4195 ratio
409 4131 493 4194 cedit
505 4133 538 4194 in
555 4137 741 4214 perpetuam
755 4134 903 4196 locatoris
918 4133 1106 4212 utilitatem,
1210 4157 1224 4194 a
1238 4138 1331 4214 Resp.
1347 4136 1371 4198 1.
1383 4132 1610 4214 Emphytensis
1625 4135 1675 4194 ιιι
1688 4122 1947 4195 contractussimi·
1964 4125 1989 4188 ιι

316 4219 370 4300 qui
385 4221 490 4282 autem
508 4219 602 4282 sentit
615 4220 836 4299 commodum,
852 4237 911 4300 par
925 4227 972 4284 ιιι
987 4225 1021 4283 ιι
1038 4239 1110 4282 sen·
1162 4225 1201 4287 lis
1215 4223 1380 4301 locationi,
1396 4221 1429 4283 in
1447 4239 1510 4303 quo
1530 4241 1581 4283 ιιι
1604 4219 1793 4300 immobilis,
1815 4235 1881 4300 qna
1893 4211 1946 4276 col·

316 4307 374 4371 tiet
387 4325 476 4370 onus.
493 4309 517 4370 u
532 4311 641 4370 contre
655 4313 743 4388 Lnga
754 4329 784 4372 ιι.
797 4312 846 4387 69,
859 4309 973 4390 aliique
989 4310 1107 4387 dicunt,
1163 4317 1235 4377 lura
1249 4311 1347 4392 possit
1361 4309 1441 4372 ellici
1457 4311 1579 4389 melior,
1593 4307 1781 4373 conceditur
1796 4304 1892 4381 alleri,
1905 4297 1945 4362 sel

317 4395 377 4458 hoc
399 4394 467 4476 ipso
491 4395 576 4476 quod
598 4398 772 4459 conductor
794 4397 983 4478 obligaverit
1006 4416 1039 4458 se
1069 4396 1110 4458 ad
1163 4403 1417 4482 inperpetuum,
1435 4400 1486 4461 vel
1505 4398 1712 4461 nanbreviue
1735 4398 1848 4460 saltem
1867 4405 1944 4474 quam

317 4483 585 4562 meliorationem,
603 4485 697 4547 ctiam
712 4485 886 4565 suscepisse
902 4505 980 4548 onus
995 4504 1111 4566 expen·
1165 4488 1206 4551 ad
1221 4487 1425 4560 decennium;
1437 4487 1526 4549 itaut
1536 4486 1712 4548 dominium
1727 4485 1797 4567 ejus
1812 4483 1945 4544 directum

317 4589 441 4648 sarum,
457 4569 483 4632 si
498 4571 574 4634 nihil
588 4573 730 4636 additum
743 4573 783 4635 sit
796 4574 847 4636 vel
862 4578 1045 4654 exceptum,
1071 4573 1110 4634 si·
1166 4581 1198 4637 et
1219 4573 1375 4654 possessio
1401 4573 1502 4636 civilis
1531 4580 1662 4636 maneat
1687 4573 1775 4653 apud
1803 4567 1944 4632 dominum
1987 4623 1989 4638 ,

318 4658 381 4722 cuti
404 4658 457 4739 qui
482 4658 600 4739 obligat
619 4680 652 4722 se
671 4661 711 4722 ad
726 4661 909 4740 pensionem
924 4662 1110 4724 solvendam
1166 4663 1219 4745 qui
1240 4663 1296 4724 dat
1317 4661 1350 4722 in
1374 4661 1630 4742 emphyteusim3
1658 4661 1835 4724 dominium
1856 4657 1943 4718 auen

318 4746 656 4830 Francolurti,cbligat
668 4769 702 4812 se
716 4751 757 4813 ad
776 4757 918 4831 sumptus
929 4752 969 4814 ed
983 4751 1044 4813 hcc
1059 4770 1112 4812 ne·
1166 4751 1242 4813 utile
1257 4749 1465 4812 transferatur
1484 4750 1517 4812 in
1533 4750 1793 4831 emphyteutam,
1814 4763 1880 4810 curn
1896 4741 1943 4802 ιιι

320 4835 483 4899 cessarios.
1167 4857 1278 4917 onere,
1295 4842 1330 4901 ut
1350 4839 1519 4921 quotannis
1539 4843 1661 4901 certum
1675 4855 1847 4914 canonem,
1862 4835 1943 4927 ιιιιΙ
1987 4911 1989 4916 ¹

185 4959 193 4966 -
238 4961 293 5012 ,οὒ
358 4923 441 5004 §re
458 4925 563 4987 Potest
576 4924 643 4986 lteri
657 4928 796 5004 pactum,
813 4925 868 4988 sed
884 4943 957 4988 cum
972 4927 1112 4988 diminu·
1167 4931 1255 5007 cent,
1272 4946 1325 4990 sen
1348 4927 1533 5008 pensionem
1547 4927 1676 4991 domino
1692 4927 1941 5004 salvamquama
1987 4951 1989 4992 ς

318 5009 404 5075 tione
418 5011 587 5091 pensionis,
599 5015 634 5074 ut
647 5013 818 5076 conductor
833 5033 924 5076 omne
938 5014 1113 5094 pericnlum
1168 5021 1270 5080 totam
1285 5017 1407 5080 solvere
1420 5017 1562 5096 negligat
1573 5015 1684 5096 viginti
1709 5035 1764 5078 sex
1788 5011 1943 5104 anniscoh·
1985 5001 1989 5044 ¹

320 5103 352 5165 in
376 5119 409 5162 sc
434 5107 538 5162 sumat
552 5104 584 5164 ιι
597 5105 757 5165 ιιιιιιιιι
769 5103 940 5166 locatorem
960 5104 1000 5165 de
1015 5103 1113 5165 omni·
1167 5104 1263 5171 tinnis
1283 5105 1315 5164 in
1330 5103 1529 5184 emphyteusi
1549 5103 1771 5166 Ecclesiastico
1785 5091 1941 5182 (conscill-

320 5191 380 5254 bus
403 5189 541 5268 damnis,
561 5193 596 5253 ut
609 5196 717 5253 tenent
731 5195 808 5254 Nav.
833 5195 888 5253 Aa.
911 5192 998 5272 Lnga
1014 5213 1044 5254 n.
1061 5193 1111 5270 73,
1168 5194 1218 5252 oet
1232 5209 1283 5253 res
1298 5194 1346 5253 est
1359 5191 1506 5254 Ecclesia
1521 5191 1572 5252 vel
1590 5191 1634 5275 pii
1647 5191 1734 5271 loci),
1750 5192 1801 5254 vel
1820 5189 1851 5250 in
1863 5197 1940 5247 sect·
1987 5185 1989 5276 ξ

321 5283 432 5344 contre
455 5279 521 5341 Sot.
548 5282 668 5341 cltum
694 5278 851 5343 tenebitur
873 5281 1047 5342 conductor
1073 5280 1113 5342 de
1167 5279 1226 5341 lari
1239 5281 1277 5341 36
1288 5279 1390 5357 ιιιιι,
1404 5279 1514 5341 incidit
1528 5279 1595 5360 ipsc
1611 5279 1687 5344 Jure
1702 5279 1735 5341 ιι
1745 5284 1940 5368 poenamcon:
1988 5285 1989 5290 ¹

322 5367 407 5430 omni
431 5366 525 5429 etiem
549 5366 676 5430 fortuito
698 5386 802 5445 casu,
818 5367 953 5430 maxime
973 5367 998 5428 si
1019 5367 1115 5429 faciat
1168 5366 1265 5446 missi,
1290 5372 1325 5431 ut
1348 5368 1494 5431 dominns
1514 5386 1587 5431 eum
1602 5368 1760 5449 expellere
1774 5363 1873 5448 possit,
1894 5363 1938 5419 ctu

323 5459 432 5518 contra
450 5457 499 5517 vel
512 5461 626 5535 praeter
648 5457 842 5519 conditiones
869 5457 968 5536 pacti,
992 5475 1023 5519 v.
1039 5475 1071 5536 g.
1088 5455 1114 5518 si
1170 5457 1208 5518 de
1233 5456 1388 5520 solutione
1409 5456 1626 5538 interpellatus
1654 5476 1718 5519 non
1743 5455 1833 5519 fuerit
1853 5470 1860 5527 ;
1881 5445 1938 5510 licet
1987 5439 1989 5520 l

322 5541 465 5607 additum
483 5547 550 5608 erat
559 5549 594 5607 ut
611 5543 730 5608 foenum
742 5563 803 5608 non
813 5545 982 5609 inferretur
991 5545 1113 5625 domui,
1170 5545 1255 5608 enirn
1267 5545 1351 5608 Βιιι.
1365 5549 1396 5609 ιι
1407 5545 1460 5610 elii
1472 5544 1698 5627 quidamapud
1712 5545 1800 5610 Dian.
1809 5535 1935 5625 phtia
1987 5523 1989 5620 l

1161 3348 1256 3410 ctiam
1271 3352 1365 3410 antea
1379 3365 1504 3427 semper
1518 3344 1659 3423 solvisse,
1672 3342 1733 3405 nisi
1748 3343 1836 3405 clare
1850 3338 1949 3420 pmbe·

1161 3439 1214 3498 tur
1228 3435 1418 3516 oppositum.

1408 3733 1603 3800 DUBIUM
1632 3734 1711 3796 Xll.
1987 3801 1989 3852 1

1181 3929 1227 3993 Dc
1240 3929 1403 3993 Contracta
1413 3926 1639 4011 Emplryteusis,
1656 3924 1756 3990 Fcrsdi
1769 3921 1925 3988 orbitelli.
