3992 6336
310 596 368 658 131
867 591 984 654 LIBER
1009 587 1190 667 TERTIUS,
1216 590 1318 653 PARS
1346 590 1384 653 lI.

306 781 399 845 sitam
419 777 544 856 delicto,
557 777 641 842 Med.
656 775 775 839 Rebell.
790 775 907 840 Medin.
932 781 963 838 et
980 777 1032 838 alii
1052 775 1100 839 di·
1156 775 1232 838 dicit
1245 793 1313 838 esse
1328 777 1430 840 tutum
1445 775 1477 836 in
1496 773 1597 856 praxi.
1621 775 1653 840 Si
1677 793 1753 839 vero
1776 793 1815 838 ea
1832 775 1933 840 habeas

307 867 384 930 cunt
407 867 508 928 teneri
529 865 706 943 restituere,
732 865 806 946 quia
827 883 865 926 ex
888 865 990 927 officio
1012 869 1102 928 etex
1155 884 1192 926 ex
1215 865 1340 942 delicto,
1367 869 1402 926 ut
1425 865 1521 944 turio,
1545 883 1653 944 usura,
1677 868 1737 928 etc.
1767 867 1881 927 teneris
1904 883 1934 928 11

305 954 511 1036 promissione
532 959 658 1017 tenetur
679 972 852 1034 procurare
873 955 1049 1031 commoda,
1071 958 1102 1014 et
1156 954 1320 1016 restituere
1335 953 1536 1033 pauperibus,
1555 952 1603 1014 vel
1613 952 1773 1031 Ecclesiae,
1790 952 1931 1032 hospitali,

307 1062 421 1105 cavere
443 1043 561 1104 damna
584 1042 663 1105 11111
683 1043 779 1103 :item
797 1045 920 1104 tenetur
931 1059 1101 1122 procurare
1159 1049 1220 1105 etc.
1252 1042 1325 1123 qnia
1349 1041 1443 1104 debet
1465 1046 1540 1104 tunc
1562 1041 1629 1102 fieri
1652 1041 1808 1104 restitutio
1829 1042 1933 1104 meliori

306 1135 343 1194 ut
354 1131 472 1192 delicta
490 1130 682 1210 puniantur:
697 1147 773 1210 ergo
785 1130 845 1191 boc
858 1127 1044 1209 negligendo
1058 1130 1102 1190 la·
1155 1129 1262 1206 modo,
1279 1147 1341 1210 quo
1356 1131 1470 1208 potest,
1487 1132 1522 1190 ut
1536 1128 1657 1206 saltem,
1669 1146 1742 1190 cum
1757 1129 1877 1208 corpori
1890 1127 1934 1190 11

307 1220 350 1281 cit
360 1217 518 1301 injuriam,
529 1219 573 1281 uti
587 1218 638 1279 alii
651 1236 714 1279 non
726 1215 956 1280 manifestando
969 1217 1098 1297 aliquid,
1155 1217 1232 1279 mini
1247 1235 1310 1278 non
1324 1217 1433 1297 prosit,
1455 1217 1555 1296 prosit
1577 1217 1645 1298 ejus
1668 1217 1794 1295 anima,
1818 1219 1889 1280 dum
1908 1217 1934 1279 in

312 1307 397 1389 quod
414 1325 452 1369 111
469 1305 570 1369 officio
591 1307 641 1368 vel
662 1309 824 1369 contractu
844 1305 1045 1367 manifestare
1058 1307 1100 1366 te·
1157 1324 1314 1388 pauperes
1329 1306 1524 1385 expenditur.
1538 1305 1586 1368 lto
1599 1305 1791 1368 communiter
1800 1305 1933 1383 Doctores,

313 1401 441 1475 nentur,
465 1396 639 1458 secundm
660 1395 743 1457 dicta
763 1415 793 1457 1.
816 1397 866 1457 18.
886 1394 965 1456 Hinc
984 1396 1101 1456 Suarez
1159 1399 1194 1457 ut
1206 1397 1245 1458 V.
1262 1395 1346 1474 apud
1361 1397 1471 1474 Laym.
1487 1396 1549 1458 hic.

313 1485 427 1565 aliique
447 1485 536 1546 multi
560 1485 668 1546 dicunt
696 1485 806 1546 saltem
832 1483 976 1547 ludicem
999 1481 1100 1543 teneri
1195 1506 1210 1542 o
1235 1484 1749 1563 110111111111111111111111,
1774 1504 1803 1547 v.
1821 1503 1853 1565 g.
1874 1483 1934 1563 olei,

309 1573 473 1635 restituere
487 1573 648 1650 mulctam,
662 1571 688 1634 si
701 1572 782 1634 bano
794 1591 849 1635 reo
862 1591 924 1634 non
938 1569 1099 1650 imposuit,
1157 1571 1258 1650 panis,
1275 1571 1351 1650 riui,
1368 1578 1427 1650 eto,
1455 1574 1607 1636 damnum
1627 1573 1731 1635 intulit
1751 1573 1859 1635 multis
1874 1574 1936 1635 ciri·

312 1660 444 1723 autsine
457 1661 716 1723 causarelaxavit
736 1661 786 1722 vel
805 1660 972 1736 imminuit,
990 1661 1021 1720 et
1034 1658 1101 1718 11111
1155 1659 1226 1738 bus,
1251 1679 1325 1722 eum
1345 1661 1444 1724 teneri
1467 1663 1644 1740 restituere,
1665 1681 1728 1725 non
1743 1661 1934 1741 pauperibus,

306 1749 460 1812 sententia
470 1749 597 1813 videtur
617 1750 708 1812 valde
732 1749 924 1829 probabilis:
943 1747 1102 1809 nibilomi-
1155 1749 1212 1809 sed
1226 1749 1302 1829 ipsis
1317 1749 1437 1810 civibus
1453 1750 1594 1830 (minoris
1609 1751 1758 1830 deinceps
1770 1749 1936 1828 vendendo,

307 1856 366 1898 nus
401 1835 505 1917 quoad
543 1841 713 1918 utrumque
751 1838 969 1900 contradicunt
1002 1837 1097 1916 Vasq.
1158 1839 1213 1898 aut
1227 1837 1338 1918 majori
1353 1857 1511 1918 mensura,
1528 1837 1830 1902 111111111111111
1844 1857 1938 1919 1111-

306 1928 405 1988 Tann.
422 1927 506 1988 bess.
522 1927 614 1988 Dian.
630 1927 730 2005 Salas,
745 1929 832 2007 Lugo
850 1927 879 1988 d.
903 1929 953 2004 31,
969 1945 1000 1987 n.
1019 1927 1098 1998 111;
1154 1923 1299 2005 litatem),
1317 1926 1393 1987 dicit
1407 1927 1481 1989 Mol.
1499 1930 1540 1990 At
1554 1929 1648 2010 Vasq.
1665 1927 1826 2008 etssllscob.
1843 1927 1939 1990 111111

306 2011 369 2077 llls.
385 2021 407 2076 t.
426 2015 456 2092 l,
478 2012 508 2076 d.
532 2017 562 2092 1,
586 2034 616 2076 1.
633 2019 683 2088 17,
699 2013 837 2076 11111111
857 2013 976 2076 nullum
991 2030 1101 2074 eorum
1155 2027 1222 2072 esse
1237 2013 1410 2092 probabile,
1428 2015 1513 2095 quod
1527 2015 1626 2094 possit
1644 2015 1719 2077 dare
1743 2017 1937 2096 pauperibus,

306 2099 377 2164 ideo
399 2101 498 2163 teneri
520 2102 698 2180 restituere,
723 2109 790 2163 tum
812 2102 887 2184 quia
905 2119 1014 2163 eorum
1033 2101 1102 2162 1111-
1154 2101 1329 2179 praesertim
1344 2101 1477 2165 civitatis
1492 2104 1644 2186 ejusdem.

306 2188 391 2252 cium
402 2189 552 2270 primario
574 2193 621 2252 est
644 2190 684 2252 ad
708 2189 780 2268 hoc,
805 2195 840 2252 ut
858 2190 973 2252 delicta
996 2190 1101 2252 delata
1196 2209 1211 2247 1
1237 2188 1290 2249 111.
1316 2189 1446 2261 Quando
1469 2189 1554 2251 bona
1574 2195 1648 2254 sunt
1668 2197 1764 2272 certa,
1791 2192 1938 2256 ordinaris

307 2295 370 2339 non
383 2277 471 2354 fiant,
489 2277 718 2339 etsecundario
738 2281 862 2340 tantum
884 2277 1048 2339 ordinatur
1059 2276 1100 2338 ad
1154 2272 1276 2337 restitui
1292 2275 1409 2338 debent
1421 2277 1594 2356 possessori
1605 2278 1740 2359 justas
1761 2298 1825 2361 quo
1841 2299 1939 2361 accep

307 2363 553 2427 emolumentum
563 2365 662 2440 Fisci3
680 2367 746 2428 tum
757 2367 852 2428 etiarn
865 2365 1099 2448 quiaejusmodi
1154 2367 1220 2426 tata
1234 2369 1317 2441 sunt,
1334 2365 1384 2426 vel
1400 2365 1450 2425 cui
1464 2363 1614 2427 damnum
1630 2367 1760 2447 illatum,
1774 2369 1832 2433 elsi
1846 2371 1873 2431 is
1885 2387 1940 2432 non

306 2451 424 2516 mulcta
436 2452 567 2515 debetur
579 2455 701 2518 tantum
715 2455 885 2536 exjustitia
896 2455 1098 2532 vindicativa,
1153 2451 1195 2514 sit
1216 2451 1415 2514 immediatus
1437 2453 1594 2516 dominus.
1618 2456 1708 2518 Unde
1733 2457 1819 2537 quod
1839 2475 1941 2540 accep·

305 2559 370 2603 non
384 2545 489 2604 antem
503 2542 737 2622 commutativa,
754 2543 952 2625 cujussolius
972 2543 1099 2605 violatio
1154 2544 1222 2602 tum
1246 2543 1335 2602 esta
1359 2540 1560 2621 depositorio,
1585 2545 1847 2624 commodatario,
1876 2563 1942 2608 con·

306 2632 416 2691 causat
435 2629 658 2709 obligationem
680 2631 879 2709 restituendi,
901 2636 936 2694 ut
960 2631 1101 2694 insinua·
1154 2629 1296 2706 ductore,
1313 2628 1454 2704 custode,
1478 2628 1743 2711 administratore,
1769 2633 1867 2696 debet
1887 2651 1941 2695 non

307 2720 377 2779 tum
391 2719 438 2778 est
452 2737 482 2797 p.
504 2721 533 2795 1,
548 2739 578 2780 n.
596 2721 684 2782 lota.
699 2718 749 2782 Ad
767 2719 841 2800 quid
853 2724 1020 2784 teneantur
1033 2739 1101 2782 cus·
1155 2714 1294 2793 domino,
1318 2716 1373 2777 sed
1392 2716 1467 2795 ipsis
1490 2717 1623 2796 restitui,
1647 2720 1722 2800 quia
1740 2722 1860 2804 alioqui
1875 2721 1942 2802 ipsis

306 2804 396 2867 tedes
418 2822 583 2868 nemorum
606 2807 720 2888 aliique
742 2807 878 2886 similes,
899 2807 952 2889 qui
972 2827 1034 2870 non
1049 2825 1102 2871 ao·
1155 2805 1245 2866 tieret
1268 2803 1392 2884 injuria,
1417 2805 1442 2865 si
1461 2804 1532 2886 jure
1555 2807 1773 2888 possessionis,
1798 2810 1943 2873 detentio·

312 2896 424 2956 cusant
447 2894 603 2957 caedentes
631 2896 740 2976 ligna,
773 2900 827 2958 aut
849 2900 999 2959 venantes
1027 2915 1103 2960 eon·
1157 2891 1216 2969 nis,
1243 2893 1403 2970 custodia,
1426 2898 1481 2956 aut
1502 2894 1644 2957 utilitatis
1668 2898 1890 2977 spoliarentur,
1917 2901 1943 2960 11

311 2985 363 3045 111
388 2981 655 3063 prohibitionem,
688 2985 807 3048 dictum
840 2989 887 3048 est
913 3005 944 3049 n.
971 2989 1021 3048 18.
1053 2985 1103 3048 111
1158 2979 1309 3040 damnum
1331 2985 1425 3061 atque
1448 2982 1571 3044 lucrum
1599 2999 1724 3046 cessans
1753 2984 1941 3069 compensari

313 3069 391 3150 quid
419 3075 526 3135 autem
554 3076 699 3135 teneatur
729 3073 888 3137 homicida
913 3075 1018 3152 illius,
1049 3073 1102 3155 qui
1158 3065 1297 3130 deberet·

312 3157 381 3222 aliis
395 3159 481 3224 hona
498 3161 702 3242 prestitisset,
720 3163 841 3228 dicetur
861 3168 970 3245 postea
987 3183 1016 3226 a.
1031 3166 1099 3227 310.
1198 3175 1212 3212 l
1237 3155 1290 3217 IV·
1307 3155 1467 3235 Exciliius
1480 3159 1586 3218 tamen
1600 3158 1652 3220 hic
1664 3178 1671 3220 ἓ
1685 3165 1714 3222 1·
1732 3161 1763 3224 Si
1780 3177 1890 3225 ⁰01'11m
1903 3159 1944 3222 1¹5·

1158 3240 1202 3302 hil
1215 3242 1389 3320 interesset,
1406 3246 1441 3305 ut
1454 3243 1520 3306 sine
1534 3245 1660 3308 illorum
1670 3248 1798 3328 damno,
1808 3249 1943 3327 infamia,

1157 3327 1285 3390 domino
1314 3331 1506 3393 restituatur.
1535 3337 1565 3394 1.
1596 3332 1628 3394 Si
1657 3335 1866 3412 probabiliter
1892 3337 1945 3418 ipsi

954 3481 959 3490 .
1157 3421 1343 3493 putarentur
1370 3436 1438 3479 rem
1467 3419 1687 3500 absumpturi,
1717 3424 1769 3485 vel
1796 3424 1944 3502 ablaturi,

578 3507 776 3573 DUBIUM
804 3509 842 3572 V.
1158 3503 1361 3584 euminjuria
1382 3505 1524 3568 domini:
1550 3526 1612 3587 quo
1633 3509 1728 3572 modo
1747 3510 1947 3575 1111111111-

1158 3593 1222 3669 siae,
1247 3611 1309 3656 non
1333 3593 1465 3656 Praelato
1490 3594 1680 3676 dissipatori,
1705 3599 1762 3660 sed
1777 3601 1947 3680 1111111111-

1158 3682 1257 3762 pitulo
1280 3683 1473 3744 restituenda
1495 3689 1579 3746 sunt.
1601 3687 1679 3748 11111
1694 3695 1826 3768 accepta
1841 3709 1861 3752 a
1874 3691 1947 3752 tilio-

1158 3771 1302 3848 familias,
1319 3771 1448 3852 pupillo,
1464 3773 1593 3852 furioso,
1611 3793 1722 3854 uxore,
1739 3779 1910 3859 Religioso,
1924 3777 1947 3841 si

1158 3857 1220 3919 sint
1234 3877 1272 3919 ex
1285 3858 1323 3919 iis
1343 3859 1445 3937 bonis,
1471 3879 1605 3940 quorum
1627 3863 1860 3929 administratio
1879 3867 1948 3948 ipsis

256 3971 284 4018 μ
349 3947 706 4026 ellespdttendendum
715 3948 757 4012 ad
771 3952 917 4012 naturam
924 3947 1104 4029 justitias,et
1159 3965 1221 4008 non
1250 3947 1418 4027 competit,
1444 3949 1629 4029 plerumque
1657 3951 1856 4018 restituenda
1883 3957 1949 4018 sunt

310 4030 381 4112 quis
404 4031 554 4097 damnum
575 4037 713 4115 patiatur
733 4037 849 4117 quidve
870 4038 950 4099 ratio
970 4037 1104 4115 alleges
1158 4035 1250 4115 patri,
1274 4035 1379 4112 tutori,
1405 4036 1530 4114 marito,
1556 4039 1699 4102 Praelato.
1730 4041 1783 4104 Sic
1807 4045 1905 4108 etiam
1926 4043 1949 4106 si

309 4119 413 4182 lerant
432 4123 650 4185 communiter.
672 4124 709 4187 V.
730 4125 815 4186 Less.
839 4129 871 4184 et
888 4125 997 4203 Laym.
1028 4122 1050 4184 1.
1071 4124 1102 4200 3,
1158 4124 1243 4186 bona
1257 4123 1389 4203 alicujus
1399 4123 1568 4204 publicata,
1585 4132 1617 4187 et
1629 4128 1705 4190 llsco
1720 4129 1852 4194 addicta
1865 4137 1947 4206 suna

313 4214 335 4269 t.
352 4209 424 4284 1,1.
441 4212 469 4274 9.
490 4208 574 4272 Unde
587 4209 708 4272 resolves
722 4229 731 4269 .·
1158 4217 1233 4273 tunc
1250 4212 1337 4274 enim
1358 4211 1546 4292 depositum,
1570 4217 1602 4277 et
1619 4216 1735 4280 similia
1756 4220 1867 4283 debita
1880 4222 1949 4283 fisco

349 4318 364 4354 11
385 4297 409 4358 1.
436 4297 567 4370 Quando
581 4297 666 4362 bona
686 4297 892 4377 restituenda,
908 4297 974 4360 sive
998 4295 1105 4360 debita
1159 4299 1276 4362 debent
1290 4301 1389 4362 reddi.

310 4401 515 4467 quaecumque
539 4389 612 4448 sunt
634 4389 765 4464 incerta,
790 4387 851 4449 hoo
877 4390 937 4464 est,
954 4404 1037 4464 cum,
1054 4385 1105 4448 cui
1199 4409 1213 4446 1
1233 4391 1270 4452 V.
1288 4391 1366 4452 Cum
1390 4391 1460 4472 quis
1481 4393 1625 4473 ignorato
1649 4391 1790 4474 domino,
1818 4397 1871 4459 cui
1894 4413 1951 4460 res·

313 4472 498 4550 debeantur,
514 4473 652 4554 ignoras,
669 4479 724 4538 aut
746 4475 834 4536 adire
856 4493 918 4536 non
933 4480 1034 4555 potes,
1052 4478 1106 4537 aut
1159 4477 1335 4538 tituendum
1364 4486 1456 4558 erat,
1485 4501 1548 4543 non
1576 4483 1740 4563 praemissa
1773 4484 1884 4565 aliqua
1908 4485 1952 4547 di·

311 4559 354 4622 illi
370 4560 545 4639 restituere,
563 4557 636 4626 tunc'
651 4565 676 4626 si
701 4582 740 4626 ea
763 4564 881 4627 habeas
895 4563 962 4625 sinc
978 4564 1103 4640 delicto,
1159 4563 1312 4644 ligantia,
1343 4569 1534 4647 pauperibus
1563 4571 1745 4648 distribuit,
1775 4591 1841 4636 non
1870 4575 1952 4639 satia·

312 4652 347 4711 ut
359 4650 386 4710 si
398 4649 555 4728 invenisti,
572 4652 621 4713 vel
636 4671 656 4714 a
670 4655 856 4729 mercatore,
873 4671 903 4714 v.
923 4671 955 4730 g.
981 4670 1039 4730 per
1059 4668 1107 4712 er·
1160 4653 1234 4716 lecit
1248 4655 1374 4717 domino
1389 4662 1498 4737 postea
1519 4659 1713 4739 comparenti
1731 4679 1738 4722 :
1755 4677 1850 4726 secus
1866 4665 1892 4725 si
1913 4663 1952 4725 11·

313 4752 418 4796 rorem
431 4738 579 4818 accepisti
593 4739 672 4800 duas
688 4739 777 4800 ulnas
792 4740 887 4818 panni
903 4757 961 4820 pro
975 4757 1051 4816 una,
1075 4743 1108 4799 et
1160 4741 1290 4822 ligantia
1303 4743 1343 4803 sit
1357 4746 1530 4824 praemissa,
1547 4753 1582 4809 ut
1596 4749 1634 4810 V.
1650 4751 1736 4810 Less.
1753 4767 1786 4810 n.
1803 4753 1856 4816 13.

311 4822 419 4902 jamia
433 4823 586 4902 discessit,
604 4845 661 4888 nec
675 4827 736 4889 sois
756 4845 818 4907 quo
840 4827 964 4905 abierit,
989 4826 1106 4889 teneris
1200 4851 1214 4887 1
1234 4829 1285 4892 Vl.
1302 4832 1381 4893 Cum
1397 4832 1543 4896 dominus
1563 4835 1691 4915 quidem
1715 4835 1826 4916 scitur,
1853 4835 1953 4902 sedai

312 4907 463 4971 adbibere
495 4911 634 4992 aliquam
672 4913 867 4993 diligentiam
895 4913 1104 4994 inquirendi;
1159 4917 1240 4978 mitti
1266 4934 1328 4978 uon
1352 4926 1455 4998 potest
1475 4922 1542 4983 sine
1567 4928 1718 5003 sumptu,
1749 4929 1827 4988 tunc
1855 4929 1881 4989 si
1908 4945 1954 4989 res

312 5001 489 5076 postquam,
506 4999 530 5060 si
556 5017 628 5079 spes
652 5001 774 5064 nonsit
797 5002 914 5063 sciendi
930 5003 1103 5082 dominnm,
1159 5004 1240 5064 male
1265 5011 1396 5084 accepta
1419 5011 1477 5087 est,
1501 5013 1626 5072 tenetur
1648 5013 1819 5076 restituens
1837 5017 1954 5096 aliquas

311 5083 475 5162 probabile
503 5091 574 5163 est,
600 5087 685 5166 quod
713 5107 775 5150 non
804 5091 941 5150 tenearis
963 5108 1000 5151 aa
1029 5089 1104 5151 dare
1160 5105 1313 5170 expensas
1328 5111 1364 5154 ex
1379 5113 1412 5156 se
1432 5097 1547 5178 facere,
1564 5100 1589 5160 si
1611 5103 1718 5162 autem
1732 5101 1817 5164 bene
1831 5103 1952 5184 accipit,

313 5170 504 5250 pauperibus
533 5175 617 5254 (licet
643 5175 688 5236 ita
715 5176 857 5258 plerique
886 5195 958 5239 cnm
984 5182 1021 5242 D.
1044 5178 1102 5241 Th.
1160 5180 1283 5241 nonnisi
1299 5183 1442 5261 expensis
1457 5186 1586 5249 domini.
1604 5187 1736 5260 Quando
1760 5191 1850 5254 nullo
1865 5189 1953 5253 modo

442 3734 517 3804 Coi,
539 3734 590 3800 vet
610 3735 715 3819 quibus
735 3735 972 3800 restituendum?

312 5257 461 5337 sentiant,
478 5265 511 5322 et
524 5259 564 5324 sit
577 5263 678 5342 magis
702 5265 789 5343 pium
813 5282 850 5327 ac
873 5266 1009 5347 practico
1033 5285 1106 5328 sua·
1158 5271 1262 5346 potest
1276 5269 1367 5347 mitti,
1393 5274 1623 5353 expectandum
1646 5279 1694 5337 est
1714 5277 1756 5338 ad
1772 5281 1911 5359 tempus,
1926 5281 1955 5338 at

316 5342 478 5426 dandum),
496 5347 552 5409 sed
565 5349 666 5429 possis
681 5350 737 5412 tibi
757 5352 903 5430 retinere,
917 5354 1053 5417 utdocet
1067 5359 1102 5419 P.
1160 5356 1185 5416 si
1201 5357 1304 5419 adhuc
1319 5377 1381 5421 non
1396 5361 1436 5423 sit
1458 5378 1541 5442 spes,
1558 5368 1723 5442 reputatur
1746 5365 1893 5431 debitum
1910 5367 1955 5428 in·

313 5431 392 5494 Nar.
409 5451 503 5513 quem
518 5435 660 5516 sequitur
672 5440 783 5518 Laym.
800 5438 862 5520 hic,
880 5445 912 5503 et
925 5443 1010 5504 Less.
1028 5443 1049 5506 l.
1075 5448 1104 5523 1,
1161 5449 1292 5525 certum,
1311 5449 1377 5510 Tol.
1396 5448 1416 5510 1.
1433 5452 1463 5526 5,
1480 5469 1507 5514 1.
1523 5451 1572 5513 33.

313 5536 339 5581 1.
356 5521 405 5600 11,
429 5539 460 5586 a.
485 5525 536 5602 18,
561 5523 761 5606 1111111111.
780 5545 814 5609 p.
832 5530 861 5608 l,
879 5537 901 5591 t.
918 5531 947 5608 3,
964 5549 995 5594 n.
1020 5529 1057 5594 lt.
1075 5535 1106 5610 5,
1202 5555 1217 5591 1
1236 5536 1954 5626 111111111111111111111111111111111111-
